3796 4994
212 259 281 397 96
572 214 901 397 '‘revelationes
934 188 979 358 S
1020 261 1261 361 Gettrudir.

217 459 323 550 nulla
348 464 473 551 anima
499 487 666 547 metetur
696 469 870 575 accipere
895 465 1134 577 usquedum
1159 459 1275 574 plene
1297 484 1455 575 purgata
1476 466 1526 548 ab
1552 467 1660 548 omni

221 575 373 663 macula
401 585 542 663 intrate
561 605 752 661 mereatur
772 585 809 660 in
841 582 1022 692 gaudium
1054 582 1227 662 Domini.
1313 583 1414 660 Hinc
1437 581 1523 688 post
1554 606 1663 660 men·

218 690 320 780 seni.
359 692 450 774 dum
479 716 659 803 germana
685 688 784 775 illius
820 717 1058 788 moreretur,
1095 698 1133 774 Sc
1164 690 1377 779 Gettrudes
1410 718 1482 799 pto
1511 715 1665 774 mortua

118 848 123 860 ¹
220 801 379 901 orasset,
408 804 506 887 vidit
532 808 697 887 animam
731 813 809 910 ejus
831 809 870 887 in
900 799 994 887 loco
1018 807 1194 917 quodam
1219 799 1352 887 lucido
1383 808 1424 884 in
1447 803 1573 913 specie
1597 831 1663 886 cu·

219 920 368 1024 lusdam
396 912 647 1029 virguncula,
678 946 764 1029 quae
790 919 918 1002 rubeis
950 920 1115 1002 vestibus
1150 919 1334 1001 decentet
1364 944 1500 999 ornata
1524 914 1663 1028 sponso

222 1027 602 1143 efferpraesenranda.
665 1035 937 1144 Apparuitque
965 1033 1111 1115 ibidem
1137 1037 1242 1137 juxta
1277 1058 1360 1114 eam
1398 1036 1592 1114 Dominus
1627 1037 1665 1114 in

220 1143 347 1261 specie
373 1148 520 1250 juvenis
549 1145 678 1229 floridi
704 1173 752 1228 ex
785 1144 938 1259 singulis
971 1142 1043 1229 suis
1072 1150 1166 1257 quin
1201 1171 1251 1226 ue
1284 1141 1506 1228 vulneribus
1533 1149 1667 1228 animae

224 1265 401 1376 quinque
425 1255 548 1343 sensus
566 1254 736 1371 fingulos
765 1286 871 1343 nova
910 1255 1098 1342 suavitatis
1135 1175 1343 1341 dtlcedine
1384 1260 1599 1358 recreando
1626 1263 1665 1340 dc

186 1459 188 1462 ⁴
222 1377 327 1463 mitae
350 1370 570 1457 blanditatis
595 1369 882 1459 delectamentis
901 1371 1015 1485 ipsam
1037 1369 1285 1455 consolando.
1371 1379 1483 1455 Tunc
1507 1376 1669 1456 Gettru-

165 1522 168 1530 ·
224 1489 296 1575 des
324 1488 421 1572 dixit
442 1487 493 1570 ad
517 1488 746 1571 Dominum.
832 1488 937 1571 Cum
961 1513 1037 1569 tam
1061 1482 1204 1570 blanda
1226 1483 1423 1570 serenitate
1447 1489 1536 1569 huic
1559 1483 1667 1582 adsis,

227 1603 326 1717 quid
350 1602 417 1685 sibi
443 1595 549 1696 vult,
579 1601 691 1712 quod
716 1624 845 1685 tatnen
881 1603 1055 1684 maesliori
1092 1595 1198 1683 vultu
1235 1605 1428 1682 internum
1464 1626 1671 1712 gravamen

230 1717 460 1829 pretendit?
500 1716 550 1795 ad
575 1715 688 1824 quod
722 1716 941 1798 Dominus:
971 1717 1025 1797 Ex
1050 1717 1123 1796 hac
1143 1711 1361 1824 presentia,
1387 1713 1473 1798 citm
1492 1713 1560 1824 ipfi
1587 1739 1669 1796 tan·

226 1828 436 1915 tummodo
464 1854 559 1911 meae
592 1830 835 1911 humanitatis
852 1824 1147 1911 ,delectamenta
1183 1829 1411 1924 exhibeam,
1438 1855 1520 1909 non
1547 1828 1671 1939 potest

228 1937 347 2057 plene
370 1937 582 2035 consolati,
607 1946 700 2052 quia
720 1970 789 2052 pet
816 1969 898 2026 eam
925 1943 1084 2053 rependi
1109 1941 1176 2052 ipsi
1202 1945 1386 2023 duntaxat
1405 1937 1502 2023 illud
1525 1940 1671 2024 deside·

201 2151 202 2154 p
230 2061 330 2141 rium
357 2062 397 2139 u
418 2056 695 2155 devotionem,
718 2083 834 2167 quam
863 2058 913 2140 ad
945 2055 1152 2167 passionem
1178 2081 1302 2137 meam
1329 2061 1367 2136 in
1398 2060 1576 2137 extremis
1607 2060 1673 2136 ha·

231 2168 329 2271 buin
413 2169 496 2253 Sed
524 2170 609 2279 post
637 2170 731 2266 haec,
760 2198 846 2255 cum
878 2195 1037 2281 purgata
1064 2166 1178 2251 fuerit
1214 2170 1236 2252 a
1273 2163 1515 2279 negligentiis
1542 2192 1673 2278 praete·

230 2286 429 2483 dipsuppt,
453 2286 493 2364 in
517 2272 710 2394 ptaese‘ntia
740 2282 1008 2389 jucundissimas
1040 2284 1243 2366 divinitatis
1267 2309 1361 2366 meae
1394 2309 1477 2365 earn
1504 2281 1675 2395 perfecie

232 2423 283 2483 co
326 2427 351 2482 ο
420 2425 478 2481 or.
564 2423 573 2439 ³

239 2688 244 2697 .
346 2617 482 2710 Rursus
506 2626 550 2708 1..
575 2650 610 2724 ς.
636 2624 772 2711 012.
832 2625 938 2708 Cutn
965 2619 1094 2738 aliqua
1121 2617 1304 2708 Monialis
1329 2619 1517 2735 migrasset
1538 2652 1561 2707 e
1586 2627 1675 2719 vita,

234 2735 411 2850 sequenti
441 2741 506 2823 die
531 2745 705 2850 appatuit
731 2741 915 2823 Gettrudi
937 2734 1158 2822 mirabiliter
1182 2766 1399 2847 perornata,
1430 2760 1471 2820 ut
1500 2740 1677 2837 decebat,

237 2860 330 2966 quia
358 2878 613 2962 peromnem
642 2857 759 2936 vitam
795 2848 897 2936 suam
927 2851 1237 2935 innocentissimae
1266 2849 1511 2962 simplicitatis
1540 2850 1677 2946 suerat,

237 2971 284 3050 dr·
308 2966 359 3049 ad
387 2969 467 3050 boc
496 2971 609 3051 etiarn
641 2965 756 3051 valde
784 2965 953 3063 devota,
995 2973 1033 3048 &
1073 2972 1111 3048 in
1151 2973 1279 3076 rigore
1316 2968 1463 3048 ordinis
1505 2963 1653 3048 studius
1671 3027 1678 3047 .

229 3076 307 3189 llla
332 3105 461 3165 tamen
493 3075 642 3164 macula
679 3082 808 3165 adhuc
841 3086 881 3164 in
914 3107 960 3163 ea
979 3082 1197 3191 ‚purganda
1232 3076 1538 3190 intelligebatur,
1568 3077 1680 3191 quod

238 3199 279 3279 in
301 3194 519 3279 infirmitate
543 3195 677 3278 habuit
695 3190 835 3307 aliqua,
859 3196 1000 3308 quibus
1027 3220 1106 3277 non
1136 3195 1324 3305 indiguit,
1348 3195 1549 3306 inquibus
1575 3189 1679 3275 dele·

240 3311 413 3394 dabatur
435 3305 617 3392 videlicet
638 3315 751 3390 xenia
773 3314 813 3392 St
835 3305 1119 3392 consolationes
1140 3313 1364 3390 amicorum.
1440 3313 1530 3389 Haec
1549 3313 1681 3419 itaque

240 3418 391 3505 macula
417 3418 485 3504 tali
513 3425 638 3504 modo
667 3425 819 3534 purgari
852 3422 1151 3515 monstrabatur,
1180 3416 1320 3503 scilicet
1356 3419 1462 3531 quast
1495 3422 1608 3503 staret
1644 3427 1681 3502 in

241 3538 354 3641 janua
378 3558 514 3616 contra
533 3530 670 3617 solium
699 3543 797 3647 tegis
822 3531 965 3649 gloriae.
1047 3534 1126 3617 Sed
1152 3530 1261 3625 nullo
1289 3537 1415 3618 modo
1446 3539 1575 3642 potuit
1593 3562 1683 3646 pro·

241 3651 328 3758 pius
356 3647 581 3732 accedere..
626 3650 814 3763 Cumque
842 3646 1056 3734 Gemudes
1084 3651 1165 3756 huc
1188 3649 1324 3731 videns
1355 3674 1401 3730 ex
1428 3649 1549 3730 corde
1578 3677 1681 3734 com·

241 3755 344 3959 [iffa
365 3784 492 3844 oraret
517 3788 591 3872 pro
613 3788 672 3861 ea,
693 3763 742 3844 ab
766 3765 845 3844 hoc
864 3763 1146 3872 impedimento
1173 3762 1302 3844 divina
1326 3757 1529 3865 clementia
1546 3764 1609 3843 est
1627 3789 1681 3845 re·

306 3899 379 3958 ata.
407 3910 426 3955 r·
459 3877 550 3959 Post
583 3876 664 3961 hac
702 3881 838 3958 iterum
877 3873 951 3959 visa
987 3877 1040 3957 esi
1080 3877 1162 3956 haec
1192 3876 1305 3958 beata
1339 3886 1465 3957 anima
1505 3878 1699 3962 nondum,
1739 3899 1747 3927 ⁸

243 3983 361 4102 plene
387 3980 549 4075 liberata
575 3988 599 4074 a
624 3983 693 4073 suo
719 3989 1017 4099 impedimento.
1099 3995 1287 4101 Apparuit
1323 3994 1424 4073 enim
1461 3991 1557 4072 state
1596 4014 1683 4070 ante

272 4150 276 4159 ·
1580 4105 1681 4185 thro·
