3796 4994
228 311 322 402 188
499 388 508 408 ,
641 291 813 424 Regula
836 320 892 386 ex
915 295 960 389 S.
989 277 1197 422 Tbetefia.

221 489 348 579 malia.
407 487 546 599 Qualis
570 511 699 574 autem
718 489 857 588 fuerit,
891 495 930 575 uc
955 489 1052 605 quid
1076 493 1117 574 in
1140 512 1191 574 eo
1214 483 1352 585 fuerit,
1369 511 1449 571 non
1470 486 1567 589 vidi,
1597 483 1663 575 l'ed

221 630 371 690 tantum
403 605 483 687 vidi
511 599 794 689 multitudinem
822 601 1074 716 angelorum,
1104 605 1174 716 qui
1200 601 1432 685 videbantur
1456 602 1551 686 milri
1606 601 1663 687 ul·

224 720 395 802 chriores
418 714 498 799 aliis
515 711 675 827 angelis,
703 745 806 829 quos
828 722 909 802 vidi
928 721 968 802 in
988 714 1116 806 coelos
1145 713 1361 826 cogitabam
1384 740 1432 797 an
1454 741 1539 800 non
1579 739 1665 807 orte

225 827 343 914 silent
361 829 577 915 Cherubini
598 835 636 910 δι
658 832 870 941 seraphini.
930 824 1129 923 Gloriam,
1149 854 1268 938 quam
1297 852 1388 909 tunc
1413 821 1664 923 vidi,'-nullus

223 945 500 1054 imaginatione
529 938 672 1052 allequi
703 946 842 1052 potest,
872 947 942 1052 qui
977 967 1061 1025 eam
1083 968 1164 1022 non
1188 943 1240 1023 est
1264 964 1454 1049 expertus.
1515 940 1664 1024 Exinde

221 1056 348 1169 pudet
369 1059 531 1137 animam
555 1081 696 1151 meam,
723 1051 762 1139 lc
781 1057 985 1140 demittere
1000 1053 1053 1137 ad
1072 1048 1187 1136 ullam
1201 1079 1289 1135 rem
1304 1076 1507 1137 terrenam.
1561 1055 1663 1164 Ignis

224 1172 367 1253 amoris
392 1169 525 1262 divini,
552 1194 672 1278 quern
701 1173 740 1250 in
769 1169 930 1252 duarum
957 1170 1136 1251 horarum
1155 1167 1275 1250 ficati
1307 1170 1483 1275 concepi,
1513 1162 1661 1249 ablum-

223 1282 298 1393 pstt
315 1286 355 1363 in
380 1309 443 1362 me
471 1305 598 1362 totum
614 1303 781 1364 veterem
800 1283 1000 1365 hominem
1023 1307 1110 1364 cutn
1133 1277 1316 1363 omnibus
1332 1284 1410 1384 ejus
1429 1274 1661 1374 defectibus,

224 1417 377 1505 tepore,
402 1399 437 1473 δι
459 1389 634 1481 miseriisa
663 1397 827 1505 contigit
845 1395 952 1490 mihi,
981 1420 1023 1477 ut
1046 1393 1244 1488 Plroenici,
1274 1397 1342 1503 qui
1367 1419 1415 1474 ex
1435 1386 1508 1474 suis
1530 1392 1662 1474 cineri·

225 1508 298 1593 bus
312 1509 469 1617 resurgit
491 1533 629 1588 novus.
684 1510 740 1590 Ita
769 1511 886 1590 etiam
917 1511 1042 1591 anima
1070 1510 1109 1587 in
1137 1500 1259 1616 longe
1289 1498 1401 1588 aliam
1427 1508 1659 1599 immutatur,

223 1621 427 1706 induendo
449 1612 560 1702 aliam
580 1619 841 1732 cupiditatem,
871 1624 911 1701 dt
932 1614 1042 1702 aliam
1062 1616 1344 1711 fortitudinem,
1367 1621 1421 1701 ira
1446 1642 1595 1701 utnon
1608 1621 1661 1697 vi·

227 1736 361 1816 dentur
392 1729 466 1815 elle
494 1732 644 1815 eadem.
699 1729 959 1829 &nucleum
990 1757 1229 1833 metuerem,
1261 1757 1366 1815 meas
1393 1728 1562 1820 visiones
1591 1723 1662 1817 else

226 1874 348 1929 meras
364 1841 571 1942 illufiones,
603 1851 709 1931 Deus
733 1848 827 1930 mihi
848 1850 1023 1958 apparuit
1056 1847 1208 1932 dicenss
1246 1844 1377 1928 omnia
1403 1868 1451 1926 ea
1471 1867 1662 1943 evenuata,

226 1986 315 2072 quae
338 1983 520 2068 peterem,
549 1963 725 2043 utetiam
747 1985 879 2044 revera
900 1953 998 2044 illud
1021 1960 1163 2054 evenit,
1189 1957 1301 2068 quod
1324 1979 1416 2040 runc
1441 1961 1549 2066 petii.
1591 1957 1661 2040 Di·

226 2079 283 2155 xit
300 2069 463 2180 insuper,
480 2096 523 2153 ut
544 2073 781 2156 attenderem
804 2073 853 2154 ad
875 2072 1102 2184 quotidiana
1129 2075 1269 2153 amoris
1289 2075 1329 2153 in
1358 2096 1423 2155 me
1449 2073 1661 2153 incremen-

225 2210 284 2272 tat
325 2183 465 2265 exinde
489 2185 589 2264 enim
615 2210 680 2296 me
708 2187 974 2293 cognituram,
998 2183 1113 2299 quod
1136 2182 1313 2268 vifiones-
1331 2210 1413 2265 non
1436 2179 1509 2266 fint
1528 2179 1553 2266 al
1575 2181 1660 2265 doe·

224 2322 369 2385 mones
400 2321 480 2378 non
505 2293 676 2405 presumi
699 2295 872 2393 debere,
897 2298 1011 2408 quod
1046 2294 1127 2408 ipse
1161 2302 1203 2381 in
1230 2295 1431 2382 animabus
1464 2293 1660 2403 servotum

223 2404 380 2495 suorum
399 2430 549 2492 tantum
568 2403 702 2493 locum
720 2414 959 2520 permitteret
978 2405 1162 2498 diabolos
1191 2410 1358 2523 &quod
1376 2398 1552 2499 istebaon
1570 2432 1672 2520 pos.

221 2521 269 2608 fit
291 2522 383 2605 dare
415 2544 560 2604 tantam
590 2519 796 2607 claritatem
831 2518 1048 2608 intellectus
1083 2530 1121 2606 dt
1156 2548 1300 2608 tantam
1326 2525 1500 2633 quietem
1532 2522 1659 2606 animi.

222 2638 270 2719 Iu
295 2638 338 2718 L
359 2634 410 2716 de
428 2631 723 2719 fundationibus
741 2639 1063 2720 Monalleriorum
1078 2639 1129 2722 C.
1149 2655 1186 2729 8.
1208 2642 1279 2721 aits
1306 2640 1404 2720 Non
1428 2632 1658 2723 examinabo

223 2745 302 2844 hic,
330 2747 582 2859 quandonam
607 2743 862 2834 revelationes
886 2749 955 2833 sint
977 2749 1001 2835 ὲ
1021 2757 1130 2840 Deos
1166 2749 1208 2833 id
1225 2753 1328 2835 enim
1351 2744 1580 2853 sufficienter
1602 2742 1659 2831 io·

223 2856 388 2945 notescit
404 2885 452 2942 ex
473 2862 690 3057 icqgentibus
709 2857 837 2960 lucris,
851 2890 938 2974 qua
957 2857 1224 2975 relinquuntur
1243 2868 1282 2946 in
1301 2863 1513 2947 animabus.
1553 2859 1657 2946 Cum

222 2967 340 3059 semel
360 2970 481 3058 Conf
525 2978 621 3057 atius
647 2976 806 3087 quidam
829 2977 923 3060 mihi
940 3001 1106 3060 narraret
1125 2978 1178 3062 de
1189 2974 1492 3087 apparitionibus
1511 2979 1559 3062 B.
1574 2976 1657 3071 Vit-

222 3091 334 3203 ginis,
358 3080 471 3171 alicui
488 3083 637 3170 suarum
660 3091 933 3197 poenitentium
955 3087 1087 3191 factis,
1112 3095 1151 3173 in
1176 3089 1374 3202 quibus&
1396 3090 1499 3172 varia
1523 3085 1657 3201 praedi-

222 3201 420 3300 cebantur,
439 3226 608 3311 quorum
630 3196 759 3313 aliqua
782 3203 1034 3289 eveniebants
1061 3204 1165 3286 unde
1184 3209 1224 3284 dt
1244 3227 1378 3287 caetera
1399 3204 1535 3303 omnia
1548 3198 1657 3285 indu·

99 3324 103 3329 ’
219 3311 346 3398 bitato
373 3312 654 3410 credebantur,
686 3312 896 3425 respondi,
934 3311 1230 3426 exspectandum
1267 3314 1396 3398 adhuc
1419 3308 1659 3429 aliquamdiu

221 3422 327 3526 affe,
355 3453 405 3510 au
426 3429 641 3537 prophetiae
674 3452 808 3511 ceterae
839 3436 1060 3530 evenirent,
1090 3434 1129 3511 δι
1150 3452 1252 3540 quos
1278 3428 1545 3549 relinquerent
1571 3420 1660 3539 effe·

223 3545 332 3638 dus3
359 3539 753 3652 examinandumque,
778 3567 896 3652 quam
920 3545 1038 3626 vitam
1062 3536 1132 3631 illa
1147 3537 1310 3653 persona
1330 3541 1505 3628 duceret.
1519 3610 1549 3671 g,

221 3652 314 3736 dem
331 3647 609 3761 deprehensum
628 3655 694 3753 eil,
725 3650 833 3738 fuiile
846 3681 969 3738 meras
992 3681 1122 3768 nugas.
1179 3656 1315 3766 Itaque
1336 3659 1375 3736 δι
1393 3544 1660 3767 ipsapelgla'ass

222 3771 288 3848 cui
308 3761 410 3872 fiunt
430 3760 701 3863 revelationes,
723 3762 959 3879 aliquamdiu
977 3774 1168 3879 expectet,
1186 3791 1394 3879 antequam
1412 3793 1476 3851 eas
1499 3769 1659 3882 aperiat,

219 3900 431 3969 utcontra
457 3869 561 3960 suam
586 3881 841 3965 intentionem
866 3879 987 3990 ipsum
1015 3885 1130 3966 etiam
1167 3877 1451 3967 Confeilarium
1483 3880 1663 3995 decipiat·

221 3989 669 4121 lnLdeManlionibus
687 3988 752 4080 seu
773 3992 877 4081 Arce
902 3989 1169 4081 emmeranni
1195 4025 1233 4101 5.
1254 3995 1358 4082 ΟΛ.
1385 3999 1457 4083 ait:
1487 3992 1665 4199 Quffiduq

287 4171 585 4393 l
