3796 4994
551 202 863 350 ravennana-
893 250 937 344 s.
978 191 1220 343 camarii.
1520 270 1585 378 to

140 458 182 540 δι
210 438 449 565 ‹leprelrensa
485 454 645 536 veritate
670 472 859 535 annotare
887 448 1205 533 circumstantiam
1218 445 1428 533 nativitatis
1443 447 1592 535 Domi

140 573 234 652 nice
265 569 518 679 precipuum,
538 557 809 662 universalem,
843 566 919 647 toti
941 562 1031 646 orbi
1056 587 1206 660 notam,
1228 563 1418 673 adeoque
1439 562 1494 646 ad
1515 562 1588 649 ‹lo-

141 680 430 767 monstrandum
448 681 624 763 omnium
647 677 885 789 aptissimam,
903 703 950 759 ac
971 679 1113 761 exinde
1128 674 1237 790 quali
1255 673 1404 760 sumere
1420 702 1589 763 convet-

143 794 258 881 fionis
288 800 328 879 in
358 798 514 877 materia
546 787 762 903 Religionis
792 793 1003 902 Epocham.
1090 797 1180 874 Hoc
1207 790 1274 875 nisr
1298 786 1483 888 facerent,
1505 806 1590 877 non

142 907 518 1106 ir‘ssiliilllss
541 899 1590 1130 ltdistlrllsls‘liss‘lslsistris?

145 1142 224 1222 olet
248 1130 392 1220 summa
416 1136 565 1246 negotii
577 1048 720 1216 sgrrmnn
749 1155 963 1229 momenta,
990 1047 1134 1245 qualit
1151 1136 1293 1218 invisit
1321 1126 1420 1228 sunt,
1444 1137 1486 1216 &
1507 1133 1589 1246 pal·

142 1245 299 1363 pabilia,
322 1254 362 1331 &
385 1250 512 1358 captui
536 1251 712 1330 omniurn
742 1245 1025 1346 accomodata,
1053 1251 1093 1331 δι
1117 1245 1195 1332 fine
1213 1243 1352 1331 labore
1374 1248 1590 1359 comparari

145 1386 213 1448 aut
233 1357 369 1446 servari
398 1357 563 1474 possunt.
648 1365 773 1444 Tanta
798 1355 1028 1472 negligentia
1051 1383 1131 1445 tam
1156 1358 1371 1446 universalis
1391 1362 1431 1442 in
1458 1364 1604 1475 primis·

146 1476 376 1560 authoribus
402 1477 538 1558 nostrae
570 1471 663 1556 fidei
698 1481 802 1575 juxta
837 1478 960 1585 Leges
989 1475 1315 1587 contingentium
1342 1474 1398 1559 eli
1424 1474 1591 1560 incredi-

145 1586 246 1674 bilis.
328 1592 369 1673 Si
400 1615 497 1700 crgo
538 1590 589 1672 D.
619 1584 948 1700 chrysostomus,
985 1591 1026 1669 &
1053 1584 1117 1672 alii
1154 1594 1285 1672 Patres
1319 1614 1404 1671 non
1442 1588 1593 1675 hauno

145 1725 236 1787 runt
261 1704 372 1809 hujus
402 1700 494 1787 faeti
525 1704 725 1800 notitiam,
753 1700 980 1803 dicendum
1000 1726 1085 1788 non
1117 1697 1195 1789 eise
1226 1694 1437 1804 credibile,
1476 1701 1592 1818 qnod

148 1840 327 1902 cantent.

258 2046 398 2127 Dices:
443 2041 616 2126 Christus
645 2045 685 2126 in
709 2036 864 2150 praefata
887 2035 1124 2125 revelatione
1156 2039 1259 2124 lranc
1284 2040 1477 2127 historiam
1505 2062 1592 2129 non

149 2178 279 2247 narrat
293 2162 331 2242 S.
358 2158 544 2251 Gertrudi
567 2179 751 2267 tanquam
775 2181 934 2253 novam,
957 2153 1023 2239 sed
1046 2182 1131 2240 erm
1151 2158 1311 2239 remittit
1328 2157 1378 2239 ad
1399 2148 1595 2244 historian't

147 2265 442 2356 Ecclefiasticam
468 2269 526 2353 his
553 2271 701 2353 uerbis:
736 2278 850 2380 prout
870 2265 995 2385 legitis.
1077 2266 1246 2365 Accidit,
1277 2269 1391 2381 quod
1417 2296 1592 2357 commu·

148 2388 206 2468 nis
224 2380 569 2484 lrabeat-traditio,
598 2384 786 2466 Ovidium
813 2386 854 2464 in
882 2384 959 2494 ipsa
984 2389 1103 2467 nocie
1126 2385 1348 2467 Natiuitatis
1375 2385 1595 2469 Dominicoe

148 2495 329 2583 interiisse
359 2498 414 2581 ob
438 2498 659 2604 hujusmodi
680 2501 792 2586 virias
848 2491 1074 2688 ergondeo,
1101 2522 1234 2580 verum
1268 2491 1364 2597 csse,
1393 2495 1508 2610 quod
1526 2498 1594 2582 itta

149 2611 304 2696 historia
323 2614 397 2716 jam
418 2608 534 2693 fuerit
565 2606 699 2721 scripta
721 2633 814 2694 ante
833 2635 923 2694 reve
939 2614 1086 2694 aciones
1108 2608 1408 2698 Gertrudianasr
1434 2610 1500 2694 led
1516 2606 1594 2695 sirit

148 2720 285 2836 scripta
302 2728 344 2807 in
365 2720 670 2808 consarcinatore
686 2727 863 2809 omnium
885 2717 1125 2822 fabularum,
1144 2727 1184 2804 &
1206 2717 1367 2806 fundata
1391 2726 1430 2808 in
1457 2748 1594 2836 aperto

150 2838 374 2934 mendacio,
402 2861 468 2921 aut
486 2864 628 2920 errore.
714 2839 901 2920 Ovidium
921 2859 1051 2920 autem
1079 2829 1257 2920 interiisse
1276 2840 1317 2920 in
1345 2842 1462 2931 nocie
1484 2832 1596 2923 Neri·

151 2954 278 3035 vitatis
311 2953 532 3036 Dominicae
569 2953 720 3149 §ariter
755 2948 812 3034 eii
847 2952 1023 3061 imperita
1051 2945 1184 3037 sabula
1210 2953 1391 3035 convicia
1414 2946 1595 3063 falfirrris

150 3068 297 3148 Omnia
313 3090 408 3149 nreae
429 3060 567 3176 respon
598 3068 683 3149 onis
710 3061 884 3149 membra
903 3061 1146 3152 demonstro.

265 3288 360 3373 Dixi
392 3289 533 3400 primo.
599 3294 703 3373 Hoc'
717 3287 942 3401 figmentum
979 3295 1055 3398 jem
1087 3293 1190 3403 prius
1221 3311 1312 3375 ante
1340 3282 1602 3379 revelationes

152 3402 431 3488 Gettrudianas
452 3400 714 3515 confignatum
733 3403 842 3487 fuisse
867 3402 892 3488 i
916 3401 1221 3490 consarcinatore
1244 3409 1423 3489 omnium
1445 3401 1595 3492 fabule·

150 3539 256 3601 runt.
334 3521 410 3601 Per
433 3516 514 3600 hoc
537 3512 714 3630 intelligo
737 3514 931 3621 Jacobum
952 3517 1245 3629 devoragine,
1299 3524 1340 3603 ui
1366 3514 1507 3633 scripsit
1525 3522 1596 3605 cir·-

150 3652 356 3713 caannum
381 3645 506 3726 12⁶0,
528 3630 714 3741 adeoque
738 3652 827 3713 anre
850 3624 1106 3714 revelationes
1126 3546 1415 3717 emiliana.
1497 3636 1535 3719 Is
1555 3637 1597 3721 in

147 3734 225 3823 sua
247 3740 421 3850 Historia
443 3739 706 3840 lombardia,
732 3766 963 3838 invocatur,
989 3746 1054 3830 De
1075 3746 1289 3829 Nativitate
1319 3748 1527 3832 Dominica
1544 3746 1597 3835 iic
1721 3796 1725 3801 ·

146 3849 300 3936 habet:
336 3854 545 3943 Nativitar
577 3859 690 3941 etiam
722 3851 955 3968 manifestata
976 3852 1027 3968 est
1047 3864 1119 3970 μα’
1144 3855 1367 3957 Sodomita,
1383 3864 1448 3968 qai
1470 3885 1597 3947 omnes

143 3963 205 4049 in
237 3970 311 4051 toro
337 3965 474 4058 mando
500 3966 567 4058 illa
602 3971 707 4058 nosse
744 3971 902 4060 extitisti
927 3967 1046 4082 fimi,
1077 3968 1174 4082 ficus
1209 3967 1305 4059 licit
1334 3972 1596 4088 Hieronynrn

904 4089 997 4170 uz
1481 4084 1600 4200 mer
