3796 4994
614 194 920 369 Revelationea
953 263 1000 366 S.
1034 245 1275 363 carinae
1561 291 1666 406 109

219 469 372 592 speciali
389 473 504 561 douo
532 467 724 558 contulisti
741 469 850 565 mihi,
868 491 912 555 ut
929 470 1071 569 omnis,
1097 469 1167 584 qui
1184 493 1275 554 eum
1300 465 1408 553 bona
1427 467 1664 575 intentione,'

220 598 260 677 dt
289 583 424 677 humili
445 583 680 673 confidentia
703 584 754 670 de
772 580 951 697 profectu
972 587 1105 668 anima
1119 579 1333 668 sermonem
1355 583 1448 668 mihi
1468 612 1660 693 moveret,

220 719 421 818 nunquam
440 699 464 788 i
486 725 552 784 me
570 693 788 784 discessurus
811 695 902 781 elset
921 694 1000 783 fine
1024 694 1276 782 adificatione
1293 695 1371 781 srve
1388 695 1661 788 consolatione

217 812 409 932 spirituali.
455 898 461 903 ,
492 815 615 899 Sexto
653 809 861 896 certificasti
889 827 975 908 me,
1001 810 1117 923 quod
1141 815 1379 924 quicunque
1405 814 1447 897 in
1475 814 1659 903 charitate

216 959 292 1129 Ero
314 958 388 1033 me¹
403 927 547 1015 devota
565 921 756 1013 fidelitate
776 927 957 1023 oraverit,
981 926 1042 1008 vel
1065 928 1178 1009 etiam
1206 923 1256 1008 ad
1279 924 1568 1012 emendandum
1584 930 1657 1014 de·

236 1049 320 1144 aa,
349 1050 390 1128 δι
413 1044 646 1157 ignorantias
671 1043 899 1146 juventutis,
926 1043 1049 1123 immo
1078 1033 1229 1122 malitia
1268 1043 1308 1121 δι
1336 1041 1518 1154 nequitia
1542 1068 1657 1145 mear,

217 1159 298 1243 hoc
328 1160 496 1271 proemio
520 1175 839 1250 remuneraretur,
870 1152 984 1265 quod
1011 1177 1209 1266 nunquam
1238 1155 1341 1240 exiet
1367 1151 1419 1237 de
1442 1154 1522 1238 hoc
1540 1150 1657 1242 sacu-
1711 1184 1714 1190 ·

216 1266 273 1369 lo,
297 1297 506 1385 antequam
529 1264 597 1353 tali
624 1272 742 1379 gratia
768 1265 989 1366 donaretur,
1011 1267 1124 1379 quod
1140 1267 1293 1373 alicujus
1311 1260 1479 1378 specialis
1496 1264 1657 1354 familia·

215 1391 333 1471 ritatis
361 1382 659 1469 delectationem
687 1386 729 1464 in
757 1384 882 1464 anima
907 1378 1021 1492 ipfius
1047 1377 1161 1491 pollis
1186 1380 1346 1468 habere.
1428 1383 1500 1465 His
1527 1381 1657 1493 super-

217 1498 423 1605 addidisti,
455 1498 569 1610 quod
598 1493 738 1607 liquis
760 1496 847 1605 post
871 1493 1024 1579 obitum
1053 1519 1183 1579 meum
1212 1490 1251 1577 se
1271 1488 1388 1579 vellet
1410 1497 1656 1585 orationibus

217 1616 314 1698 meis
331 1603 523 1697 humiliter
549 1605 845 1704 commentaire,
870 1603 979 1692 illurn
1016 1602 1137 1692 velles
1154 1630 1235 1705 tam
1263 1607 1466 1721 dignanter
1491 1609 1665 1695 exaudi.

217 1751 285 1823 re,
313 1724 408 1810 licut
438 1726 607 1836 aliquem
636 1723 819 1807 exaudire
850 1717 976 1835 posses
998 1747 1068 1832 ptr
1086 1715 1240 1805 alterius
1268 1726 1512 1820 orationem,
1541 1722 1569 1808 fi
1596 1720 1650 1810 ad
1825 1832 1829 1837 ,

215 1839 484 2035 {reoperando
497 1833 672 2031 ιιιςΙιῗιι
698 1862 797 2032 ιιίιῑιιι.Ι
811 1831 946 1995 nunrili
969 1835 1184 2031 devotionae
1202 1840 1340 1947 gratias
1358 1861 1489 1950 ageret
1508 1832 1651 1970 specia-
1696 1900 1705 1925 .

215 1977 397 2177 lull
416 1976 724 2149 llnlllaril
737 1975 1298 2175 §lrrellffilplnlll
1318 1975 1653 2154 illumi:
1726 2087 1732 2101 ·

213 2182 308 2267 xisti.
397 2209 431 2284 3.
460 2177 585 2288 Quod
610 2172 841 2262 familiariter
867 2176 940 2259 tibi
963 2178 1083 2261 unisti.
1163 2211 1204 2278 4·
1241 2179 1370 2290 Quod
1390 2167 1563 2281 jucunde
1582 2180 1664 2263 ha·-

214 2292 340 2378 bitare
362 2297 402 2377 δι
421 2289 568 2378 delitias
584 2288 727 2375 habete
748 2291 925 2402 dignatus
950 2316 991 2376 es
1013 2295 1053 2375 in
1078 2293 1203 2375 anima
1225 2317 1323 2379 mea.
1381 2319 1419 2394 ι.
1448 2291 1575 2402 Quod
1590 2289 1651 2377 fe·

215 2408 337 2493 liciter
363 2402 626 2491 consummate
645 2432 708 2489 me
731 2404 908 2516 dignaris.
991 2408 1084 2488 Haec
1105 2400 1188 2488 sunt
1208 2405 1330 2503 dona,
1347 2432 1435 2519 quae
1450 2400 1488 2489 se
1506 2407 1650 2491 Domi·

214 2548 285 2607 nus
312 2522 497 2605 Gettrudi
527 2543 596 2630 pet
631 2541 754 2602 totam
786 2521 901 2601 vitam
942 2543 1143 2630 nunquam
1189 2514 1401 2605 ablaturum
1436 2523 1648 2631 promittitr
1788 2591 1791 2597 .

215 2634 326 2718 addit
346 2658 475 2723 tamen
500 2635 542 2717 L.
569 2660 606 2716 a.
626 2634 679 2716 C.
701 2656 767 2714 ar.
789 2626 827 2713 se
850 2655 896 2714 ea
917 2630 1065 2715 tantum
1086 2626 1397 2717 conservaturum
1421 2632 1555 2746 quoad
1580 2635 1650 2719 ha·

212 2749 351 2849 bitum,
378 2772 460 2832 non
481 2746 617 2858 quoad
639 2751 781 2841 adum,
810 2748 931 2829 immo
959 2770 1006 2826 ea
1026 2741 1093 2828 suo
1121 2740 1261 2829 effectu
1281 2767 1563 2859 nonnunquam
1587 2774 1652 2831 ca-

215 2863 342 2946 ritura.
431 2860 603 2949 Christus
633 2859 684 2943 ad
711 2859 947 2943 Gerttudem
970 2856 1020 2942 fic
1045 2861 1117 2942 ait:
1157 2861 1259 2943 Eece
1288 2860 1395 2946 dona
1417 2860 1488 2945 tibi
1509 2855 1650 2946 collata
1768 2900 1774 2915 ·

217 2989 280 3060 rne
299 2973 371 3059 tibi
394 2967 540 3058 illibata
563 2966 1020 3168 servaturumifromittoa
1056 2972 1099 3055 id
1116 2996 1271 3073 tamen,
1294 2975 1409 3087 quod
1429 2975 1456 3058 li
1481 2973 1537 3057 nd
1550 2997 1651 3060 tem·
1771 3065 1777 3075 ,

216 3115 288 3200 pus
304 3084 553 3198 dilpenlative
573 3084 740 3197 ipsorum
763 3085 791 3168 ι’
818 3095 943 3170 etium
972 3081 1208 3183 subtraxero,
1233 3085 1370 3201 obligo
1393 3116 1457 3171 me
1475 3088 1651 3196 postmo·
1825 3120 1830 3127 ·

216 3203 309 3285 dum
335 3195 473 3311 triplici
499 3196 611 3285 lucro
637 3201 678 3282 id
708 3195 998 3310 persoluturum.
1087 3191 1281 3284 Ad'nanc
1307 3199 1591 3313 promilsronem
1620 3202 1653 3284 i·

213 3338 339 3399 terum
359 3310 582 3426 responderi
600 3316 739 3424 potest,
761 3307 835 3399 else
854 3307 1073 3427 generalem
1095 3311 1355 3425 propenfione
1376 3315 1532 3404 amoris,
1550 3309 1653 3401 limi·

213 3450 333 3512 taram
356 3430 470 3514 tacite
491 3425 682 3541 exigendi
704 3431 865 3512 rationis
890 3433 931 3511 in
955 3420 1227 3539 pollulante&
1251 3427 1508 3515 concedente.

325 3658 375 3738 X.
422 3652 476 3741 Ι.
502 3681 539 3738 2.
564 3654 615 3738 C.
637 3680 704 3752 η.
759 3655 799 3738 8.
827 3652 1042 3739 Gertrudes
1068 3656 1286 3742 Dominum
1313 3683 1455 3770 rogans
1472 3661 1542 3743 ait:
1570 3663 1655 3746 Ro·

215 3793 288 3881 go,
310 3790 354 3850 ιιι
374 3771 597 3879 quicunque
619 3767 669 3851 ad
690 3761 845 3851 laudem
871 3771 927 3853 tui
944 3766 1139 3854 defectum
1165 3796 1294 3854 meum
1320 3767 1496 3882 supplete
1515 3768 1653 3859 uolue-
1768 3764 1783 3776 ’

215 3890 264 3965 tit
284 3885 398 3966 etiam
413 3906 494 3964 uno
516 3884 662 3992 gemitu
680 3875 742 3967 uel
764 3878 842 3967 alio
856 3888 1100 3993 quantumvis
1116 3910 1237 3992 parvo
1257 3908 1379 3996 opere
1395 3888 1438 3970 in
1458 3889 1536 3969 vita
1550 3911 1652 3982 mea,

216 3989 281 4083 rel
302 3995 391 4108 post
421 4016 590 4080 mortem
617 4019 770 4100 meam,
798 4020 841 4085 ut
860 4022 937 4110 pro
952 3993 1038 4111 ipso
1060 3993 1232 4113 suscipiar
1258 3995 1468 4111 pastionem
1502 3991 1570 4083 filii
1595 4001 1680 4082 tui·

976 4117 1015 4200 0
1047 4141 1068 4219 3
1613 4114 1655 4195 in
