3796 4994
452 397 473 423 ,
556 288 663 418 lieg.
682 273 832 382 Prac'l
853 311 912 381 ex
931 286 977 386 S.
991 211 1138 424 joaa
1159 281 1211 384 de
1234 289 1381 393 Crura.
1589 317 1689 419 2015

234 527 293 602 ne
337 486 715 603 admittantur,
774 470 865 597 aut
928 487 1151 609 assensu,
1206 496 1413 600 causant
1463 484 1693 632 ingentia·

232 640 438 747 damna.
512 634 743 763 Quando
789 633 912 739 veri)
956 635 1069 747 sunt
1105 632 1138 738 ἐι-
1170 632 1356 756 Duo,
1392 641 1597 741 causant
1630 647 1690 747 in·
1861 664 1862 668 ‘

230 790 406 889 anima
439 787 840 885 incitamentum
890 773 944 880 δι
999 772 1310 883 alacritatem
1361 776 1426 886 ad
1476 776 1683 887 bonum

229 955 287 1026 tx
323 927 436 1060 ipso
473 951 653 1028 earum
687 932 1027 1056 contemptil3
1072 944 1249 1057 Quando
1277 948 1393 1057 igitur
1420 945 1559 1030 divinae
1580 942 1682 1045 sunt,
1744 979 1748 995 ¹

227 1064 323 1150 ideo
348 1064 503 1165 dantur,
525 1087 568 1146 ur
591 1084 912 1160 contemnantur,
932 1063 972 1142 dc
1000 1060 1127 1144 anima
1144 1085 1192 1142 ex
1219 1060 1399 1157 victoria,
1426 1084 1505 1173 qua
1529 1054 1684 1173 superat
1752 1151 1756 1156 ,

226 1181 295 1264 lias
321 1175 610 1265 oblectationes
632 1171 804 1258 sensuum
829 1177 1078 1287 quantumvis
1099 1173 1261 1270 divinas,
1283 1173 1446 1258 ducatur
1465 1173 1517 1257 ad
1537 1169 1688 1266 intelli·
1719 1266 1723 1273 ,

224 1314 409 1433 portin
459 1314 588 1422 Quod
623 1291 656 1394 sr
703 1288 977 1428 aliquando
1021 1296 1076 1391 in
1112 1288 1224 1390 casu
1260 1286 1406 1394 valde
1440 1287 1553 1394 rard
1590 1289 1684 1395 ad.

223 1429 669 1551 mittendarum,
694 1431 762 1547 ,id
797 1436 911 1535 non
938 1428 1045 1549 fiat,
1080 1429 1168 1534 nist
1201 1439 1255 1532 in
1292 1435 1674 1538 circumstantiis

222 1607 313 1712 per
349 1582 491 1695 viros
537 1566 748 1692 dotlos,
783 1571 1091 1710 spirituales,
1126 1567 1180 1674 δι
1216 1597 1452 1710 expertos
1490 1573 1682 1678 eximi'e
1771 1660 1780 1677 ,

222 1717 364 1847 juxta
399 1712 602 1822 effestus
638 1710 882 1854 ptaefatos
918 1722 1220 1823 examinatis
1248 1747 1264 1836 3
1334 1743 1373 1822 δι
1416 1724 1552 1823 etiarn*
1576 1762 1671 1823 runc

221 1860 299 1945 ine
325 1861 438 1942 omni
467 1856 666 1943 'desrderio
705 1862 746 1941 dc
773 1855 912 1944 aflectu
954 1855 1006 1940 ad
1034 1882 1113 1941 cas.
1194 1859 1288 1938 Haec
1314 1848 1496 1939 notabilis
1524 1846 1673 1967 Regula¹

223 1975 257 2060 S.
282 1976 450 2078 Joannis
476 1967 502 2056 ri
524 1974 656 2059 Cruce
675 1973 726 2055 ab
745 1998 797 2056 eo
824 1972 985 2056 traditur
1007 1975 1048 2055 in
1072 1966 1232 2082 prefato
1254 1963 1371 2071 libro,
1393 1971 1438 2054 i..
1460 1997 1499 2053 2.
1525 1964 1619 2069 er
1633 1993 1669 2057 r.
1775 1982 1778 1987 '

224 2087 285 2174 rbi
305 2085 358 2169 fic
375 2085 520 2170 habet:
564 2085 639 2200 Egi
658 2089 843 2171 hactenus
866 2086 919 2171 de
948 2083 1242 2197 cognitionibus
1267 2077 1485 2168 naturaliter
1508 2076 1671 2194 acq'irifi-

225 2207 277 2304 tis,
301 2196 369 2285 hic
388 2226 503 2314 agam
531 2202 584 2285 de
607 2199 896 2314 cognitionibus
914 2193 1259 2310 supernaturaliter,
1282 2222 1450 2283 attamen
1478 2223 1560 2312 ope
1582 2178 1667 2280 sen·
1794 2232 1799 2251 =

226 2311 324 2399 irum
353 2341 603 2400 externorum
633 2316 841 2415 obtentis,
879 2309 1062 2399 videlicet
1095 2341 1166 2425 per
1201 2309 1342 2416 visum,
1369 2312 1566 2406 auditum,
1594 2339 1667 2425 gu·

227 2433 326 2532 llum,
355 2432 568 2516 odoratum
595 2434 636 2513 dc
665 2436 820 2516 tatium.
874 2422 1012 2514 Solent
1039 2433 1144 2513 enim
1170 2429 1368 2513 interdum
1396 2426 1550 2511 devorae
1576 2453 1667 2537 per·
1775 2482 1777 2486 -
1860 2478 1863 2487 ·

229 2539 319 2629 lonae
342 2541 468 2630 oeulis
489 2545 624 2628 videre
639 2548 824 2657 imagines
848 2544 1102 2642 Sanctorum,
1126 2537 1309 2656 angelos,
1336 2538 1458 2640 luces,
1481 2535 1679 2654 splendo-'
1774 2590 1779 2605 ·

230 2686 295 2748 tue
338 2659 495 2744 auribus
518 2660 681 2744 audiunt
707 2658 825 2742 verba
863 2656 1028 2746 insuerat
1063 2658 1234 2741 odoratu
1260 2657 1508 2771 quandoque
1536 2660 1662 2769 perci-

226 2777 325 2886 piunt
350 2769 581 2858 suaviliimos
615 2774 793 2863 odoresr
833 2774 944 2885 gustu
972 2768 1137 2859 sentiunt
1168 2799 1228 2855 res
1259 2770 1516 2884 saporiisrmas.
1580 2766 1664 2883 lpse

228 2892 330 2974 triam
354 2896 478 2973 tatius
519 2887 766 3001 quandoque
802 2883 1041 2972 ficafficirur
1070 2882 1300 3000 voluptate,
1330 2911 1373 2971 ur
1412 2909 1662 2999 penetrentur

226 2999 416 3101 ncdullae,
441 3006 481 3086 dc
511 3006 644 3086 omnir
670 2996 749 3086 ossa
775 3001 977 3086 videantur
1002 3028 1134 3086 natare
1161 3007 1202 3086 in
1231 3004 1326 3085 mari
1353 3001 1531 3115 quodam
1563 2994 1662 3087 deli·

225 3122 364 3205 darom.
421 3117 595 3203 Suavitas
626 3113 718 3214 illa,
751 3145 838 3232 quae
864 3115 915 3201 fic
942 3111 980 3225 se
1013 3111 1196 3201 diffundit
1225 3121 1267 3201 in
1302 3119 1436 3199 omnia
1470 3113 1660 3214 membra,
1783 3142 1789 3148 ·

220 3231 515 3345 iScriptoribus
542 3224 720 3343 mysllcis,
746 3256 910 3315 vocatur
936 3234 1115 3330 unitiva,
1144 3236 1185 3314 δι
1215 3235 1337 3315 oritur
1366 3258 1414 3316 ex
1444 3229 1663 3317 devotione

219 3345 382 3435 sensibili.
441 3342 519 3429 ilic
546 3345 850 3442 advertendum,
874 3345 990 3459 quod
1024 3343 1116 3431 licet
1149 3373 1287 3430 omnes
1314 3348 1356 3430 hi
1382 3340 1544 3430 effeetus
1565 3374 1679 3459 pos·-

214 3464 282 3551 dut
305 3465 402 3549 oriri
420 3489 472 3548 ex
494 3462 605 3557 Deo,
628 3486 829 3575 nunquam
853 3483 985 3544 tamen
1007 3463 1096 3545 tuto
1126 3464 1172 3547 iis
1202 3459 1404 3545 fidendum
1428 3461 1498 3549 elit
1531 3463 1659 3546 immo

215 3575 360 3693 proruis
374 3605 463 3662 non
479 3571 566 3660 sunt
583 3576 827 3670 admittendi,
846 3568 914 3659 sed
932 3579 1064 3688 potius
1087 3570 1259 3660 totaliter
1282 3571 1429 3684 vitandi
1447 3579 1486 3658 δι
1504 3573 1658 3692 fugien-

213 3695 248 3783 di
266 3698 361 3782 uon
378 3690 659 3788 examinando,
688 3715 815 3776 utrum
840 3688 938 3773 boni
965 3685 1028 3774 vel
1057 3685 1147 3774 mali
1174 3689 1256 3774 srnt.
1312 3695 1430 3775 Ratio
1459 3694 1526 3789 est,
1551 3695 1659 3805 quir,

215 3836 290 3899 tun
311 3810 385 3897 lint
402 3808 531 3921 magis
550 3808 701 3889 externi
719 3831 765 3888 ac
782 3809 977 3916 corporei,
999 3804 1113 3888 datur
1133 3808 1262 3895 minor
1283 3805 1491 3903 certitudo,
1515 3834 1562 3891 an
1586 3805 1659 3890 fint

213 3922 354 4022 loeo,
381 3926 448 4009 cui
470 3923 675 4033 proprium
694 3920 748 4002 est
762 3979 776 4019 ,
800 3913 840 4002 se
866 3923 1153 4005 communicare
1178 3924 1323 4003 animo.
1381 3922 1424 4003 ln
1450 3923 1517 4004 ista
1547 3946 1657 4003 com·

214 4045 462 4133 dmiratione
490 4040 645 4119 interna
673 4033 724 4118 ad
746 4034 915 4125 animam
945 4035 1059 4123 datur
1089 4039 1215 4145 major
1246 4035 1441 4142 certitudo
1465 4038 1505 4117 dc
1532 4039 1657 4136 major

285 4160 345 4255 D.
358 4156 409 4245 Ε.
422 4153 489 4241 Α.
511 4144 749 4238 deRevelat.
772 4147 925 4239 PcrsL
1214 4146 1292 4239 Cc
1492 4144 1497 4155 '
1553 4139 1657 4230 urili-
1710 4161 1749 4227 .·
