3772 4988
215 323 230 394 t
248 326 310 424 50
649 301 823 432 Regula
845 329 901 398 ex
924 304 978 402 P.
1009 292 1211 437 Castalio.

207 522 394 598 monem,
422 496 517 586 licut
551 522 601 585 ex
630 499 792 590 adverso
820 505 1054 621 nequisfimis
1091 535 1228 595 eorum
1260 500 1340 590 suas
1371 503 1484 591 Deus
1506 504 1663 592 exhibet

210 607 483 713 revelationes,
508 640 550 700 ut
571 616 623 701 de
640 624 768 731 gratiis
785 626 902 735 gratis
919 623 1017 708 datis
1034 621 1180 708 dicium
1203 625 1268 707 est.
1325 617 1480 706 Balaam
1498 627 1540 706 δι
1558 626 1665 738 Cay-

211 729 308 840 phas
334 733 637 842 prophetarunt,
662 735 701 819 S.
725 738 950 822 Vincentius
981 742 1020 821 in
1048 732 1213 823 Praeleii.
1242 738 1369 848 Spirit.
1394 733 1445 821 fic
1464 740 1541 821 ait:
1569 741 1666 825 Nor

212 841 357 931 habeas
381 872 561 960 magnam
586 850 908 935 existimationem
929 851 1137 953 vilionum‚
1158 844 1456 948 titielationum
1484 856 1523 936 ἃ
1551 878 1666 965 appa·

211 960 412 1090 titionum.
471 963 544 1046 Ista
571 964 674 1048 enirn
714 991 997 1081 nonnunquam
1024 966 1107 1052 fieri
1133 959 1259 1052 solent
1289 965 1515 1052 hominibus
1553 961 1667 1053 scele-

212 1097 314 1156 ratis.
1636 1124 1639 1129 ·

319 1216 488 1346 Regula
529 1248 609 1318 21.
657 1212 786 1319 Non
830 1215 899 1323 est
941 1238 1139 1322 certum
1174 1219 1372 1358 lignum
1407 1213 1667 1323 revelatio·

212 1359 291 1457 nis
334 1351 550 1474 divinae,
599 1357 917 1494 fipersona‚
971 1370 1051 1462 eui
1103 1357 1188 1477 fit,
1244 1391 1360 1462 eam
1407 1359 1665 1501 intelligat,

49 1629 52 1633 ,
214 1517 307 1599 aut
343 1494 697 1606 doemoniacis,
734 1501 766 1602 st
807 1532 923 1604 eam
958 1534 1068 1604 non
1106 1502 1360 1639 intelligat.
1439 1527 1542 1611 lbid.
1571 1528 1668 1610 Cer·

215 1658 300 1722 turn
327 1637 393 1732 est,
418 1639 558 1749 inquit,
582 1641 662 1725 hoc
686 1639 836 1752 signum
861 1670 943 1724 non
973 1639 1047 1727 elle
1075 1644 1334 1756 adaequatum,
1364 1669 1452 1726 curn
1489 1641 1668 1756 quando-

189 1758 297 1865 'que
336 1751 502 1834 doemon
542 1759 656 1839 etiam
701 1750 888 1868 loquatur
926 1783 1012 1840 eutn
1053 1755 1223 1871 perfecie
1259 1753 1553 1869 penetrantibus
1591 1763 1669 1855 eius

186 1863 573 1959 'manifestationess
631 1876 670 1954 be
704 1870 953 1985 quandoque
984 1875 1101 1958 DEus
1124 1869 1310 1989 loquatur
1342 1901 1412 1987 per
1439 1899 1525 1956 non
1553 1896 1671 1984 pene·

214 2001 371 2066 nantes.
497 2006 508 2029 Χ
1040 2014 1044 2020 ·

325 2121 495 2249 Regula
545 2136 623 2221 2²2.
696 2114 963 2224 Revelatio
1016 2151 1127 2226 non
1170 2119 1237 2222 est
1280 2113 1525 2225 habenda
1556 2114 1673 2220 divi·

217 2290 315 2376 na,
359 2256 567 2395 quando
606 2267 659 2361 in
698 2292 757 2373 ea
794 2270 1065 2367 intervenit
1104 2259 1412 2368 inordinatio
1458 2284 1675 2375 naturae,

218 2398 300 2509 vel
327 2401 510 2538 species
550 2400 685 2507 mall.
756 2423 859 2511 ibid.
916 2421 1067 2523 Aliam,
1103 2429 1253 2538 inquit,
1283 2415 1469 2539 assignant
1498 2419 1673 2537 tegulam

62 2574 68 2581 ·
218 2542 548 2655 chrysostomum·
567 2548 604 2625 δι
639 2544 693 2630 D.
721 2543 895 2628 Thomas
920 2569 958 2625 a.
980 2571 1017 2624 2.
1047 2548 1100 2650 Q.
1127 2570 1218 2641 ¹72·
1247 2568 1282 2628 a.
1306 2571 1341 2642 3.
1364 2543 1415 2625 C.
1445 2534 1589 2624 scilieet
1614 2566 1672 2624 re·

216 2654 455 2745 velationem
497 2686 581 2740 non
619 2655 695 2743 else
734 2658 929 2751 divinant,
969 2648 1454 2743 simaluntssimmilceatur
1482 2657 1523 2735 in
1553 2651 1672 2750 fatto.

217 2768 283 2860 vel
312 2773 455 2856 habeat
476 2767 641 2884 speciem
662 2771 768 2868 mali,
799 2795 841 2854 ut
863 2769 888 2852 st
915 2774 953 2852 in
981 2767 1099 2854 Eiiast
1129 2764 1190 2854 vel
1214 2762 1449 2855 alienatione
1465 2766 1490 2852 al
1509 2767 1674 2851 sensibus

219 2884 351 3002 aliqua
378 2889 616 2972 inordinatio
643 2913 785 2972 naturae
811 2889 1054 2982 interveniat,
1086 2910 1128 2968 ut
1154 2889 1196 2968 in
1224 2883 1441 2993 furiosis&
1471 2886 1674 2996 arreptitiis

217 3007 422 3114 contingit.
481 3004 559 3088 Ubi
590 3006 799 3107 Caietanus
834 3005 923 3083 ait:
969 2996 1168 3084 Alienatio
1203 3004 1242 3085 in
1276 2994 1486 3112 Prophetis
1517 3020 1600 3082 non
1631 2994 1674 3081 fit

217 3148 307 3207 eunt
334 3117 464 3233 aliqua
494 3119 787 3202 inordinatione
818 3115 1119 3219 honestatisaut
1148 3121 1313 3199 mentis:
1353 3114 1458 3198 unde
1480 3109 1674 3210 infert,st

214 3237 286 3323 fiat
307 3262 395 3318 cum
414 3236 637 3318 vehementi
664 3232 794 3316 cordis
823 3226 940 3332 saltu,
965 3225 1030 3314 vel
1052 3257 1140 3313 eum
1164 3230 1435 3315 denudatione
1465 3227 1677 3346 pudendo·

218 3380 318 3449 rum,
348 3377 429 3441 non
443 3354 506 3433 'est
529 3348 554 3433 ai
577 3352 720 3460 Spiritu
743 3348 899 3428 Sanno.

269 3500 274 3507 “
325 3498 492 3628 Regula
535 3529 612 3614 23·
688 3484 921 3621 Quando
953 3484 1053 3605 td,
1085 3480 1240 3623 'quod'
1272 3485 1563 3620 inspiratur,
1599 3478 1677 3587 vel

5 3654 8 3660 '
101 3739 104 3743 ,
214 3634 485 3752 revelatur,
521 3631 677 3738 habet
711 3630 969 3741 rationein
1004 3628 1124 3761 mali
1163 3627 1529 3764 dispensabilis,
1567 3656 1675 3730 non

218 3781 290 3886 est
324 3777 593 3881 universim
631 3778 659 3879 ὲ
697 3775 956 3877 doemone.
1030 3794 1129 3880 lbid.
1186 3799 1298 3877 l'atet
1329 3794 1369 3873 iu
1404 3788 1610 3886 Samlone,
1634 3793 1672 3870 δι

212 3926 258 4006 in
286 3916 419 4003 l'aniiis
444 3916 615 4002 foeminis
644 3915 868 4028 approbatis
904 3914 953 3996 ab
996 3904 1183 4006 Ecclefia,
1218 3930 1310 4020 quae
1335 3932 1388 3991 est
1424 3901 1672 4016 inspiratione

217 4037 350 4122 divina
385 4029 423 4117 se
448 4029 743 4127 interfecerunt,
779 4056 821 4113 ut
849 4035 971 4113 docet
991 4029 1031 4113 S.
1063 4026 1236 4111 Thomas
1272 4051 1308 4105 2.
1342 4048 1375 4102 a.
1406 4027 1461 4129 Q.
1491 4047 1558 4118 59·
1584 4044 1617 4102 a.
1638 4045 1674 4118 ς.

216 4151 270 4242 ad
297 4183 335 4237 a.
393 4152 663 4264 Nequaquam
691 4170 821 4230 aurem
850 4140 1040 4231 revelatio
1073 4143 1128 4226 est
1155 4166 1230 4254 pro
1256 4136 1507 4223 doemoniaot
1526 4133 1673 4332 habpn·
