3796 4994
522 252 738 382 Exempla
754 253 910 351 'struet
929 244 1190 381 difficilium}
1321 187 1325 192 ἡ
1519 268 1550 384 4
1561 290 1586 388 5

132 457 310 549 soleba‘nt
331 444 451 545 ubera
480 463 559 567 ejus
580 455 680 546 laete
704 454 969 547 intumescere.
1027 459 1218 572 Quodam
1240 456 1347 543 an‘no
1374 457 1478 545 sian'c
1501 490 1589 577 gra-¹

130 583 221 778 ιιιῗιιι
245 576 296 660 ab
320 570 463 689 angelo
489 578 558 659 suo
587 577 821 677 obtinuerat,
840 578 953 689 quod
976 575 1239 663 Confessarius
1260 572 1346 659 suus
1368 572 1428 660 lac
1444 604 1492 662 ex
1514 575 1589 665 suis

120 749 121 752 ι
186 691 315 777 eribus
338 688 503 803 sugeret,
523 686 589 773 sed
611 686 789 776 dumille
807 717 970 804 propter
991 688 1260 777 solennitatem
1282 695 1437 776 intrauit
1456 689 1591 779 Eccle·
1724 732 1727 741 ’

130 807 233 906 stam,
259 805 354 891 sicut
376 810 514 897 horam
537 808 711 890 statutam
734 832 814 889 non
838 804 1034 904 servavit,
1055 806 1106 891 fic
1134 831 1209 911 nec
1237 808 1397 917 gratiam
1423 813 1590 918 promis·
1671 910 1674 915 .

130 923 206 1035 sam
232 923 408 1038 gustavit.
467 920 651 1006 Habebat
682 926 827 1033 virgam
851 917 916 1006 seu
938 915 1141 1023 baculum,
1162 924 1232 1034 qui
1258 945 1438 1031 tempore
1455 920 1599 1021 inceu‘·‚

130 1039 185 1124 dii
215 1036 413 1144 cujusdam
432 1033 580 1120 ablatus
604 1039 670 1123 est.
726 1040 850 1141 Hujus
869 1032 966 1121 loco
985 1033 1146 1151 angelus
1166 1031 1402 1120 invisibiliter
1420 1041 1461 1121 in
1481 1033 1588 1126 lesio

129 1152 243 1267 ipsius
272 1148 451 1263 deposuit
473 1149 596 1244 aliam
621 1155 769 1263 virgam
798 1149 1004 1249 nodosam,
1032 1151 1285 1252 odoriferam,
1310 1176 1430 1264 quam
1453 1155 1590 1265 postea

131 1294 373 1381 compertum
403 1269 456 1351 est
482 1266 556 1351 esic
581 1266 839 1379 cupressinum.
903 1268 1106 1354 Post-haec
1142 1262 1303 1379 angelus
1333 1293 1446 1351 more
1472 1263 1590 1357 solito

130 1411 216 1468 eam
241 1382 420 1494 perducit
435 1382 485 1483 ad
507 1381 668 1492 paradisi
690 1382 843 1495 gaudia.
901 1383 1016 1481 lbiei
1034 1383 1205 1468 ostendit
1222 1376 1383 1494 angelus
1403 1381 1610 1473 arborem,
1667 1470 1673 1479 ,

129 1498 402 1610 cupressinum,
441 1500 547 1582 unde
581 1497 688 1611 quast
727 1503 1007 1609 precipitanter
1036 1495 1185 1612 lignum
1230 1492 1328 1582 illud
1366 1495 1587 1611 abruperat.
1728 1584 1730 1589 ,
1833 1512 1835 1517 “

128 1617 297 1728 Lignum
319 1609 417 1696 illud
444 1616 579 1726 postea
606 1641 693 1698 cum
722 1613 773 1697 ab
816 1612 1115 1699 adventantibus
1154 1611 1350 1697 videretur
1377 1616 1417 1697 δι
1447 1638 1585 1729 tange·

129 1755 248 1832 retur,
267 1729 323 1812 ob
357 1737 540 1812 artasium
572 1729 770 1834 cujusdam
792 1730 961 1812 hominis
993 1728 1114 1814 amisit
1149 1725 1407 1839 fragrantiam.
1462 1728 1584 1817 Anno

132 1865 257 1946 1428.
283 1845 439 1929 dicebat
469 1846 540 1928 suo
586 1844 758 1957 cognato
785 1838 987 1943 Nicola‘o,
1027 1850 1066 1927 δι
1091 1838 1318 1929 Confessori
1339 1838 1433 1939 suo,
1470 1846 1585 1957 quod
1715 1929 1723 1947 ,

129 1956 248 2046 vellet
274 1952 355 2043 sola
379 1987 536 2053 manere
556 1986 681 2074 usque
704 1961 755 2045 ad
784 1961 934 2044 tertiam
965 1956 1029 2044 vel
1050 1983 1227 2073 quartam
1253 1959 1341 2070 post
1365 1960 1588 2049 meridiem*

126 2077 266 2191 Iraque
290 2070 546 2177 discesserunt,
567 2071 635 2161 sed
658 2071 873 2162 Conselsor
894 2073 1078 2188 regressus
1101 2071 1440 2171 latenter-intravit
1466 2077 1585 2193 virgi-
1608 2141 1611 2145 .

124 2196 187 2276 nis
209 2185 345 2278 cellam
373 2189 424 2274 ad
442 2218 489 2274 ex
518 2185 751 2290 locandum,
781 2190 878 2303 quid
906 2196 1112 2277 circaeam
1136 2187 1258 2275 fieret.
1317 2194 1483 2275 Putanre
1507 2196 1582 2277 ita·
1749 2300 1752 2305 ἧ

127 2333 209 2421 que
231 2310 381 2421 uirgine
412 2305 450 2389 se
486 2220 605 2393 ldlam
629 2301 704 2391 esse
731 2301 915 2392 transadia
941 2302 1024 2392 fere
1055 2308 1153 2390 hora
1184 2307 1272 2418 post
1296 2307 1498 2393 meridiem
1521 2306 1589 2394 in?

126 2404 270 2535 gressus
289 2421 341 2506 ad
363 2449 449 2504 cam
472 2415 632 2535 angelus
655 2415 959 2506 circumvolabat
975 2426 1072 2506 circa
1091 2447 1178 2505 eam
1196 2417 1295 2505 infra
1308 2416 1580 2511 ledisternium
1722 2514 1725 2519 ,

125 2540 168 2621 in
193 2566 279 2653 quo
302 2537 479 2643 iacebat,
512 2536 578 2622 sed
600 2533 762 2648 amplius
793 2563 874 2621 non
902 2535 1253 2650 appropinquabat
1310 2537 1581 2649 Interrogante
1632 2576 1636 2582 ·

126 2645 206 2750 illa,
229 2681 276 2738 an
297 2654 359 2736 sua
377 2647 488 2764 culpa
514 2653 730 2751 accideret,
763 2652 875 2850 quod
905 2677 988 2736 non
1014 2654 1325 2765 appropinquet,
1356 2648 1579 2762 respondite

122 2793 405 2883 nequaquam3
431 2765 497 2851 sed
515 2793 679 2883 propter
693 2796 771 2881 ptae
786 2771 928 2866 entiam
956 2773 1049 2874 ejus,
1070 2776 1139 2881 qui
1157 2762 1316 2879 praescns
1332 2768 1387 2851 est
1411 2772 1451 2851 in
1481 2763 1580 2855 cella
1730 2814 1745 2824 *—
1882 2770 1885 2783 '

126 2887 168 2966 dr
189 2889 320 2970 nititur
344 2879 497 2979 scrutari
516 2888 689 2997 gratiam.
741 2887 859 2968 Tunc
892 2878 1106 2968 Confessor
1135 2886 1171 2967 ei
1195 2877 1309 2965 fassus
1338 2885 1404 2980 est,
1423 2879 1462 2967 se
1483 2878 1584 2979 fuis,

126 2993 167 3085 se
193 2995 428 3131 presentem.
484 3000 574 3131 Posi
593 2999 682 3130 'hoc
711 2999 995 3132 quadamtvice
1021 3022 1131 3130 rapta
1160 2998 1279 3130 estin
1308 2991 1478 3094 coelum,
1507 2998 1586 3089 ubi.

123 3115 504 3343 insilistis,
521 3114 1199 3340 ilioni?lii‘i.⁰il{0‘ilii?
1232 3108 1584 3340 sibisibi?

125 3371 210 3428 rum
236 3340 348 3456 super
371 3369 486 3467 caput
505 3367 634 3446 utum,
660 3343 775 3456 quod
807 3370 890 3429 non
922 3340 989 3426 nist
1008 3340 1154 3456 septem
1188 3342 1295 3426 horis
1320 3347 1468 3456 poterit
1503 3336 1581 3429 esse

125 3458 414 3571 superterram,
433 3461 477 3567 §c
497 3457 607 3542 trade
626 3452 724 3541 illud
750 3462 792 3543 in
815 3483 930 3544 manu
954 3455 1197 3543 Confessoris
1217 3461 1286 3556 tui,
1317 3452 1478 3553 utillud
1502 3483 1581 3570 po·

119 3600 193 3669 nat
215 3570 327 3688 supet
351 3598 465 3685 caput
479 3576 655 3687 imaginis
678 3601 786 3670 meac,
813 3600 901 3686 quar
924 3573 978 3657 est
1000 3577 1040 3656 in
1056 3569 1234 3660 Ecclesia.
1291 3561 1362 3657 His
1385 3572 1496 3657 dioiis
1516 3600 1579 3667 tes,
1627 3598 1649 3668 ᾗ
1707 3591 1736 3687 j

124 3683 230 3775 uersa
261 3688 313 3799 ad
343 3715 559 3799 corporeos
593 3683 719 3771 sensus
747 3687 912 3785 detraxit
947 3715 1065 3799 manu
1104 3686 1295 3773 sertume
1329 3684 1399 3774 suo
1437 3696 1578 3802 capite,

123 3804 238 3918 quod
261 3829 343 3888 erat
364 3797 512 3886 caerulei
539 3799 705 3899 coloris,
723 3797 929 3917 rugosum,
952 3800 1351 3916 &fragrantissimum
1406 3808 1521 3889 Tunc
1540 3810 1584 3899 i·,

122 3914 185 4032 psa
209 3925 331 4004 nodie
357 3915 453 4024 jussu
487 3911 662 4003 celeriter
697 3920 852 4003 excitati
889 3914 1008 4002 suum·
1030 3913 1333 4014 Consefforem,
1363 3943 1407 4001 ut
1435 3912 1576 4013 sertum

123 4040 350 4151 imponeret
371 4035 528 4147 imagini
549 4037 591 4125 B.
609 4038 657 4140 V.
712 4026 950 4144 Confessum
977 4029 1178 4134 causante,
1207 4033 1417 4149 quomodo
1435 4030 1578 4165 ,posset

901 4149 980 4263 Fr,
1271 4256 1274 4261 .
1436 4169 1578 4251 tnrrare
