3796 4994
356 250 362 257 .
435 328 442 335 ·
593 266 775 422 Regula
801 318 859 385 ex
878 291 922 383 S.
941 277 1151 419 Theresta.
1501 319 1600 426 ¹97
1699 256 1701 260 ’

237 499 413 631 Regula·
446 516 526 607 '‘8.
598 493 682 599 'Si
763 526 947 600 omnes
1036 487 1250 639 perieilb
1309 491 1597 636 ¹diligerent

186 632 381 887 ξξῦὺέ,
425 638 554 743 sicut
583 637 678 743 'ille
713 671 810 747 nos
848 658 1026 754 amat,
1080 668 1264 820 omnes
1300 666 1595 776 paterentur

239 998 414 1129 Regula
449 1029 498 1129 9.
572 989 694 1099 Ideo
732 988 960 1099 foeminae
995 1000 1261 1130 patiuntur
1302 991 1469 1128 plures
1507 980 1628 1101 ve-=

186 1168 214 1245 s
251 1132 444 1243 unates
482 1133 711 1254 divinas,
746 1144 865 1274 quia
903 1145 1065 1276 magis
1110 1138 1228 1238 sunt
1269 1135 1332 1239 ad
1367 1134 1472 1241 illas
1511 1137 1599 1244 dil·

186 1280 327 1383 Jsltae.
435 1306 516 1386 Has
543 1326 620 1385 tres
655 1296 821 1412 Regulus
858 1299 1023 1386 insinuat
1063 1296 1312 1413 sequentibus
1354 1295 1466 1387 locis.
1552 1307 1597 1390 ln

186 1423 314 1505 tVita
343 1418 396 1505 C.
423 1446 488 1514 ²7·
517 1424 586 1500 ait:
618 1418 785 1499 Videtur
808 1419 926 1512 mihi,
956 1418 1070 1531 quod
1102 1418 1210 1497 Deus
1238 1438 1308 1525 per
1328 1418 1519 1523 ejusmodi
1545 1422 1597 1504 E-

186 1530 255 1620 tl'es
276 1528 374 1618 velit
395 1538 533 1615 anima
555 1530 748 1644 'praebere'
762 1534 941 1614 notitiam
975 1558 1139 1624 eorum,
1161 1556 1248 1640 quae
1276 1524 1374 1613 fiunt
1407 1536 1445 1615 in
1466 1530 1595 1639 toelot

186 1674 230 1735 ut
247 1652 355 1733 enim
376 1647 433 1733 ibi
457 1643 681 1730 seinvicem
708 1639 926 1757 intelligunt
951 1638 1273 1759 intitulatione
1296 1644 1520 1749 verborum,
1543 1651 1598 1732 ita

186 1792 198 1851 :
234 1766 348 1849 Deus
379 1753 606 1874 intelligitur
634 1760 787 1871 praecisi
811 1787 881 1870 per
902 1763 1012 1856 hoc,
1037 1757 1152 1872 quod
1175 1758 1266 1840 velit
1286 1757 1456 1873 intelligi.
1516 1763 1596 1847 lbi·

186 1908 230 1969 m
252 1878 307 1965 0
329 1902 400 1981 40.
420 1881 492 1959 ait:
523 1878 626 1960 Cum
654 1871 768 1958 semel
789 1878 1015 1988 cogitarem,
1035 1900 1123 1987 quae
1145 1869 1250 1955 caula
1272 1872 1328 1967 stt,
1352 1875 1466 1987 qnod
1489 1904 1595 1983 nune

186 1994 220 2081 τὲ
246 2012 452 2105 nunquam
473 1983 635 2101 amplius
651 1984 807 2101 publice
832 1991 996 2073 habeam
1022 1985 1191 2074 Euasest
1218 1983 1391 2072 intellexi
1413 1992 1507 2075 mihi
1535 1992 1595 2076 dia·

186 2144 193 2195 t
214 2110 346 2211 Nunc
370 2133 454 2190 non
473 2098 635 2218 amplius
654 2104 695 2188 id
720 2098 985 2193 uccellariumt
1012 2114 1088 2213 jam
1115 2106 1275 2186 enimin
1299 2098 1506 2190 sufficiente
1528 2132 1596 2191 au·

186 2226 329 2313 oritate
358 2221 562 2306 constituta
593 2245 634 2304 es
663 2220 713 2303 ad
748 2245 837 2303 eum
875 2217 1019 2317 finem,
1045 2244 1164 2334 quem
1192 2219 1370 2305 intendo.
1430 2222 1597 2309 Conde-

186 2337 288 2439 tmlo
316 2334 526 2420 infirmitati
553 2336 743 2418 humana.
801 2336 865 2418 De
899 2332 1311 2420 Manstonibus'Mans.
1333 2352 1370 2420 6.
1391 2335 1442 2418 C.
1461 2370 1501 2441 4.
1523 2341 1593 2422 ait:

186 2446 400 2565 {pensatio
434 2476 521 2534 cum
544 2450 639 2532 Deo
663 2450 925 2555 meoiudicio
952 2474 1044 2533 tunc
1069 2446 1136 2545 fit,
1170 2448 1333 2560 quando
1360 2457 1495 2535 anima
1519 2458 1594 2535 im·

187 2572 258 2653 ittit
276 2562 451 2669 filiales,
479 2562 622 2677 quibus
650 2559 838 2647 alienatur
863 2558 1084 2649 isenstbus.
1140 2567 1247 2645 Nam
1273 2561 1298 2645 lt
1320 2559 1596 2701 illitrelinque'·

186 2706 246 2767 tut
263 2676 350 2765 usus
372 2678 527 2763 luorum
544 2672 738 2774 sensuum,
764 2679 939 2765 videndo
960 2674 997 2764 le
1020 2704 1099 2764 tam
1127 2680 1288 2761 vicinam
1317 2678 1453 2764 divinae'
1481 2684 1598 2786 maie·

186 2800 247 2901 tti,
284 2792 393 2880 forte
426 2787 656 2907 impollibile
692 2790 821 2890 foret,
850 2821 1007 2879 manere
1041 2798 1181 2877 vivam.
1294 2792 1444 2877 Ibidem
1479 2795 1597 2882 dicit:

186 2912 323 3022 [nando
346 2910 400 2993 de
425 2910 484 2992 his
512 2905 750 3035 mutabilibus
774 2910 874 3004 Dei,
906 2910 957 2993 de
985 2904 1157 2993 Etiasum
1186 2906 1405 3005 beneficio,
1434 2903 1598 3023 loquor‘,

186 3054 227 3121 on
248 3020 521 3139 polsum'non
553 3019 689 3106 dolete
723 3023 914 3120 videndo,
948 3048 1095 3136 quanta
1127 3023 1332 3132 perdamus
1367 3052 1413 3106 ex
1439 3029 1596 3135 proptia
1709 3076 1716 3083 -

186 3136 269 3257 tlpa.
325 3143 432 3223 Nam
452 3133 548 3221 'licet
567 3164 700 3221 verum
723 3135 779 3234 fit,
804 3137 938 3220 illaad
965 3166 1029 3221 eas
1056 3139 1250 3249 pertinere
1275 3163 1357 3235 tes,
1391 3166 1478 3251 quae
1502 3137 1598 3222 dan·

186 3282 219 3359 n,
234 3260 298 3341 cui
313 3248 396 3365 ipse
415 3246 601 3340 voluerim
631 3247 945 3352 nibilominus‚st
973 3280 1061 3337 eum
1080 3257 1133 3333 ita
1152 3278 1380 3352 amaremus,
1408 3249 1599 3363 licut³ipse
1695 3323 1706 3339 .

186 3396 219 3457 nt
240 3394 357 3465 amat,
382 3370 496 3451 daret
519 3392 565 3451 ea
591 3368 787 3452 omnibus.
857 3369 901 3449 In
926 3363 989 3450 sua
1013 3373 1103 3451 Vita
1128 3366 1179 3449 C.
1205 3394 1272 3468 40.
1292 3370 1365 3449 ait:
1409 3373 1487 3450 Has
1514 3393 1602 3481 gra·

186 3482 413 3573 ufflalum
438 3481 551 3563 Deus
572 3471 816 3593 frequentius
837 3479 962 3564 multo
984 3478 1137 3565 confert
1157 3478 1327 3565 foeminis
1351 3481 1472 3595 quim
1490 3489 1600 3574 vitist

186 3602 328 3689 :audivi
354 3599 381 3684 ai
405 3600 555 3682 Sancto
581 3599 665 3678 vito
683 3600 726 3678 P.
748 3601 864 3679 Petro
885 3598 937 3680 cle
959 3592 1192 3691 Alcautata,
1219 3602 1341 3680 immo
1369 3594 1528 3708 ipsamet
1557 3599 1601 3682 id

186 3712 346 3814 lentati,
372 3710 500 3826 quod
520 3714 559 3793 in
581 3710 653 3792 hac
675 3716 736 3792 via
768 3706 937 3794 foeminae
974 3715 1094 3822 magis
1121 3710 1338 3821 proficiant,
1361 3712 1483 3824 quim
1518 3718 1601 3796 viei’.

186 3828 413 3920 lacharad
447 3826 531 3908 hoc
547 3824 793 3937 probandum
816 3821 992 3937 praelata
1021 3850 1265 3942 argumenta,
1299 3853 1387 3937 quae
1412 3822 1519 3912 laudi
1541 3853 1605 3911 ce·

186 3948 452 4041 utfoeminis·
705 3988 710 3995 ·

836 4169 998 4301 Bb3
1459 4181 1609 4309 Reguf·
