3796 4994
100 343 103 351 ·
186 292 285 427 156
383 293 674 434 ,judicium
704 287 952 434 Bolandrjl.
988 292 1039 396 de
1061 256 1215 400 never.
1243 299 1363 405 arul.
1498 284 1501 289 ¹

180 496 506 586 indiscriminatim
529 531 574 589 ea
597 502 855 616 proferemus,
885 533 972 619 quae
1002 509 1041 590 in
1067 509 1234 619 antiquis
1253 507 1409 616 Scriptis
1431 506 1636 588 continen-

180 637 252 697 tur.
371 623 587 815 Hucusque
635 617 876 734 Anquillaria
918 619 1099 709 Praesecta
1145 627 1184 705 in
1221 624 1360 704 Domo
1402 617 1636 704 Oblatarum

181 730 327 816 Roma.
445 735 511 816 Ob
529 762 660 819 ervanr
691 737 809 821 iidem
845 740 1174 834 Continuatores,
1205 737 1319 848 quod
1353 740 1453 819 inter
1491 729 1638 817 revela-

182 849 371 929 tiones&
407 875 536 960 raptus
565 855 604 936 S.
627 848 849 947 Franciscae,
872 880 970 964 quas
996 881 1066 963 per
1088 851 1343 965 quadraginta
1367 856 1548 962 quinque
1571 877 1638 930 an·

36 990 38 996 *
183 987 257 1042 nos
281 963 431 1060 habuit,
461 989 609 1049 tantum
632 972 868 1079 reperiantur
897 962 970 1051 illa
1000 993 1219 1066 annotatur,
1247 993 1344 1078 quas
1363 972 1504 1075 primis
1531 969 1637 1046 annis

185 1076 346 1166 habuits
407 1086 512 1187 cujus
555 1085 702 1166 causam
734 1081 985 1182 arbitrantur,
1022 1081 1136 1194 quod
1172 1077 1488 1192 subsequentibus
1530 1083 1645 1163 annis,

186 1197 415 1280 recurrerint
433 1196 579 1278 eaedem
603 1195 793 1284 visioness
830 1200 904 1280 hac
938 1194 1273 1279 animaduerfion‘e
1294 1192 1379 1278 s'atis
1417 1192 1640 1290 infinuatun

187 1303 323 1418 quales
348 1305 418 1393 illae
443 1310 660 1407 videantur,
691 1339 779 1395 cum
805 1314 940 1396 DEUS
962 1339 1043 1393 non
1067 1305 1187 1394 soleat
1210 1311 1349 1395 eadem
1371 1305 1505 1392 frustra
1531 1335 1643 1421 repe·

185 1444 281 1507 rere.
390 1417 569 1507 Alterum
597 1450 734 1509 notatu
765 1426 958 1538 dignum,
996 1426 1109 1539 quod
1148 1420 1389 1538 Anquillaria
1427 1428 1485 1507 bis
1515 1423 1643 1508 verbis

48 1554 51 1558 ’
187 1537 369 1621 testatur:
428 1534 651 1622 Necessario
679 1535 974 1653 intelligendum
1010 1543 1090 1637 est,
1143 1540 1327 1652 quod'in
1358 1537 1504 1623 Enafin
1535 1520 1643 1651 rapta

88 1676 100 1688 ‘
188 1644 381 1735 Francisca
405 1649 653 1766 non'semper
672 1651 846 1738 manserit
860 1651 1080 1750 „immobilis
1098 1659 1138 1738 in
1164 1660 1303 1768 quieto
1323 1651 1487 1750 sienne,
1519 1651 1584 1738 sed
1604 1679 1645 1738 a·

187 1760 380 1879 liquando
398 1767 586 1853 movebat
610 1763 647 1853 se
671 1775 709 1853 or
731 1773 857 1854 varios
882 1777 987 1854 acius
1016 1769 1196 1864 faciebat,
1222 1797 1353 1854 earum
1375 1797 1504 1854 rerum
1525 1776 1565 1852 δι
1586 1763 1644 1852 af·

189 1877 405 1969 sessionum
435 1882 667 1996 expressrvos
695 1911 792 1998 quas
822 1883 982 1969 videbat
1007 1879 1069 1970 vel
1096 1882 1282 1969 sentiebat
1310 1888 1351 1969 in
1379 1908 1504 1997 raptu.
1570 1886 1645 1969 Sae·

75 2075 79 2079 .
190 2023 245 2108 pe
267 2001 383 2080 eriam
409 2003 572 2102 extatica
593 1994 846 2113 loquebatur,
867 2027 912 2083 ac
935 1997 1059 2085 ferme
1085 2004 1295 2101 Poitarum
1316 2027 1450 2099 more,
1473 1998 1645 2082 intercisa

193 2116 232 2194 u
257 2114 295 2201 in
319 2115 497 2225 rythmos
529 2111 777 2199 conformata
807 2117 988 2200 oratione
1024 2140 1144 2228 atque
1167 2112 1299 2199 usitata
1336 2111 1436 2199 illius
1460 2118 1645 2226 temporis

222 2223 330 2309 lrrasr.
388 2232 480 2310 Haec
496 2223 715 2313 observatio
735 2224 985 2344 Anquillaria
1002 2233 1141 2313 iterum
1161 2228 1326 2338 probat,
1344 2231 1384 2314 in
1400 2224 1645 2317 revelationi·

192 2254 556 2432 susurramine
582 2368 731 2454 partem
757 2339 930 2432 habuisse
959 2341 1186 2459 frequenter
1214 2342 1471 2456 phantasiam,
1496 2369 1540 2430 ut
1559 2370 1645 2428 con·

59 2468 72 2569 J
195 2458 309 2571 tingit
331 2459 371 2556 in
397 2452 692 2546 somniantibus.
743 2559 745 2563 ‚

328 2720 376 2814 4.
406 2682 474 2787 -In
511 2680 642 2789 Astis
679 2681 743 2788 de
778 2681 826 2790 S.
861 2681 1011 2788 Anna
1045 2670 1217 2788 Matre
1251 2632 1370 2787 DEI
1406 2702 1458 2789 ad
1491 2719 1558 2791 26.
1587 2713 1645 2813 Ju·

198 2821 241 2909 lii
269 2821 306 2934 §.
334 2856 374 2928 4.
401 2826 458 2909 N.
487 2852 558 2926 4¹·
615 2819 847 2911 Guilielmus
876 2826 1058 2937 Cuperus
1084 2821 1136 2907 fic
1161 2819 1315 2908 scribit:
1357 2826 1454 2908 Non
1487 2819 1645 2933 possum,

196 2944 296 3054 quin
322 2943 361 3024 in
381 2943 542 3051 gratiam
568 2934 886 3041 adversariorum,
909 2942 1122 3053 trigamiam
1146 2940 1186 3023 S.
1210 2939 1335 3022 Annae
1362 2938 1645 3033 adstruentium,

66 3092 91 3146 ·,
199 3051 265 3141 hic
286 3079 594 3139 commemorem
625 3078 909 3167 argumentum,
932 3056 1046 3169 quod
1068 3083 1116 3138 ex
1139 3058 1228 3140 Vita
1251 3056 1296 3138 B.
1326 3048 1481 3138 Colerae
1509 3048 1645 3137 forma·

198 3175 232 3258 ri
246 3170 390 3285 potest.
470 3168 532 3252 lbi
556 3173 659 3255 enim
684 3184 723 3254 6.
748 3171 879 3255 Martii
901 3169 953 3255 de
974 3171 1047 3256 hac
1065 3163 1231 3254 Moniali
1265 3192 1465 3251 narrantur
1491 3165 1645 3281 sequen·

199 3291 276 3371 tia:
310 3283 545 3370 Recurrebat
565 3285 608 3368 in
628 3283 755 3368 arduis
777 3279 851 3369 suis
875 3289 1043 3399 negotiis
1059 3288 1101 3367 in
1129 3282 1201 3367 suis
1224 3284 1465 3368 orationibus
1489 3283 1541 3366 ad
1564 3286 1645 3370 Sau

203 3407 303 3497 ctos,
329 3395 588 3512 singulariter,
609 3399 678 3512 qui
703 3401 959 3513 virginitatem
995 3396 1314 3486 observaverantr
1352 3423 1516 3508 propter
1542 3394 1645 3512 quod

201 3517 328 3600 minus
349 3509 412 3596 ves
436 3509 530 3598 nihil
547 3511 767 3598 recurrebat
796 3517 850 3598 ad
880 3516 920 3600 S.
939 3514 1107 3600 Annam.
1192 3520 1353 3625 Propter
1389 3511 1506 3625 quod
1542 3507 1645 3597 semel

96 3681 107 3705 t.
203 3631 240 3715 ei
262 3631 440 3741 apparuit
466 3628 505 3713 S.
519 3627 651 3714 «Anna
669 3621 796 3713 secum
815 3628 964 3714 ducens
994 3623 1099 3712 suam
1124 3651 1250 3712 totam
1278 3630 1524 3738 progeniem,
1551 3628 1645 3712 vide«

201 3738 294 3830 licet
334 3765 412 3828 tres
450 3737 548 3827 filias
579 3769 668 3827 cum
706 3736 913 3843 filiissuis,
947 3770 1114 3854 quarum
1150 3747 1272 3854 prima
1289 3738 1363 3824 fuit
1386 3745 1511 3826 Maria
1537 3766 1645 3826 mato

204 3858 367 3963 Christis
424 3852 591 3943 secunda
629 3853 708 3945 filia
751 3862 875 3946 Maria
911 3856 1054 3961 Jacobi
1090 3862 1228 3941 tenens
1269 3855 1449 3940 manibus
1488 3879 1645 3969 quatuor

25 4012 33 4026 ·
82 4044 84 4048 .
203 3968 321 4073 filios,
350 3968 533 4077 videlicet
580 3973 750 4059 acobum
780 3979 987 4071 minorem,
1016 3975 1233 4068 Simonem,
1265 3976 1304 4052 δι
1329 3972 1487 4074 judam,
1516 3976 1560 4054 δι
1587 3973 1645 4074 Jo

1 4106 4 4122 “
204 4085 300 4206 seph
322 4090 473 4203 justum.
553 3978 685 4188 leuia
718 4085 793 4180 suit
818 4091 944 4178 Maria
970 4082 1153 4186 Salome,
1182 4113 1301 4172 manu
1327 4081 1512 4172 futiliter
1526 4110 1645 4287 repen

1588 4227 1645 4286 uo
