3796 4994
405 319 407 323 «
527 258 631 384 Reg.
656 238 805 385 Prasl.
820 278 883 347 rx
902 253 1099 388 ἅψαι.
1117 253 1170 348 dr
1188 256 1331 350 ctare.
1553 281 1654 378 227
1736 400 1740 407 ⁵

217 447 465 544 dismusuums
508 454 601 540 dein
625 454 697 541 suis
718 452 1023 568 inspirationibus
1050 461 1086 542 ei
1113 451 1322 541 intellectui
1346 449 1510 570 suggerit
1541 480 1653 567 argu·

214 577 472 654 mentationes
494 575 534 653 δι
554 571 685 667 verba,
714 596 799 683 quo
822 565 955 669 efficit,
975 596 1017 654 ut
1035 571 1274 657 abducantur
1294 571 1346 654 ad
1367 567 1653 681 propositiones

216 679 474 780 utrofimiles,
493 689 534 768 δι
554 681 766 768 astutissime
790 686 1037 794 decipiantur.
1093 687 1152 767 ,Ex
1175 685 1284 768 dietis
1307 709 1427 793 patet,
1449 678 1654 767 allocutio·

217 822 281 877 nes
302 802 473 881 internas
501 798 695 881 ordinatas
724 824 793 908 per
815 798 978 897 modum
1010 792 1193 882 discursus
1221 795 1330 909 posse
1351 794 1577 908 consurgere
1606 822 1654 879 ex

217 905 356 1108 rappiprcai
376 908 505 1000 causas
535 907 714 1108 vifflliclet
731 909 913 1043 {Spiritu
932 913 1097 1108 slndg'
1119 912 1186 1043 qui
1209 939 1342 1109 prover
1358 907 1593 1106 intplleodium
1612 912 1652 990 δι

254 1049 278 1106 ι
354 1050 392 1112 tr
419 1051 468 1109 ex
488 1048 581 1108 natu
684 1052 811 1108 umine
838 1049 1017 1121 rauonts,
1106 1052 1154 1108 ex
1174 1053 1212 1108 ιι
1256 1051 1406 1110 ιιιιιοιι
1434 1051 1479 1107 us
1527 1047 1657 1113 nemo-

218 1140 282 1220 nis.
347 1133 518 1233 Difficile
552 1137 715 1250 quidem
747 1141 803 1222 est
832 1137 1012 1250 affignare
1036 1137 1142 1251 signa
1165 1055 1397 1234 inflllibilia,
1432 1137 1653 1246 exquibus

222 1251 323 1334 certi)
346 1247 531 1364 cognosci
559 1250 698 1363 possit,
728 1279 776 1334 ex
837 1279 973 1336 uanam
995 1253 1129 1336 harum
1159 1258 1272 1337 trium
1301 1250 1492 1336 causarum
1510 1246 1581 1334 illa
1598 1247 1652 1333 al·

221 1357 434 1448 locutiones
464 1370 708 1476 proveniant,
735 1280 888 1476 polllmt
903 1391 1031 1451 tamen
1052 1365 1134 1449 dati
1160 1368 1226 1449 ista
1249 1359 1449 1480 generalia.
1503 1368 1544 1449 Si
1573 1365 1654 1446 ani·

225 1503 278 1558 ιιι
292 1481 333 1560 in
354 1472 432 1562 illis
457 1474 758 1562 allocutionibus
778 1482 934 1561 internis
957 1473 1065 1561 srmul
1092 1504 1212 1576 amat,
1234 1506 1424 1591 amorque
1452 1479 1653 1587 conjungi·
1780 1468 1793 1529 7

227 1610 276 1672 tur
297 1617 388 1674 cum
417 1587 632 1676 bumilitate
654 1596 693 1674 δι
716 1597 927 1676 reverentia
948 1592 1202 1704 ergaDeum,
1230 1591 1376 1706 signum
1396 1595 1470 1689 est,
1494 1588 1654 1704 presen-

230 1722 296 1787 tem
317 1699 393 1788 else
418 1707 445 1787 S
473 1709 599 1789 iritum
624 1706 818 1788 Sanolum.
878 1707 1053 1816 Quando
1080 1707 1175 1791 vero
1202 1703 1324 1790 solum
1348 1709 1581 1820 proveniunt
1606 1731 1655 1788 ear

233 1812 376 1900 naturali
404 1735 602 1902 halrilirate
627 1844 672 1901 ac
709 1822 938 1928 operatione
973 1814 1202 1918 intellectus,
1243 1822 1369 1931 potest
1397 1821 1556 1932 quidem
1583 1844 1655 1900 vo·

235 1923 416 2047 lunttslex
445 1927 606 2015 naturali
633 1935 860 2043 cognitione
891 1929 1021 2015 talium
1056 1939 1258 2018 veritatum
1302 1961 1442 2028 amare,
1470 1933 1534 2016 sed
1568 1932 1655 2040 post

240 2038 590 2157 cmtemplationem
611 2040 790 2128 voluntas
813 2070 940 2128 manet
963 2048 1079 2145 arida,
1101 2072 1187 2130 utut
1202 2076 1281 2132 non
1304 2044 1482 2132 inclinata
1499 2046 1549 2128 ad
1575 2068 1655 2125 ma·
1696 2088 1699 2105 ι

239 2149 314 2253 lun,
340 2158 409 2241 nifi
430 2159 594 2242 doemon
620 2162 784 2242 animam
814 2159 865 2244 de
893 2186 1002 2242 novo
1035 2185 1175 2250 tentets
1220 2190 1305 2275 qua
1326 2187 1467 2248 ,tamen
1500 2157 1653 2243 ariditas

241 2292 301 2354 ιιι
318 2266 557 2385 relinquitur,
582 2270 608 2354 st
630 2268 886 2356 allocutiones
906 2274 1092 2358 ordinarat
1117 2270 1200 2360 sunt
1222 2275 1246 2360 a
1269 2277 1376 2373 Deo,
1394 2272 1524 2359 saltem
1540 2297 1654 2383 regu·

243 2381 360 2473 luiterr
388 2390 482 2498 quia
499 2412 780 2498 nonnunquam
800 2392 913 2470 etiam
942 2388 1051 2470 Deus
1081 2391 1250 2474 immittit
1272 2391 1496 2473 ariditatem.
1553 2391 1654 2467 Hinc

178 2576 180 2611 ;
240 2503 342 2582 anima
368 2527 451 2582 non
472 2495 620 2609 semper
641 2498 775 2584 sentiet
796 2501 927 2584 bonos
952 2527 1080 2584 motus
1098 2503 1149 2586 ad
1172 2507 1367 2600 virtutem,
1391 2498 1532 2586 etiamst
1557 2494 1654 2580 allo·

238 2617 390 2703 ornnes
412 2610 558 2697 fuerint
584 2612 608 2698 i
637 2616 738 2697 Deo.
797 2617 852 2696 Ex
876 2615 949 2697 hac
971 2619 1085 2726 proin
1120 2614 1227 2700 causa
1255 2614 1457 2700 difficulter
1480 2607 1654 2726 dignosci
1729 2598 1735 2605 ’
1783 2638 1789 2651 ·

242 2729 355 2832 potest,
380 2755 429 2812 an
459 2721 713 2811 allocutiones
740 2722 812 2810 illae
839 2727 910 2811 sint
935 2727 960 2813 i
990 2730 1095 2826 Deo,
1125 2727 1188 2815 vel
1216 2729 1239 2813 a
1266 2757 1410 2814 natura.
1472 2723 1653 2813 Similiter

242 2862 382 2956 quoque
404 2835 615 2923 difficulter
645 2837 797 2953 agnosci
833 2838 1007 2954 possunt,
1036 2871 1122 2956 quae
1147 2849 1382 2957 proveniunt
1406 2843 1430 2929 ὲ
1453 2844 1654 2927 doemone.

241 2948 322 3037 Nam
345 2960 522 3066 quamvis
546 2954 621 3039 ista
654 2949 875 3066 regulariter
906 2949 1145 3041 voluntatem
1175 2954 1396 3070 relinquant
1430 2955 1574 3040 aridam
1602 2948 1653 3033 ad

239 3085 388 3152 morem
415 3070 522 3164 Dei,
553 3093 713 3151 econtra
743 3094 912 3153 mentem
947 3065 1089 3155 faciant
1111 3072 1337 3183 propensam
1360 3071 1411 3155 ad
1428 3075 1653 3157 uanitatem,

235 3180 411 3292 propriam
444 3184 728 3277 aestimationem
760 3209 806 3264 ac
835 3179 1175 3293 complacentiam,
1216 3209 1497 3297 nonnunquam
1524 3204 1654 3265 tamen

178 3348 180 3353 -
235 3301 358 3379 usitat
373 3298 414 3378 in
429 3298 557 3377 anima
571 3289 699 3377 falsam
719 3289 972 3379 humilitatem
992 3323 1080 3379 curn
1103 3293 1252 3400 fervida
1267 3303 1497 3382 excitatione
1514 3289 1652 3378 volun-

224 3411 314 3506 uro,
366 3434 425 3492 ιε
442 3433 573 3491 tamen
596 3411 634 3493 in
656 3411 790 3492 amore
810 3413 971 3521 proprio
1000 3407 1160 3494 fundata
1176 3415 1247 3498 ests
1275 3417 1327 3494 ita
1348 3435 1390 3494 ut
1409 3407 1654 3523 quandoque

226 3436 438 3634 idintllligi
467 3548 511 3603 ac
534 3518 690 3605 discerni
716 3549 796 3627 non
820 3520 957 3633 polilt,
983 3522 1048 3606 nifi
1083 3523 1106 3608 a
1137 3522 1297 3636 persona
1326 3520 1439 3608 valde
1464 3513 1654 3635 spirituali.

223 3633 265 3717 ld
285 3661 412 3719 autem
438 3634 604 3718 doemon
631 3660 826 3746 operatur,
851 3661 891 3719 ut
914 3633 1097 3720 fraudem·
1116 3634 1250 3720 melius
1272 3664 1396 3750 regam
1424 3639 1513 3720 hinc
1538 3642 1575 3716 δι
1597 3638 1656 3717 lo·

210 3740 323 3849 ,letio
352 3748 548 3853 ejusmodi
571 3743 838 3835 affedionibus
856 3755 1012 3835 internis
1039 3779 1086 3834 ex
1116 3747 1237 3835 oculis
1268 3749 1406 3837 ehcere
1427 3754 1655 3846 lachrimas,
1700 3810 1704 3815 -

216 3884 257 3945 n
273 3862 414 3947 exinde
431 3857 640 3972 implantet
662 3866 796 3948 anima
828 3864 1127 3976 properrsrones‚
1151 3892 1246 3977 quas
1265 3866 1440 3975 intendit.
1492 3867 1654 3974 Semper

213 3996 340 4062 tamor
371 3973 491 4077 facit,
520 3998 564 4059 ut
597 4000 660 4060 eas
685 3969 940 4063 allocutiones
974 4003 1020 4058 ac
1047 3977 1307 4090 impressiones
1332 3981 1497 4063 internas
1526 4002 1656 4106 magor
1768 4024 1771 4029 -
1883 4034 1890 4045 .

954 4086 1017 4174 Fs
1042 4119 1064 4172 2
1564 4091 1656 4173 retu·
