3796 4994
604 337 805 438 Revelrr.
818 332 871 435 de
885 333 1073 471 Agraria.
1090 272 1298 439 Parslll.
1556 364 1656 465 451

343 523 443 644 4'82.
454 510 460 556 r
471 541 550 633 sed
566 545 783 630 devotione
797 547 840 627 B.
858 547 1025 657 Virginis
1041 523 1163 627 ‘ternu
1183 545 1391 629 doemones
1403 564 1500 665 ‘lcum
1519 537 1666 627 clamo·

221 686 277 756 re,
301 663 439 743 audito
462 657 486 765 i
506 654 586 743 sola
609 663 654 743 Β.
677 662 862 771 Virgine,
882 655 1048 770 fugiunt,
1068 652 1277 753 clamantes
1304 702 1321 722 ·
1646 676 1649 681 ·

333 792 433 879 483.
460 777 505 858 In
529 767 690 858 Oliveto
713 772 781 885 ipsr
806 777 982 884 appatuit
1003 754 1189 860 Christus.
1699 855 1705 873 ,

331 911 431 992 4⁸4.
460 895 501 972 Β.
518 891 678 1001 Virgine
692 883 844 972 reuersa
860 892 902 972 in
925 879 1182 975 coenaculum
1201 889 1339 970 iterum
1358 880 1667 972 lamentabantur

220 999 444 1102 doemones,
466 997 679 1087 clamantes
700 1047 719 1067 ·
768 1084 772 1089 .
852 1038 855 1043 ·
1642 1056 1649 1067 .
1812 1004 1849 1054 9

661 1097 667 1111 Ι

335 1134 436 1220 485.
473 1121 593 1203 Tunc·
606 1122 649 1203 Β.
671 1118 797 1227 Virgo
819 1109 1139 1227 rogarit'sdium,
1160 1137 1205 1197 ut
1227 1130 1373 1199 novam
1394 1109 1525 1228 legem
1542 1115 1666 1200 Euan-

220 1221 312 1344 gelii
328 1227 521 1317 'liberetd
544 1234 778 1315 caeremoniis
802 1234 841 1312 dr
867 1218 1051 1315 oneribui
1079 1230 1232 1316 Veteris
1251 1230 1500 1315 Testamenti.

339 1370 452 1457 486.¹
466 1363 621 1443 Frudiut
647 1359 760 1465 hujus
780 1360 968 1443 orationis
985 1354 1073 1454 fuit,
1092 1357 1209 1472 quod
1230 1357 1353 1443 statim
1377 1357 1469 1443 dein
1490 1358 1531 1440 in
1551 1356 1665 1445 Con·

222 1465 315 1554 cilio
339 1465 656 1576 jerosolimitano
680 1466 796 1557 suerit
819 1452 969 1558 abolita
996 1471 1258 1558 circumciso.
1311 1476 1462 1560 interea
1484 1466 1666 1574 Jeroson.
1713 1468 1715 1473 ·
1825 1488 1828 1493 ·
1871 1499 1876 1508 =

222 1609 327 1670 mam
346 1612 538 1687 venerunt
559 1583 699 1693 Paulus
715 1586 760 1669 'dr
783 1582 971 1680 Barnabas
990 1586 1040 1670 ad
1058 1582 1293 1673 Concilium.

338 1731 438 1818 488·
463 1715 504 1818 S,
528 1696 671 1797 Paultlt
695 1737 787 1796 tunc
803 1714 848 1795 Β.
870 1698 1180 1825 Virgini'g'ratiat
1203 1716 1282 1823 egit
1304 1710 1359 1795 ob
1386 1706 1490 1794 suam
1505 1734 1665 1794 conver·

225 1820 387 1926 fiunem,
403 1831 441 1909 dt
457 1823 729 1911 liberationem
744 1824 768 1910 a
787 1828 901 1909 variis
923 1821 1113 1938 periculis.
1169 1826 1279 1908 ldem
1301 1823 1393 1907 fecit
1411 1825 1446 1909 S.
1463 1824 1668 1913 Barnabas·

340 1980 440 2057 489·
481 1960 519 2042 S.
546 1962 695 2054 Petrus,
718 1980 762 2041 ut
783 1957 917 2068 Caput
940 1949 1126 2051 Ecclesia,
1148 1950 1356 2039 celebravit
1379 1950 1606 2038 Concilium
1629 1955 1669 2035 in

225 2071 421 2182 prasentia
446 2078 487 2156 Β.
516 2076 703 2185 Virginist
744 2075 784 2153 δι
816 2072 931 2157 dixitr
977 2070 1206 2181 Incipiamus
1233 2071 1433 2169 oratione,
1465 2073 1505 2151 δι
1525 2072 1565 2153 in
1589 2067 1669 2150 hoc

227 2189 412 2271 exercitio
433 2183 570 2269 decern
599 2183 738 2293 diebus,
754 2183 1003 2295 persistamut.
1070 2184 1203 2297 Primo
1233 2208 1362 2268 autern
1383 2188 1421 2267 dc
1447 2176 1584 2267 ultimo
1604 2181 1669 2291 dic

195 2361 200 2369 0
225 2293 436 2387 offeramus
452 2297 684 2386 Sacrificium
706 2294 822 2387 nuffar
839 2324 915 2409 pro
938 2297 1153 2403 obtinenda
1176 2290 1438 2393 illustratione.
1586 2382 1590 2395 Ι

340 2457 440 2533 490·
477 2437 519 2510 Β.
539 2434 662 2541 Virgo
684 2422 821 2517 decern
846 2421 919 2514 illia
936 2424 1075 2511 diebus
1091 2422 1296 2537 permanfit
1315 2414 1394 2511 fine
1417 2429 1509 2511 cibo
1532 2432 1571 2511 dr
1595 2454 1671 2540 po-

226 2566 282 2630 tu.
339 2547 383 2626 ln
401 2553 522 2656 prima
547 2539 657 2624 Missa
677 2538 839 2651 accepta
856 2540 1086 2622 Eucharistia
1103 2536 1177 2638 fuit
1197 2539 1448 2651 corporaliter
1466 2536 1671 2655 deportata

228 2660 270 2744 in
290 2653 457 2746 coelurnc
489 2650 649 2766 angelus
663 2657 810 2737 interea
830 2647 1019 2766 assumpfit
1035 2657 1114 2760 ejus
1126 2649 1328 2764 personam
1341 2658 1381 2739 in
1399 2678 1510 2740 terra
1563 2655 1671 2744 Post.

231 2798 350 2885 quam
373 2768 447 2854 fuit
467 2763 615 2855 clevata
640 2771 683 2851 in
705 2762 877 2849 sublimia
896 2770 1008 2879 aenis,
1026 2768 1137 2850 Deus
1163 2770 1343 2880 praecepit
1365 2764 1493 2853 adesse
1519 2765 1672 2883 Lucife-

230 2914 317 2979 tum
339 2891 381 2992 dc
399 2890 479 2991 ejus
500 2885 720 2978 cohortem,
743 2906 785 2964 ur
811 2879 967 2966 videant
985 2887 1027 2967 Β.
1048 2884 1247 2993 Virginem
1269 2886 1310 2965 iri
1331 2876 1470 2994 gloria,
1497 2886 1537 2966 dc
1558 2885 1672 2972 Chri·

233 3002 330 3085 llum
352 3005 393 3082 in
420 3007 499 3107 ejus
523 2997 658 3095 corde,
683 3023 769 3107 quo
793 2990 1057 3105 agnoscerent,
1079 2999 1120 3081 in
1141 3022 1188 3078 ea
1206 2994 1443 3081 diuinitatem
1468 2993 1543 3081 esse
1568 2995 1674 3111 quast

210 3110 436 3215 inclusam,
462 3139 506 3199 ut
531 3113 824 3222 participatione
850 3108 1064 3192 divinarum
1090 3111 1369 3221 proprietatum
1391 3136 1529 3195 orcum
1548 3104 1673 3194 humi·

230 3228 311 3314 liet.
364 3230 464 3313 Non
488 3218 641 3338 possum
666 3226 797 3307 omnia
828 3216 972 3307 referre
994 3223 1091 3307 mihi
1111 3247 1269 3308 catenus
1289 3218 1470 3310 revelata.

273 3380 276 3385 ·
352 3377 451 3451 49¹·
491 3353 603 3433 Tunc
631 3350 835 3443 audierunt
864 3347 1075 3453 doemones
1107 3377 1251 3436 vocem
1286 3372 1492 3437 exeuntem
1517 3346 1674 3438 roeo:

233 3466 334 3555 llaec
352 3459 488 3549 mulier
524 3488 700 3567 conteret
722 3487 849 3573 ⁸caput
877 3463 1084 3576 Serpentis.
1153 3494 1252 3570 492.
1279 3467 1384 3551 Dein
1408 3469 1447 3551 in
1470 3491 1678 3579 momento

239 3603 328 3661 cum
353 3575 494 3685 ejulatu
526 3572 577 3669 se,
596 3582 876 3690 praecipitarunt
902 3581 948 3679 in,
968 3604 1120 3668 orcum.
1190 3585 1237 3662 Β.
1259 3584 1381 3694 Virgo
1401 3603 1531 3666 autem
1549 3577 1679 3694 prose·

215 3768 220 3775 .
239 3692 434 3891 quebtntur
448 3688 556 3888 sunni
576 3696 648 3825 iter
664 3698 714 3793 ,in
734 3687 894 3791 coelum,
913 3691 982 3778 ubi
1001 3679 1136 3793 mansu
1144 3697 1283 3807 'uiginti
1300 3719 1471 3810 quatuor
1491 3694 1598 3780 horis
1615 3722 1681 3780 co·

237 3831 319 3890 ram
386 3833 486 3889 rono
552 3834 601 3892 et.

216 3944 240 3999 -’
277 4062 280 4067 Ι
354 3970 454 4045 494.
479 3909 672 4052 Apparuit
691 3943 730 4025 in
761 3934 868 4024 coelo
892 3934 1083 4052 templum
1114 3941 1221 4057 quali
1240 3938 1518 4055 crystallinum.
1593 3942 1688 4024 Hoc

213 4049 628 4225 octuplum-Christus·
643 4051 771 4168 lecum
795 4057 916 4141 univit
924 4053 1183 4254 iulelnailmd
1206 4057 1364 4212 tradidit
1384 4062 1426 4142 in
1446 4051 1685 4255 mlnurltalrQu
