3796 4994
629 298 829 396 nevela.
849 240 902 394 de
916 293 1104 433 Agreda.
1128 304 1242 395 Pars
1262 302 1301 401 1.
1566 335 1663 432 271

341 530 436 607 399·
459 507 503 589 B.
525 504 648 614 Virgo
673 506 714 586 in
730 499 889 587 infantia
911 494 1036 586 voluit
1054 529 1242 602 evertere,
1266 506 1305 586 δι
1323 496 1484 606 lavare3
1513 507 1665 597 &dum

219 614 289 728 ipsi
308 619 386 702 hoc
405 643 488 701 non
518 612 592 699 fuit
617 613 859 712 concessum,
880 609 1074 726 satagebat
1101 618 1182 701 hoc
1210 614 1361 715 facere,
1393 622 1555 733 quando
1582 644 1665 711 erat

214 728 318 819 solat
348 736 388 814 dc
408 754 501 815 tunc
531 724 763 840 angelicam
784 728 1030 836 adjuvabant.

208 874 214 882 ’
332 887 429 964 400.
460 866 611 942 Domus
635 864 673 944 S.
691 861 884 962 Joachimi
904 887 977 942 nec
1000 881 1080 943 erat
1099 884 1233 970 egens,
1251 885 1327 944 nec
1344 853 1535 972 locuples.
1589 868 1665 953 Po-

215 975 276 1057 tiit
299 972 469 1059 tameni
492 998 627 1070 matre,
644 996 687 1057 ut
704 972 772 1057 stbi
790 999 872 1056 non
891 971 1073 1057 darentur
1087 975 1208 1056 'vestes
1227 969 1400 1084 pretiosae
1422 1000 1489 1059 aut
1508 974 1664 1094 elegan-

214 1110 288 1185 tes,
315 1088 382 1172 led
399 1083 544 1202 grossa,
570 1083 678 1188 viles,
698 1087 858 1182 detritae,
877 1090 918 1170 de
944 1082 1054 1199 grisei
1080 1078 1224 1170 coloris
1246 1083 1309 1171 seu
1332 1090 1505 1189 cinerei,
1542 1112 1663 1205 prout

215 1226 323 1302 nunc.
339 1206 486 1316 gestant
508 1197 751 1284 moniales&
777 1195 914 1285 chre.
1505 1250 1513 1256 -
1660 1242 1668 1255 ·

332 1362 428 1436 40¹·
454 1326 671 1444 Nunquam
704 1337 784 1443 egit
806 1354 943 1416 contra
977 1325 1217 1415 voluntatem
1249 1336 1381 1417 matris
1414 1329 1506 1428 suaer
1545 1342 1584 1422 dt
1610 1338 1663 1427 lic

216 1449 332 1531 etiam
353 1451 498 1558 recepit
516 1449 651 1545 uelles,
667 1442 735 1528 suo
755 1444 948 1529 desiderio
963 1444 1102 1557 quoad
1122 1441 1299 1530 colorem
1320 1452 1361 1530 dt
1379 1444 1547 1535 formam
1563 1481 1659 1540 con·
1777 1501 1780 1505 ·

216 1558 376 1656 formes,
402 1587 448 1645 ac
467 1558 604 1645 similes
626 1556 698 1644 illis
727 1558 893 1642 vestibus
918 1561 1072 1654 votivis,
1090 1558 1234 1670 quibus
1258 1561 1369 1644 indui
1391 1557 1516 1649 solent
1536 1565 1660 1655 infan-

216 1697 275 1757 tes
297 1702 352 1812 eu
369 1697 481 1757 voto.
544 1674 631 1759 'Ad
650 1670 731 1757 suas
745 1677 995 1783 operationes
1016 1675 1128 1784 petiit
1144 1669 1458 1758 benedidionem
1477 1683 1518 1760 dc
1539 1675 1660 1769 licen·

215 1810 308 1872 tram
333 1811 512 1872 amatre.

332 1942 429 2012 402.
473 1912 668 1996 Interdum
696 1909 900 1994 secedebat
930 1856 1081 1996 leotstm
1099 1914 1143 1996 in
1169 1904 1338 2025 aliquod
1356 1911 1560 2028 templum,
1592 1917 1658 2007 vel

216 2029 257 2110 in
282 2021 515 2128 cubiculum,
537 2027 604 2110 ubi
621 2022 783 2110 solitaria
809 2027 948 2108 oravit.
1627 2050 1635 2059 ·

339 2196 435 2283 407.
476 2188 578 2273 408.
644 2146 712 2255 Ad
760 2169 881 2252 finem
928 2191 1116 2282 vergente
1159 2171 1332 2259 triennio
1373 2174 1413 2263 S.
1454 2174 1571 2260 Anna
1616 2183 1659 2279 iu
1811 2238 1815 2244 ·

217 2283 336 2368 Enafi
365 2286 513 2368 monita
539 2283 615 2383 est,
645 2307 686 2365 ut
714 2276 886 2395 expleret
928 2308 1064 2367 votum
1100 2278 1295 2370 offerendi
1334 2283 1452 2374 filiam
1486 2293 1528 2374 in
1556 2318 1657 2381 tem·

216 2394 297 2593 plo.
395 2398 504 2513 idem
542 2398 766 2481 mandatum
804 2393 876 2495 soit
913 2396 953 2481 8.
987 2396 1197 2498 Joachimo
1229 2398 1305 2508 'per
1323 2395 1507 2513 ‚aliquam
1546 2398 1658 2493 reve·
1752 2486 1756 2493 .

232 2514 439 2643 ationem
502 2537 645 2623 nempe
687 2535 731 2593 ut
778 2504 966 2593 offeratur
1002 2502 1083 2601 filia
1127 2513 1170 2593 in
1212 2507 1366 2623 templo
1406 2511 1545 2603 ultium
1590 2521 1658 2619 die

214 2650 380 2710 tttennu.

331 2779 428 2865 4134
465 2764 625 2863 ¹Omne,
658 2754 772 2868 quod
799 2755 855 2838 est
887 2759 1016 2852 Deus,
1045 2756 1087 2837 δι
1106 2778 1230 2840 omne
1258 2757 1376 2869 qood
1402 2786 1585 2873 operatur
1613 2768 1665 2857 io.

217 2876 409 2970 creaturis,
435 2878 654 2958 continetur
676 2878 718 2953 in
737 2872 881 2966 Maria,
898 2892 1089 2981 tanquam
1102 2873 1147 2954 in
1171 2871 1288 2957 Arca
1657 2902 1664 2911 ·

331 3047 429 3122 4¹4
465 3024 576 3106 Sicut
597 3019 805 3101 Arcaerat
833 3009 1039 3101 scabellum
1066 3013 1119 3098 ad
1147 3021 1486 3128 Propitiitorium,
1509 3025 1561 3104 ita
1583 3042 1665 3135 pet

216 3129 360 3222 nullam
396 3134 506 3217 aliam
534 3151 742 3221 creaturam
771 3124 986 3211 ascenditur
1020 3127 1073 3210 ad
1104 3130 1288 3212 thronum
1328 3136 1454 3241 gratiae
1484 3133 1550 3217 nist
1582 3156 1655 3246 ptr

216 3255 389 3335 Mariam.
472 3247 635 3332 Videtur
655 3271 776 3356 ergo,
797 3240 909 3353 quod
934 3234 1102 3324 tribunal
1131 3243 1272 3340 iustitie
1298 3240 1513 3329 remanserit
1546 3251 1662 3361 apud‘

219 3369 374 3449 Deums
416 3358 524 3446 sedes
548 3385 676 3442 autem
699 3352 961 3438 misericordia
977 3350 1100 3465 polita
1124 3352 1239 3438 fuerit
1262 3362 1301 3439 in
1322 3361 1473 3456 Maria,
1498 3384 1542 3444 ut
1562 3386 1659 3448 com·

217 3477 356 3561 fiducia
376 3477 605 3560 accedamus
629 3470 680 3554 ad
703 3464 807 3552 illam
833 3493 1019 3579 tanquam
1048 3470 1236 3550 thronum
1260 3475 1417 3583 gratim
1448 3477 1490 3555 dc
1518 3503 1655 3580 preces

218 3593 362 3672 nostras
380 3589 624 3700 deponamus
654 3580 868 3676 beneficia,
891 3584 1105 3690 gratim&
1128 3578 1422 3668 misericordiam
1440 3580 1663 3698 imploran'

219 3705 288 3798 do,
316 3730 403 3816 quae
425 3727 530 3786 extra
551 3702 734 3782 thronum
755 3699 881 3808 gratie
902 3699 1013 3798 hujus
1032 3688 1124 3778 coeli
1153 3695 1306 3807 Reginae
1334 3725 1418 3782 non
1432 3703 1662 3791 'ernaudiuna¹

219 3842 294 3914 tur,
317 3842 390 3900 nec
411 3813 648 3901 exsecutioni
669 3810 910 3895 mandantur.
1003 3920 1006 3925 Ι
1656 3848 1665 3869 ·

1548 4034 1664 4174 sm.
