3796 4994
270 346 372 468 386
483 325 493 345 ’
635 335 844 439 ‚aeveus
861 329 913 429 de
932 329 1119 463 Agredu
1146 337 1257 425 Pars
1279 334 1335 423 11.

64 619 67 625 ,
208 624 213 631 ,
268 549 425 632 Catena
443 541 654 623 eratetiam
673 535 822 644 provisa
839 531 1027 630 clausuris,
1055 536 1095 614 δι
1125 529 1309 616 clavibus.
1368 524 1531 640 Insuper
1560 531 1714 616 adbibe-

112 666 115 671 ’
271 659 368 743 bant
389 655 490 737 duos
508 648 646 734 crassos
674 649 800 734 funes.
854 655 945 733 Uno
976 646 1266 731 circumdabant
1290 647 1391 728 note
1414 641 1568 728 collum
1587 652 1628 727 dt
1651 673 1713 757 pe·

273 780 371 866 etus,
388 772 433 848 da
455 762 660 875 ligamenta
682 761 884 847 firmabant
910 764 1041 846 stridis
1058 758 1186 844 nodis.
1255 761 1531 855 Extremitates
1550 757 1716 843 finebant

271 878 532 998 propendere,
565 901 607 960 ut
632 875 756 986 posset
781 875 919 959 iisdem
949 878 1059 959 trahi.
1129 868 1268 957 Altero
1296 868 1390 954 sune
1421 868 1602 984 ligabant
1634 873 1716 956 bra·

273 1000 372 1090 chia,
393 1018 438 1075 ac
459 992 550 1073 dein
567 1016 656 1071 eum
679 988 1016 1072 circumducebant
1036 986 1169 1070 medio
1185 988 1381 1097 corporiss
1412 986 1715 1071 extremitatibus

270 1133 399 1196 autem
426 1105 759 1215 propendentibus
778 1101 1020 1185 attrahebant
1041 1125 1206 1211 captum.

391 1240 512 1315 1258·
550 1221 636 1299 Una
663 1242 748 1326 pars
778 1238 910 1298 turmae
942 1215 1119 1297 trahebat
1145 1212 1340 1298 Christum
1372 1208 1469 1296 fune
1499 1217 1711 1301 anteriores

271 1331 391 1420 altera
415 1333 640 1440 posteriore,
662 1334 701 1411 δι
723 1327 772 1412 stc
791 1328 993 1412 trahebant
1013 1322 1131 1438 ipsum
1157 1325 1283 1411 modo
1300 1331 1339 1408 in
1366 1323 1578 1424 sinistram,
1596 1327 1712 1411 modo

268 1453 310 1533 in
342 1447 516 1528 dextram
546 1465 704 1553 partem.
787 1445 896 1552 Saepe
922 1440 1214 1551 prosternebant
1238 1466 1328 1521 eum
1351 1445 1391 1521 in
1416 1463 1598 1540 terram,
1637 1467 1710 1554 quo

270 1560 430 1653 sadum,
449 1580 492 1640 ut
509 1551 768 1640 vulneraretur
792 1561 872 1662 ejus
901 1552 1040 1654 facies,
1065 1581 1152 1637 cum
1175 1580 1311 1638 mansu
1330 1553 1497 1638 habetet
1520 1552 1710 1669 ligatasiu

103 1770 109 1781 ,
267 1699 397 1787 tergo.
459 1762 477 1784 .

392 1809 512 1879 ¹259·
539 1773 668 1865 Semel
690 1776 844 1864 Lucifer
870 1775 996 1864 voluit
1019 1777 1257 1864 carnificibus
1278 1775 1392 1863 funes
1415 1785 1576 1892 eripere
1597 1782 1621 1868 ὲ
1639 1809 1707 1865 nra·

206 1909 210 1916 ’
273 1898 388 1985 nibus
406 1922 556 1988 torum,
584 1918 626 1977 ut
641 1891 764 2004 posset
786 1888 944 2004 ipsemet
970 1896 1161 1977 Christum
1187 1894 1361 1982 traherer
1399 1889 1469 1977 sed
1491 1899 1622 1979 Maria
1642 1897 1708 1977 hoc

274 2011 297 2097 ὲ
319 2006 389 2094 suo
405 2001 586 2090 cubiculo
614 2007 750 2089 videns
768 2009 999 2088 authoritate
1014 2012 1119 2118 regia
1140 2005 1207 2118 ipfi
1226 2009 1419 2117 pracepit,
1440 2032 1485 2108 ut
1501 2008 1707 2107 desisterem

273 2128 313 2206 ἃ
344 2125 466 2204 statim
494 2116 619 2200 fracia
647 2114 732 2199 sunt
755 2122 852 2199 vires
882 2116 992 2200 illius.
1048 2124 1185 2232 Itaque
1201 2124 1341 2202 animat
1371 2117 1470 2204 alios
1508 2121 1707 2207 doemones

272 2256 408 2317 contra
428 2232 635 2324 Christum,
657 2229 816 2313 dicensr
861 2225 997 2335 Qualis
1015 2234 1068 2314 esi
1087 2235 1150 2315 hic
1166 2236 1323 2317 homo?
1350 2280 1370 2299 ·
1426 2241 1578 2333 venite,
1596 2232 1706 2347 perle-

176 2405 181 2417 .
268 2371 435 2461 quamur
451 2338 571 2453 ipsum
596 2340 724 2426 saltem
744 2369 813 2455 pet
832 2345 981 2427 nostros
1006 2340 1164 2431 vasallos
1190 2396 1208 2413 ·
1688 2379 1691 2382 ’

391 2475 516 2541 1260.
543 2459 658 2542 More
674 2459 830 2562 judaico
843 2451 936 2542 aliis
952 2458 1100 2542 tantum
1114 2466 1171 2545 rei
1186 2464 1319 2546 mortis
1337 2461 1387 2547 fic
1405 2456 1519 2574 ligati
1538 2461 1722 2549 fisteban.

246 2597 330 2660 ‘tut
346 2572 477 2680 judici.
885 2570 891 2582 '

303 2770 308 2777 ,
391 2701 468 2768 126
478 2713 512 2786 3.
548 2684 699 2768 Interea
725 2684 775 2767 ad
809 2684 972 2768 domum
1002 2683 1408 2798 Annaepervenerunt
1436 2693 1558 2771 etiam
1584 2693 1704 2774 Penus

268 2803 310 2881 δι
328 2803 509 2898 Joannes.
565 2803 639 2879 Hrc
653 2796 763 2890 verb,
790 2824 876 2877 cum
900 2822 1015 2880 notus
1033 2797 1123 2883 esset
1144 2800 1339 2896 Pontifici,
1354 2799 1467 2884 facile
1493 2799 1571 2886 fuit
1591 2810 1703 2888 intro·

268 2905 420 2996 missust
457 2913 591 2989 Petrus
620 2909 717 2990 verb
745 2909 920 2992 temanfit
943 2908 1058 3008 sotis,
1082 2912 1212 2996 donec
1241 2919 1278 2996 δι
1306 2913 1384 3025 ipse
1404 2918 1454 2998 ad
1479 2917 1703 3002 intercessio·

265 3046 358 3106 nem
377 3023 538 3123 Joannis
560 3016 632 3102 fuit
656 3016 884 3103 intromissus
910 3022 934 3106 a
959 3026 1208 3123 Janitoribus.
1289 3029 1426 3111 Ambo
1457 3025 1500 3113 se
1536 3029 1704 3116 contule·

265 3139 415 3222 runtin
441 3136 702 3228 curritorium‚
739 3134 855 3245 quod
883 3160 963 3219 erat
991 3163 1080 3221 ante
1102 3136 1244 3223 Aulam
1275 3141 1491 3227 pontificis.
1564 3148 1626 3230 lbi
1652 3171 1703 3229 at·

266 3249 432 3332 cedebat
456 3248 506 3329 ad
526 3252 668 3358 ignem,
690 3274 806 3356 quem
842 3245 979 3332 milites
997 3253 1048 3333 ad
1069 3255 1277 3336 arcendum
1299 3251 1419 3365 frigus
1439 3259 1704 3344 accenderant.

263 3361 490 3445 Accedente
524 3383 651 3441 autem
687 3357 835 3443 ostiarii
866 3357 1026 3470 ancilla,
1065 3393 1109 3448 ac
1143 3371 1407 3477 interrogante
1428 3419 1446 3433 ·
1474 3379 1638 3484 negavit
1674 3369 1704 3455 st

267 3477 341 3555 elle
369 3465 599 3583 discipulum.
634 3473 785 3555 Christi.
899 3480 1000 3559 Dein
1027 3477 1172 3562 tectistt
1199 3507 1247 3561 cx
1276 3483 1401 3563 domo
1431 3490 1559 3569 Anuae
1584 3520 1596 3574 3
1650 3486 1704 3570 std

264 3589 305 3669 in
335 3587 458 3777 pomo
488 3586 647 3695 Caiphae
691 3589 845 3697 negavit
884 3583 992 3671 suum
1027 3595 1243 3702 magistrum
1278 3599 1414 3678 iterum
1445 3599 1610 3687 duabus
1636 3598 1705 3686 aliis

262 3724 337 3785 vscr
367 3724 421 3780 us.
493 3782 497 3788 ,
1300 3782 1307 3795 .
1617 3793 1621 3798 ,

240 3820 256 3838 ·
393 3824 513 3908 1264.
539 3813 834 3918 Quamprimum
859 3819 898 3895 B.
926 3821 1046 3925 Virgo
1066 3815 1089 3898 ὃ
1108 3815 1177 3900 suo
1198 3817 1377 3903 cubiculo
1400 3826 1506 3909 vidit
1535 3834 1702 3942 negatio

264 3948 354 4007 nem
370 3926 486 4017 Petri,
511 3949 592 4004 non
616 3923 757 4005 destitit
783 3923 994 4010 lachrimari
1020 3934 1057 4009 δι
1082 3956 1223 4036 rogare
1243 3935 1437 4018 Christum
1462 3947 1505 4024 in
1535 3940 1609 4028 suo
1630 3972 1698 4027 cor·

265 4035 319 4119 de
345 4033 567 4120 asservatum
593 4034 660 4119 sub
687 4032 883 4148 speciebus
919 4041 1177 4125 Eucharislicis
1209 4073 1285 4157 pro
1307 4043 1409 4146 illo,
1440 4078 1489 4137 ut
1515 4057 1700 4142 obtineret

1561 4180 1696 4260 ventam
