3690 4988
580 253 583 257 ¹
666 283 840 422 Regula
869 310 927 380 ex
952 206 1007 383 P..
1035 280 1219 415 Thyraeo.
1294 214 1298 247 Ι
1377 298 1387 314 ”
1487 404 1518 437 ,1
1565 293 1667 425 167

311 489 492 623 Regult
527 520 573 592 2.
646 482 809 625 Quod
845 490 1042 612 somnia
1075 493 1171 598 srnt
1209 491 1240 598 ὲ
1275 487 1455 611 DEO,
1491 526 1552 605 ex
1587 492 1667 606 his

209 623 401 735 indiciis
436 630 673 768 cognosci
708 635 891 767 potest.
967 689 1005 744 r.
1046 662 1111 744 Ex,
1145 684 1271 743 rerum
1310 660 1564 758 conditione,
1608 675 1683 749 ut:
1736 672 1748 694 “

202 795 299 883 pote
326 767 490 872 talium,
508 797 608 884 vquac
636 770 660 858 ὲ
687 768 773 859 solo
808 780 900 860 Deo
933 769 1015 859 sciri
1050 770 1227 885 possunts
1269 770 1405 888 quales
1433 773 1518 860 sunt
1535 773 1666 862 futura

201 888 486 999 contingentia,
509 911 647 971 areana
675 889 867 991 cordium,
894 883 970 974 altu
986 888 1079 976 fidei
1101 891 1288 1000 mysteria.
1345 919 1383 974 a.
1412 893 1470 975 Ex
1492 894 1667 978 interiori

200 1005 397 1101 motione,
426 1024 520 1114 puta
547 1029 596 1086 ex
623 997 801 1117 singulari
831 1009 972 1089 mentis
995 997 1279 1088 illuminatione
1307 1007 1347 1085 &
1376 1008 1662 1110 commotione,

197 1140 276 1227 qua
302 1117 423 1200 Deru
443 1114 496 1201 fic
516 1141 688 1202 mentem
715 1112 905 1204 illuminat
932 1123 973 1202 &
996 1114 1143 1215 afficit,
1172 1142 1215 1219 ut
1239 1114 1439 1231 perspicue
1464 1112 1663 1234 agnoscat,

195 1229 406 1316 authorem
424 1226 562 1317 somnii
581 1229 656 1316 eise
684 1234 832 1332 Deum,
861 1261 1000 1319 necea
1022 1233 1074 1317 de
1091 1260 1133 1317 re
1150 1224 1341 1316 ullatenus
1365 1233 1545 1318 dubitare
1568 1260 1664 1347 poc·

195 1342 247 1429 stt.
307 1349 368 1429 lta
389 1346 573 1457 Thyraeus
594 1350 639 1435 L.
657 1348 749 1435 CC.
771 1350 821 1445 C.
846 1376 911 1450 ¹4·
966 1347 1046 1433 Sed
1079 1351 1218 1431 notitia
1250 1344 1469 1460 defuturis
1502 1353 1666 1433 contin·¹

197 1459 396 1570 gentibue,
428 1463 469 1542 δι
497 1458 549 1545 de
568 1458 714 1546 arcanis
741 1462 918 1549 cordium
941 1464 995 1547 est
1013 1461 1161 1576 fignum
1180 1465 1383 1562 incertum,
1412 1485 1457 1549 ut
1480 1485 1588 1576 patet
1610 1489 1661 1559 cx
1817 1521 1830 1542 t

194 1568 352 1689 tegulis
376 1573 401 1661 i
423 1576 462 1660 S.
487 1574 704 1694 Augustino
723 1572 833 1691 supra
856 1578 1019 1664 traditis.
1047 1661 1053 1666 .
1746 1592 1749 1607 ’

299 1764 472 1896 Regula
525 1794 570 1886 3.
640 1757 770 1865 Non
806 1758 876 1864 est
909 1760 1112 1901 signum
1155 1777 1357 1869 certum
1391 1756 1654 1940 revelatio}
1770 1770 1824 1854 ὓ

194 1910 270 2009 nis
339 1906 522 2010 divinae
597 1953 633 2013 r.
661 1931 798 2013 Forma
824 1928 1057 2036 apparentis.
1129 1953 1167 2009 2.
1195 1926 1287 2011 Nec
1323 1930 1494 2035 majestas
1524 1957 1653 2024 rerum
1783 1926 1828 1989 A

192 2047 384 2159 muium,
412 2069 500 2158 quat
522 2043 758 2130 revelanturr
802 2043 895 2155 quia
917 2043 1034 2125 etiarn
1058 2025 1268 2126 doemonts
1292 2041 1345 2127 de
1363 2038 1543 2129 altissimis
1566 2048 1653 2158 mp-¹
1777 2056 1782 2071 ’

191 2159 312 2244 lleriit
338 2150 538 2274 religionis
561 2153 719 2271 possunt
741 2157 938 2241 instituere
960 2150 1188 2241 sermonem.
1263 2185 1298 2259 ς.
1325 2159 1417 2244 Nec
1454 2156 1543 2243 finis
1572 2160 1648 2253 bo÷
1812 2243 1817 2253 ,

189 2299 276 2360 nus.
336 2276 443 2388 Quia
468 2276 586 2360 etiarn
607 2270 631 2360 ai
652 2272 846 2359 doemone
865 2272 995 2384 potest
1018 2297 1079 2356 res
1108 2266 1178 2356 sub
1210 2266 1337 2384 specie
1371 2271 1471 2359 boni
1496 2301 1650 2388 propo·
1754 2282 1757 2287 ’

188 2391 242 2475 ni.
301 2418 346 2491 4.
371 2390 465 2475 Nec
491 2390 720 2474 contestatio
749 2381 872 2486 illius,
944 2389 983 2470 ui
1011 2413 1032 2470 a
1063 2410 1192 2500 paret,
1222 2381 1476 2488 asseverantis,
1494 2385 1546 2475 se
1574 2386 1650 2479 else

187 2501 338 2590 Deum.
374 2533 435 2609 ις.
463 2506 555 2592 Nec
577 2502 721 2587 modus
747 2494 886 2615 aliquis
912 2414 1107 2614 specialis,
1138 2527 1223 2613 quo
1255 2505 1296 2585 in
1315 2504 1446 2585 animo
1475 2499 1667 2591 afficiunn

184 2640 263 2719 tur,
291 2619 365 2733 qui
390 2621 581 2731 accipiunt
616 2611 921 2704 revelationemt
951 2642 1042 2701 cum
1066 2639 1148 2698 non
1170 2639 1375 2729 appareat,
1395 2641 1461 2701 cur
1479 2615 1660 2715 doemon¹

188 2727 296 2818 illum
321 2728 524 2850 specialem
550 2733 714 2818 modum
738 2734 933 2816 inanimo
960 2757 1045 2817 non
1067 2727 1180 2843 poffit
1204 2756 1423 2842 procurare.
1484 2747 1522 2817 6.
1552 2736 1645 2821 Nec

189 2873 314 2932 tetum
342 2873 540 2950 eventus,
574 2853 668 2962 quia
700 2846 867 2931 doemon
892 2848 1021 2956 potest
1055 2844 1261 2932 hominum
1289 2845 1485 2964 mentibus
1512 2845 1560 2933 ali
1595 2876 1645 2935 ua

189 2955 403 3076 suggerere,
419 2990 509 3074 quac
529 2957 596 3047 ille
615 2959 695 3075 ipse
716 2960 836 3045 suavi
859 2962 913 3045 est
933 2955 1151 3045 effellurus.
1212 2989 1252 3061 7.
1275 2965 1366 3055 Nec
1388 2877 1641 3051 sanctitaslo·

193 3082 297 3173 elin
321 3084 408 3194 quo
422 3078 480 3162 fit.
541 3099 579 3175 8.
602 3081 694 3164 Nec
719 3071 929 3190 specierum
951 3099 1151 3189 nunquam
1180 3084 1292 3161 antea
1319 3076 1552 3174 habitarum,
1577 3102 1644 3165 aut

192 3184 339 3277 luntinis
373 3195 540 3278 novitas.
598 3224 637 3295 9·
664 3195 755 3281 Nec
789 3185 986 3305 singularis
1013 3192 1131 3276 animi
1165 3196 1403 3306 praepatatio.
1462 3189 1573 3278 ldem
1597 3199 1643 3284 l..

196 3302 565 3408 uomere.

142 3484 147 3597 l
287 3485 459 3619 Regula
512 3515 562 3610 4.
633 3476 824 3586 Indicia
892 3478 1211 3588 revelationis
1285 3475 1484 3588 divina>
1524 3482 1641 3590 sunt

142 3602 156 3689 ⁵.
206 3642 234 3701 n
253 3622 444 3707 Excitatio
477 3613 649 3733 specialia
678 3625 810 3706 animi.
881 3650 918 3707 a.
946 3623 1073 3735 Sapor
1096 3613 1280 3734 specialis.
1339 3650 1377 3725 3.
1405 3620 1642 3710 illuminatio

206 3724 371 3842 ιριιίιῙίι,
408 3761 499 3849 que
523 3745 607 3818 non
632 3718 756 3820 solum
779 3734 993 3822 manifestat
1017 3732 1116 3821 clare
1139 3741 1196 3822 rei
1216 3731 1398 3824 revelatae
1421 3735 1641 3854 intelligen-

210 3847 277 3934 tiam
298 3849 375 3937 sed-
389 3856 428 3934 ἃ
450 3845 573 3964 ipsum
595 3845 844 3965 loquentem,
874 3849 968 3936 ficut
990 3878 1070 3935 vox
1088 3848 1289 3966 loquentis
1312 3877 1523 3968 utrumque
1555 3881 1641 3940 ma·
1738 3851 1741 3860 ’

211 3959 341 4050 uiftstat.
398 3968 537 4050 Priora
556 3963 639 4049 duo
657 3966 800 4050 indicia
826 3989 910 4051 non
930 3993 1167 4051 concurrunt
1187 3971 1230 4051 in
1252 3973 1362 4054 omni
1381 3963 1639 4070 revelatione,

215 4082 344 4169 nume
369 4074 652 4196 publicamad
679 4078 885 4170 utilitatem
909 4077 1033 4180 facias
1064 4083 1221 4169 tertium
1251 4108 1380 4171 autem
1409 4078 1547 4171 melius
1569 4084 1638 4215 eil,

1514 4219 1638 4282 maar-
