3796 4994
212 361 281 434 aa
678 326 852 459 Regula
865 350 938 422 'ex
962 317 1185 423 Patribus.

212 556 341 639 „ante
361 524 502 615 oculos
525 528 679 613 nostros
708 531 895 632 reddere,
925 534 1150 644 priusquam
1184 553 1372 642 quantum
1405 523 1474 612 fibi
1509 517 1670 607 allatum

219 643 379 752 „ellct,
407 641 561 729 inobis
581 640 768 730 audiisset.
882 646 995 751 Quid
1019 645 1132 759 qnod
1155 642 1410 729 doeiiliimum
1431 647 1471 724 δι
1504 635 1672 724 Clarilli·

223 790 371 867 „mum
392 765 515 843 virum
547 754 786 843 Flaccianum
818 765 944 845 mirari
966 760 1035 844 abs
1058 784 1098 843 te
1122 761 1366 871 accepimus?
1395 762 1477 870 Qui
1503 783 1591 837 cum
1620 753 1672 836 de

224 874 585 987 „fundo‘emcndo
604 873 697 958 ellct
715 872 892 972 locutus,
922 877 974 958 ad
991 870 1097 957 illum
1119 875 1293 958 divinum
1319 901 1400 967 rem
1424 882 1477 955 ita
1508 870 1671 968 detulit,

136 1053 137 1056 a
224 991 431 1103 „utquid
457 987 610 1101 egisset‚
641 989 797 1103 srporis
819 981 930 1086 cllet,
965 993 1154 1076 ediceretr
1185 1016 1306 1102 atque
1343 985 1409 1072 ille
1436 990 1559 1070 statim
1589 1010 1674 1065 non

226 1100 393 1209 „modo
414 1108 561 1218 negotii
590 1132 736 1218 genus,
766 1102 832 1187 sed
857 1109 971 1208 eriam
992 1102 1115 1216 ipsum
1137 1101 1251 1187 fundi
1279 1133 1425 1189 nomen
1446 1107 1674 1215 pronuntia·

227 1216 345 1327 ,''‚vit,
378 1245 467 1302 cum
491 1221 544 1301 ita
565 1217 657 1304 cllet
679 1216 885 1304 absurdum
898 1277 927 1331 ,·
941 1245 985 1303 ut
1004 1221 1068 1300 vix
1092 1225 1173 1325 ejus
1192 1216 1411 1303 Flaccianus
1435 1216 1515 1332 ipse
1535 1224 1676 1304 memi-

134 1439 138 1445 ‚
228 1330 388 1442 „niffen
475 1336 562 1437 Jnm
580 1329 677 1418 illud
703 1333 781 1418 stne
802 1337 958 1445 stupore
984 1337 1100 1417 animi
1126 1363 1208 1418 non
1237 1361 1346 1446 queo
1380 1333 1532 1431 dicere,
1562 1333 1677 1447 quod

227 1509 258 1556 ‚‚
274 1458 402 1533 amico
424 1450 558 1531 nostro
584 1445 773 1562 discipulo
795 1475 866 1534 tun
884 1445 960 1532 sele
982 1443 1128 1531 volenti
1160 1456 1380 1560 exagitare,
1411 1455 1680 1563 flagitantique

228 1558 501 1673 „insolentem
530 1589 572 1648 ut
593 1564 763 1666 diceret,
794 1565 891 1677 quid
916 1561 1041 1647 lecum
1070 1559 1148 1672 ipse
1168 1571 1304 1647 tacitus
1324 1560 1521 1661 volveret,
1552 1569 1680 1678 Virgi-

230 1679 311 1786 „hi
331 1674 584 1763 versum'eum
610 1684 783 1792 cogitare
803 1675 1014 1791 respondit.
1074 1680 1180 1761 Cum
1202 1674 1267 1761 ille
1298 1676 1586 1790 obstupefadius
1609 1707 1679 1763 ne·

231 1820 363 1913 „gare
389 1821 471 1874 non
494 1788 642 1904 pollet,
671 1798 838 1907 perrexit
856 1819 1050 1907 quarere,
1079 1797 1256 1904 quisnam
1282 1789 1407 1876 versus
1438 1789 1557 1877 effeti
1589 1798 1681 1880 Nee

231 1965 263 2014 ,‚
274 1909 511 2006 albicerius,
541 1912 609 2019 qui
631 1912 883 1993 Grammatici
905 1903 1088 1992 Scholam
1120 1911 1183 1991 vix
1216 1906 1398 1991 transiens
1428 1905 1580 1992 vidiffet
1614 1911 1682 1993 ali·

218 2024 458 2136 ¹„quandm
487 2019 634 2106 versum
678 2018 786 2108 illum
815 2021 966 2107 securus
1000 2028 1039 2104 δι
1080 2017 1253 2135 ganulus
1309 2050 1447 2105 cancre
1475 2023 1680 2108 dubitavit.

232 2141 325 2240 „Et
347 2143 394 2220 C.
414 2166 454 2233 7.
482 2139 631 2221 Scimus
651 2162 779 2221 autem
800 2135 907 2222 illum
920 2198 934 2237 ,
963 2166 1083 2251 quem
1115 2142 1449 2245 commemorasti,
1478 2134 1598 2222 multa
1620 2136 1683 2224 la·

232 2308 264 2354 aa
274 2279 325 2364 pe
344 2246 436 2336 falsa
461 2246 613 2352 dixisse,
642 2253 755 2365 quod
782 2280 865 2336 non
889 2248 1013 2336 solum
1026 2249 1109 2338 aliis
1132 2255 1227 2336 mihi
1248 2253 1290 2338 id
1302 2249 1558 2339 referentibus
1574 2281 1685 2340 eoru·

232 2370 381 2480 „perh
410 2363 477 2451 sed
497 2364 660 2480 praesens
677 2361 893 2484 aliquando
909 2363 993 2481 ipse
1008 2371 1178 2481 percepi.
1188 2423 1219 2468 ‚,
1566 2387 1568 2390 ·

53 2676 62 2707 ⁴*
135 2658 138 2669 .
234 2691 238 2704 .
341 2566 512 2698 Regula
553 2601 629 2692 ¹7·
665 2564 889 2672 Viliones
915 2597 1043 2672 verae
1059 2561 1246 2671 debent
1279 2557 1372 2671 effe
1408 2552 1585 2672 similes
1603 2574 1686 2686 lin,

103 2768 106 2772 Δ
236 2736 369 2843 quas
399 2710 599 2811 constat
624 2705 717 2814 else
743 2742 888 2814 veras
912 2743 974 2814 ex
1010 2710 1247 2848 scriptura
1257 2744 1273 2835 ;
1316 2708 1548 2848 adeoque
1572 2740 1688 2815 non

71 2959 74 2965 ,
238 2847 429 2953 debent
450 2845 553 2980 fieri
572 2875 748 2956 mente
771 2878 977 2971 emota,
1015 2855 1067 2956 dt
1095 2853 1315 2959 distortis
1335 2852 1580 2994 gestibus,
1607 2850 1689 2956 sed

236 3014 453 3112 mente,
489 3024 549 3100 ac
575 2997 957 3131 compohtione
1000 3004 1264 3141 corporis,
1307 2993 1690 3102 &elocutione

232 3132 370 3248 lana.
442 3161 497 3244 Ita
515 3151 747 3270 Epiphanius
789 3157 837 3242 L.
864 3188 901 3243 r.
935 3155 1044 3243 Cont.
1079 3157 1188 3243 Her.
1219 3157 1379 3270 Harefi.
1397 3181 1466 3263 48.
1501 3159 1570 3242 ubi
1598 3163 1690 3243 ait:

238 3273 457 3389 „Quando
475 3300 574 3386 opus
595 3286 676 3357 erat
702 3275 930 3382 Prophetis,
965 3275 1005 3355 in
1035 3269 1164 3382 spiriru
1191 3301 1313 3373 vero,
1345 3280 1382 3356 dt
1419 3299 1551 3360 mente
1578 3273 1689 3372 iana.

238 3397 322 3499 „dc
340 3386 633 3500 intelligentiam
654 3387 827 3471 habente
852 3392 1047 3473 vaticinati
1081 3383 1241 3472 suntad
1276 3384 1477 3474 utilitatem
1494 3409 1524 3487 ‚‘
1549 3394 1589 3473 dc
1616 3416 1690 3502 pro

193 3596 196 3603 ,
240 3560 271 3609 ,‚
284 3503 377 3589 fidei
400 3507 616 3615 portione?
646 3504 758 3619 Quid
787 3507 904 3616 igitur
931 3499 1025 3589 utile
1049 3507 1088 3586 hi
1126 3501 1342 3588 dixerunt?
1378 3530 1444 3588 aut
1470 3504 1570 3618 quid
1603 3532 1692 3589 cor·

240 3615 516 3731 „respondens
537 3616 630 3702 fidei
653 3622 672 3703 i
701 3619 987 3731 Comparantes
1006 3622 1109 3702 enim
1137 3645 1210 3715 ea,
1246 3646 1336 3732 qua
1353 3619 1417 3718 ab,
1431 3618 1517 3731 iplrs
1541 3625 1691 3717 (Mon-

240 3731 572 3837 „tanistisidicta
591 3730 707 3834 sunt,
737 3739 774 3816 dt
798 3761 886 3846 quae
914 3739 954 3819 in
974 3735 1107 3817 Veteri
1139 3760 1185 3820 ac
1220 3736 1345 3819 Novo
1377 3738 1629 3818 Testamento
1651 3739 1693 3819 in

138 3893 152 3915 ι
238 3854 439 3954 „veritate
470 3845 552 3932 lirnt
578 3846 780 3961 praedicta,
809 3848 1092 3960 probabimus,
1123 3843 1248 3961 qualis
1281 3850 1487 3960 prophetia
1519 3845 1609 3933 falsa
1634 3848 1690 3932 fit.

239 3966 477 4075 „Propheta
501 3991 587 4048 cum
612 3965 802 4048 constanti
834 3969 984 4048 rarione
1011 3989 1058 4046 ae
1080 3958 1335 4076 intelligentia
1361 3959 1623 4078 loquebatur,
1653 3971 1693 4049 ὰ

240 4135 273 4182 ,,
287 4079 444 4163 dicebat
462 4107 512 4164 ex
528 4073 657 4191 spiritu
680 4075 811 4164 sannio
832 4084 965 4163 omnia
991 4074 1077 4162 sana
1098 4105 1231 4163 mente
1255 4081 1294 4162 dc
1323 4105 1504 4193 corpore.
1586 4081 1695 4164 Cum

242 4195 464 4316 „viderem
490 4193 693 4287 dicebatur
713 4195 912 4312 Propheta
932 4200 974 4282 in
994 4197 1127 4286 Veteri
1149 4195 1440 4303 Testamenta,
1471 4257 1475 4264 »
1495 4193 1551 4282 Ei
1575 4194 1696 4304 ur'sso.

221 4373 225 4378 ·
334 4372 337 4377 ·
1502 4334 1699 4426 »lnqultp
