3796 4994
593 290 766 473 Regula
795 244 852 410 err
876 298 1000 411 Caras.
1024 311 1078 409 de
1100 300 1291 413 Laurea
1336 362 1339 373 ·
1573 343 1665 419 ιιι
1785 412 1793 430 ,

212 517 263 609 id
278 518 378 617 hoc,
394 540 442 605 ut
462 512 660 603 nascantur
682 514 874 610 animalia.
933 548 973 607 a.
998 520 1132 604 Potest
1150 519 1315 605 morbos
1335 515 1478 605 inferre
1498 523 1674 632 corpori·

215 636 288 720 bus
314 629 557 747 applicando
578 635 700 716 adira
723 632 906 744 passrvis..
932 654 935 661 ·
941 662 978 736 3.
1006 637 1140 719 Potest
1171 633 1315 718 inferre
1352 635 1493 719 damna
1524 636 1674 719 arbori·

216 748 290 835 bus
308 755 352 833 δι
369 746 407 833 fr
463 747 566 844 ibus,
589 751 719 832 aerem
746 748 915 848 inficere,
944 745 1107 860 pluvias,
1123 751 1365 862 grandinem,
1382 753 1574 844 tonitrua,
1592 745 1674 832 sul·

219 869 337 964 mina,
364 869 405 945 dr
462 857 565 946 milia
585 857 896 974 meteorologica
914 866 1092 947 excitare.
1151 897 1192 966 4.
1225 867 1282 947 Ex
1302 868 1439 973 notitia
1457 861 1675 974 dispositio·

218 1005 338 1074 num,
374 1004 465 1061 com
495 972 720 1074 lexionnm,
755 981 794 1059 δι
825 971 985 1072 aliarum
1027 978 1385 1063 circumstantiarum
1420 973 1679 1089 probabiliter¹

220 1092 434 1204 praedicere
454 1005 594 1176 llrtura.
642 1121 690 1194 ⁴5.
721 1094 777 1175 Ex
811 1094 1085 1181 commotione
1106 1093 1316 1204 phantasia
1347 1093 1533 1176 inducere
1556 1091 1607 1174 ad
1630 1118 1671 1175 a·

224 1229 376 1293 morem
405 1201 470 1289 vel
498 1207 634 1289 odiunt
663 1202 845 1315 alicujus,
881 1211 1065 1320 quamvis
1094 1232 1179 1291 non
1210 1232 1367 1320 cogere.
1435 1225 1477 1290 a.
1506 1211 1673 1295 Movere
1698 1220 1704 1247 ¹

225 1345 396 1433 corpora
413 1319 464 1404 ab
488 1347 570 1404 uno
594 1315 689 1407 loco
717 1325 759 1405 in
775 1319 907 1417 alium,
927 1325 966 1402 dc
998 1323 1178 1406 hommes
1206 1320 1461 1433 transportare
1479 1325 1519 1404 in
1540 1325 1673 1431 regio·

228 1461 315 1520 nem
337 1429 638 1549 longinquam.x
666 1467 705 1536 7.
732 1436 839 1519 Scire
864 1437 965 1533 cito,
987 1463 1075 1548 quae
1094 1440 1134 1518 in
1156 1424 1408 1520 remotissimis
1430 1434 1528 1519 loeis
1553 1461 1674 1547 agun-
1769 1532 1774 1539 ,
1808 1472 1811 1479 ¹

229 1574 296 1634 tur.
360 1561 402 1637 8.
432 1554 548 1634 Brevi
572 1573 752 1662 tempore
788 1576 852 1635 eas
885 1546 1102 1647 sanationes
1138 1554 1292 1662 operari
1304 1606 1318 1648 ,
1358 1578 1445 1663 quo
1474 1574 1605 1633 natura
1634 1553 1672 1631 de

232 1689 284 1748 trs
304 1664 460 1750 medica
483 1658 703 1776 longiffimo
726 1690 907 1777 tempore
935 1690 1196 1778 operarentur.
1243 1693 1295 1760 .9·
1325 1664 1480 1751 Oculos
1496 1660 1675 1774 aliosque
1713 1726 1727 1743 ,

235 1774 350 1863 sensus
373 1782 487 1864 variis
509 1777 638 1867 modis
657 1778 857 1876 deludere,
877 1804 924 1864 ut
933 1803 1156 1894 appareant
1175 1807 1262 1892 qttae
1285 1807 1366 1865 non
1393 1774 1495 1868 sunta
1524 1783 1563 1861 dc
1588 1802 1676 1974 puae
1713 1760 1722 1795 ⁸

238 1890 312 1979 lrnt
334 1892 490 2006 absque
513 1893 751 1978 advertenda
775 1891 1019 1992 auferantur,
1048 1900 1088 1977 δι
1115 1887 1190 1978 alia
1219 1888 1379 1978 aliunde
1404 1916 1562 2004 aocepta
1605 1891 1677 1974 ub-

241 2007 440 2094 lituantur.
499 2036 563 2095 ro.
590 2007 791 2121 Adeoque
820 2035 893 2122 per
918 2002 1140 2094 illusionem
1168 2003 1351 2093 sensuum
1370 2011 1498 2122 potest
1526 2032 1676 2120 patrare

211 2140 215 2149 '
245 2146 293 2223 ta,
312 2150 401 2238 quae
425 2121 608 2209 videntur
625 2117 700 2209 esse
716 2149 811 2210 vera
827 2121 1022 2208 miracula.
1078 2121 1181 2209 ibid.
1195 2123 1282 2209 Art.
1309 2137 1373 2208 16.
1393 2129 1433 2206 δι
1457 2151 1521 2222 ¹7·

335 2245 508 2377 Regula
548 2277 626 2379 332
670 2237 967 2377 Superstitio
998 2261 1090 2344 aot
1122 2239 1336 2376 poclum
1370 2238 1547 2345 saltem
1568 2246 1675 2343 im-

248 2379 468 2521 plicitum
499 2391 625 2486 cum
657 2378 905 2489 doemone
933 2389 1232 2489 intervenire
1272 2383 1494 2487 censetur
1530 2389 1584 2507 in
1615 2381 1679 2484 se·

194 2608 201 2663 3
249 2524 507 2662 quentibus
544 2521 748 2639 casibus,
843 2579 878 2631 ι.
905 2548 946 2634 si
973 2552 1062 2662 quis
1101 2553 1220 2657 uritur
1254 2548 1393 2635 medio
1418 2549 1470 2633 ad
1499 2543 1681 2632 effeoum

249 2691 306 2751 nec
323 2664 346 2751 i
363 2689 500 2749 natura
518 2691 592 2749 nec
608 2664 658 2748 ab
684 2688 766 2749 arte
780 2663 831 2750 ad
852 2660 1022 2747 eundem
1042 2664 1238 2748 ordinato.
1296 2693 1333 2749 a.
1359 2667 1401 2749 si
1420 2665 1472 2748 ad
1496 2690 1586 2746 eum
1605 2662 1681 2745 ob·

194 2774 202 2843 l
249 2766 437 2865 dnendum
460 2774 707 2893 applicentur,
721 2770 840 2867 reda
861 2782 1075 2891 incognita,
1099 2772 1162 2862 vel
1186 2780 1421 2863 charadleres
1446 2782 1586 2874 ionoti,
1617 2770 1681 2861 vcl

249 2894 487 2983 luluumenta
507 2888 638 3006 aliqua
657 2894 964 2995 chnaoerizm,
983 2886 1047 2977 vel
1069 2892 1214 2991 herbe,
1235 2892 1429 3006 pulveres,
1447 2846 1572 2977 aliave
1596 2889 1682 2975 srm-

247 3004 348 3121 plicia
376 3035 467 3094 cum
498 3012 604 3111 vanis
630 3006 966 3092 observationibus
997 3001 1173 3106 colludia,
1203 3032 1268 3091 aut
1299 3033 1520 3122 praeparata,
1548 3001 1612 3111 vel
1640 3007 1682 3087 in

249 3118 302 3209 tali
327 3123 418 3221 die,
447 3147 512 3209 aut
541 3124 661 3220 hora,
686 3120 763 3207 stve
791 3150 879 3207 cunr
908 3118 1129 3232 prolatione
1169 3117 1301 3206 talium
1338 3123 1576 3216 verborum,
1606 3116 1684 3202 sive

250 3263 367 3324 totam
391 3231 460 3322 tali
489 3232 655 3349 persona
687 3240 849 3350 virgine,
878 3231 943 3319 vel
967 3262 1198 3352 praegnante,
1229 3242 1268 3320 dc
1298 3233 1500 3325 similibus
1536 3230 1684 3318 tuncsr

210 3386 216 3397 ·
249 3348 398 3441 effedlus
415 3351 628 3452 obtinetur,
649 3349 920 3438 daemoniacus
941 3353 1007 3436 est.
1065 3355 1169 3465 Quia
1188 3348 1228 3434 r‘n
1249 3346 1390 3435 talibus
1411 3347 1560 3462 semper
1580 3348 1687 3434 adest

238 3474 392 3579 'padum
411 3461 642 3579 implicitum
666 3494 757 3550 etun
775 3465 978 3551 doemone.
1036 3466 1164 3549 Immo
1187 3471 1365 3580 quamvis
1392 3468 1480 3579 quis
1503 3466 1689 3576 protesta-

247 3607 354 3681 retur,
374 3576 416 3667 se
435 3576 547 3665 nolle
568 3575 750 3666 efferrem
774 3574 884 3665 illum
911 3578 937 3664 a
960 3580 1153 3665 doemone
1172 3581 1329 3682 habere,
1347 3608 1480 3692 neque
1495 3585 1537 3664 in
1557 3606 1688 3663 earum

247 3722 365 3783 terum
404 3692 474 3781 usu
509 3701 664 3809 pactum
702 3690 822 3778 ullum
863 3721 951 3787 cum
991 3695 1184 3809 doemone
1219 3689 1444 3796 includere,
1472 3693 1499 3780 fi
1530 3688 1690 3778 effedue

248 3812 451 3909 obtinetur,
483 3810 612 3895 adhuc
635 3809 903 3894 doemoniacus
924 3810 990 3906 est,
1021 3804 1313 3895 de'rotellatio
1341 3805 1405 3894 illa
1425 3811 1478 3893 est
1502 3809 1692 3892 contraria

246 3921 358 4012 fado.
420 3954 459 4031 3.
486 3926 530 4010 si
552 3951 628 4038 pro
649 3923 875 4008 obtinendo
892 3917 1029 4043 aliquo
1048 3836 1188 4009 erleonr
1211 3920 1311 4009 sacra
1330 3922 1459 4038 aliqua
1480 3921 1575 4007 fiant
1604 3944 1692 4004 mo·

247 4038 300 4127 do
323 4040 509 4127 indebito
539 4062 674 4125 contra
700 4042 834 4150 praxin
860 4033 1043 4126 Ecclesiae.
1101 4033 1177 4125 Vel
1205 4037 1233 4123 sr
1261 4035 1370 4124 sacris
1398 4035 1530 4150 aliqua
1558 4033 1711 4151 prosa-¹
1793 4106 1798 4113 .

247 4180 292 4241 ua
311 4152 377 4242 seu
400 4179 504 4241 vana
528 4148 769 4250 misceantur,
798 4179 886 4268 quae
909 4168 984 4240 nec
1004 4152 1054 4239 ab
1079 4148 1245 4242 Ecclesia
1265 4180 1340 4240 nec
1358 4152 1383 4242 a
1400 4176 1534 4261 natura
1553 4148 1603 4236 ad
1622 4172 1695 4230 eos

330 4268 530 4382 affl.
546 4263 785 4358 auerrun-
810 4267 963 4384 Parsl.
1253 4276 1310 4388 Q
1595 4259 1696 4350 finer
