3690 4988
611 318 718 447 Reg.
742 305 891 412 Praei.
921 339 978 410 ex
1002 301 1202 441 Gerfone.
1564 340 1589 429 ε
1601 353 1630 448 7

191 523 269 610 bum
293 523 349 609 est
375 519 567 607 indicium
596 517 645 603 de
668 513 733 601 sua
755 519 1016 615 aestimatione,
1043 515 1157 630 siquis
1179 516 1460 627 praetendendo
1477 521 1633 611 humili·

189 664 295 725 tatem
334 659 574 721 contemnar
597 629 797 717 Praelatum
833 628 982 746 aliquid
1017 636 1148 744 operis
1188 632 1296 715 ardui
1327 640 1632 749 praecipientemr

189 781 334 868 necque
354 757 459 837 enim
489 751 570 833 boc
597 773 742 860 ageret,
770 745 797 830 st
825 775 908 832 non
936 743 1026 832 cliet
1055 744 1201 858 sapiens
1229 748 1270 827 in
1299 745 1422 832 oculis
1452 751 1538 837 suis.

285 925 460 1054 Regula
498 953 544 1051 9.
595 914 645 1017 Si
686 913 1016 1022 revelationes
1048 953 1158 1024 non
1204 926 1298 1030 fint
1339 927 1402 1031 ad
1448 927 1632 1036 utilita-

188 1090 311 1184 tem,
336 1048 398 1168 ²&
431 1063 641 1199 persona
680 1058 737 1159 fit
776 1054 944 1161 adbuc
975 1068 1029 1164 in
1068 1063 1237 1197 spiritu
1287 1075 1511 1189 novitia,
1544 1069 1633 1178 ha·

190 1204 384 1314 bendae·
404 1205 516 1308 sunt
550 1232 645 1336 pro
683 1195 821 1302 falfis.
931 1221 1519 1336 GersonLcc.s1cnabet:
1577 1235 1632 1318 Ea

193 1347 444 1436 manifestatio
473 1345 716 1427 revelationis
748 1342 800 1423 est
836 1365 1043 1452 arrogans,
1072 1337 1097 1420 fi
1127 1337 1170 1422 fit
1200 1367 1299 1426 vane
1327 1344 1478 1458 absque
1504 1344 1631 1431 frudiu

198 1463 465 1550 edificationis.
522 1462 659 1541 Sinon
689 1452 793 1537 aliud
810 1449 963 1537 afferret
979 1454 1061 1534 hac
1083 1447 1299 1566 loquacitas
1321 1460 1632 1561 incommodum,

198 1580 345 1663 abunde
375 1571 471 1657 illud
496 1573 575 1666 eil,
612 1568 725 1681 quod
759 1571 814 1650 rei
840 1563 1139 1679 inappretiabilis
1172 1565 1354 1654 videlicet
1382 1560 1571 1685 temporis
1590 1572 1638 1658 fit

203 1687 447 1800 consumptio.
507 1693 758 1796 Quapropter
780 1708 862 1764 non
889 1709 1023 1792 parum
1044 1681 1095 1763 ad
1118 1710 1199 1766 rem
1233 1690 1391 1784 attinet,
1418 1688 1444 1772 fi
1470 1715 1553 1785 res,
1582 1687 1635 1771 de

205 1834 268 1920 qna
283 1805 407 1887 fertur
432 1797 508 1885 elle
530 1792 729 1898 revelatio,
754 1794 797 1880 fit
819 1792 921 1879 utilis
943 1798 1158 1893 adnotes,
1182 1797 1232 1879 ad
1253 1798 1560 1912 liempublicam,
1581 1801 1634 1886 ad
1706 1824 1713 1831 '

210 1922 309 2007 divini
338 1912 466 2001 cultus
488 1916 682 1997 honorem
712 1919 751 1994 δι
779 1935 1027 2023 augmentum
1042 1966 1056 2006 ,
1088 1910 1201 2000 autsr
1230 1906 1274 1994 fit
1309 1911 1550 2025 supervacuis
1573 1941 1633 1999 re·

210 2035 265 2118 bus
289 2030 353 2116 leu
378 2029 661 2114 narrationibus
684 2032 872 2109 immixta.⁴
920 2021 1057 2109 Refert
1078 2023 1250 2136 denique
1273 2022 1494 2139 plurimum,
1519 2027 1635 2142 siquis

214 2154 362 2231 novitius
387 2145 431 2229 fit
448 2151 488 2227 in
514 2147 697 2226 exercitio
720 2146 927 2237 virtutum,
955 2164 1020 2222 aut
1043 2163 1266 2240 veteranus,
1291 2149 1480 2253 quoniam
1504 2150 1636 2245 virtus,
1769 2228 1780 2237 ,

216 2263 289 2460 ldphm
313 2264 472 2391 incipit,
495 2255 680 2456 levbllino
704 2247 1054 2343 flatueonfelliturs
1093 2254 1306 2341 inveterata
1325 2281 1454 2344 autern
1479 2254 1544 2345 sua
1565 2257 1638 2342 sta-

267 2401 343 2461 tate
371 2399 461 2458 nixa
489 2400 564 2458 con
637 2395 665 2456 t.

303 2535 469 2666 Regula
509 2566 584 2632 ro.
635 2521 991 2631 Revelationes
1034 2523 1398 2663 personarum,
1443 2538 1496 2638 in
1532 2545 1641 2673 qui.
1733 2502 1739 2509 ’

218 2666 294 2778 bus
328 2679 583 2778 concurrit
617 2676 861 2774 tenacitas
896 2675 1089 2804 proprii
1132 2667 1298 2796 judicii
1353 2702 1477 2780 cunt
1519 2677 1641 2786 indi·

217 2815 436 2919 senecione
472 2815 776 2943 jejuniorum
812 2807 866 2915 dt
902 2809 1195 2948 vigiliarum.
1232 2844 1343 2918 uon
1378 2822 1490 2926 sunt
1523 2831 1641 2927 reci·
1687 2925 1690 2930 ,

216 2956 409 3092 piendae.
495 2983 608 3064 Ratio
638 2979 714 3076 est,
752 2980 845 3092 quia
879 2979 919 3060 in
958 2978 1028 3076 iis,
1066 2983 1137 3093 qui
1171 2975 1279 3096 sequi
1316 2958 1644 3078 solent'dudium
1718 2968 1726 2977 ”

217 3105 346 3210 proprii
368 3099 512 3204 judicii,
540 3099 578 3178 lle
603 3089 709 3176 limul
730 3093 852 3175 dediti
885 3087 967 3176 sunt
990 3094 1297 3180 extraordinariis
1319 3103 1492 3206 jejuniis,
1516 3131 1561 3186 ac
1585 3110 1643 3190 vi·
1699 3130 1702 3135 ·

216 3209 312 3324 giliis,
342 3215 508 3296 doemon
535 3215 676 3319 reperit
699 3231 805 3318 aptas
830 3200 1095 3319 dispositiones
1119 3208 1169 3291 ad
1194 3206 1423 3299 illusionem.
1479 3216 1643 3332 *Gerson

217 3326 250 3410 1„
268 3328 356 3415 CC
382 3326 495 3442 Signo
522 3352 556 3407 t.
575 3325 624 3407 fic
644 3323 782 3406 habet:
811 3325 853 3405 Si
874 3320 1013 3404 videris
1034 3318 1209 3435 'aliquem
1232 3326 1477 3435 incedentem
1502 3336 1564 3415 via
1585 3360 1645 3418 re-

237 3449 288 3540 ia,
307 3442 395 3557 qui
425 3467 508 3523 non
541 3430 622 3521 vult
653 3431 851 3551 ambulaie
880 3439 920 3516 in
949 3442 1096 3549 magnis
1127 3442 1167 3520 de
1193 3438 1428 3526 mirabilibus
1453 3441 1490 3529 lu
1522 3473 1564 3530 er
1586 3444 1646 3540 ser

214 3467 264 3640 led
288 3558 423 3640 medio
444 3551 621 3664 quodam
650 3575 787 3634 tenore
810 3541 962 3662 regulas
994 3551 1150 3634 vivendi
1170 3548 1379 3666 sequitura
1400 3475 1573 3669 patribus
1587 3567 1648 3647 in·

217 3670 354 3768 ilitutcs,
386 3697 461 3756 nee
480 3665 755 3778 transgreditur
774 3661 884 3762 fines,
937 3689 1011 3747 uos
1031 3690 1158 3775 patres
1187 3664 1239 3750 sui
1261 3670 1492 3779 posuerunt,
1513 3671 1647 3762 detali

217 3783 281 3870 noli
312 3788 478 3872 credere
515 3783 678 3887 leviter,
722 3777 835 3889 quod
866 3690 1019 3863 fallatur
1053 3808 1123 3890 per
1164 3782 1398 3868 doetnonuni
1437 3783 1648 3890 illusiones,

217 3926 313 4013 quem
340 3909 381 3987 δι
415 3898 584 3983 credere
610 3887 798 3988 confilio,
826 3895 865 3972 δι
894 3897 933 3974 in
956 3894 1139 3977 omnibus
1169 3892 1373 3981 observare
1396 3904 1652 3990 moderamen

217 4015 433 4104 discretionis
454 4008 711 4126 perspexeris.
767 4010 823 4090 At
840 4012 935 4090 vero
960 4001 1047 4090 sunt
1069 4001 1141 4104 ilii,
1167 4011 1309 4123 quibus
1329 4006 1470 4123 placet,
1495 4021 1654 4129 propria
1700 4077 1705 4085 -

218 4127 376 4222 lenem
413 4132 539 4226 duci,
563 4128 602 4210 u
635 4114 836 4212 monime
859 4128 901 4208 in
925 4119 1265 4212 adinventionibus
1287 4120 1376 4224 luis,
1398 4107 1562 4241 impellit
1582 4157 1654 4214 eos

598 4288 602 4293 -
1499 4269 1663 4355 propria
