3796 4994
218 328 314 428 ²92
581 254 785 393 Revela}
801 293 853 393 de
872 293 1061 429 Agreda.
1084 301 1199 394 Pars
1220 298 1278 391 sl.

213 496 405 700 {ilementa
424 500 479 582 uti
495 523 631 583 eontra
651 497 689 583 se
703 493 776 584 suis
795 497 961 600 viribus,
982 523 1026 584 ur
1045 493 1096 583 iic
1117 492 1304 646 &tiendo
1326 493 1654 619 consormaretse

255 643 309 699 ιο.
1541 658 1544 663 -

332 767 397 825 ιι.
437 740 603 823 Scientia
636 742 680 821 B.
704 741 869 850 Virginis
897 732 971 823 fuit
1005 740 1184 850 Eetypon
1215 734 1279 824 seu
1320 733 1468 855 effigies
1505 722 1659 825 insinitoe

213 851 374 939 scientiar
405 853 524 955 DEI,
561 847 815 936 conformiter
862 854 912 935 ad
945 851 1169 948 scientiam,
1209 879 1328 966 quam
1356 853 1497 936 habuit
1529 858 1653 936 anima

214 970 363 1052 Christi.
446 968 551 1050 Nam
585 968 703 1047 Maria
731 993 812 1049 non
841 960 963 1048 solium
992 970 1209 1079 agnovir'in
1235 970 1344 1050 ulio
1365 971 1499 1048 omnia
1520 989 1657 1064 creata,

214 1083 280 1176 sed
302 1084 414 1164 ctiam
441 1085 570 1162 omnia
597 1075 783 1187 possibilia
816 1086 890 1180 iam
930 1080 1226 1191 comprehendit
1249 1087 1290 1164 in
1316 1075 1381 1164 sua
1415 1085 1657 1191 capacitates

215 1191 329 1309 quod
350 1198 489 1278 merito
516 1198 645 1277 vocari
667 1196 795 1303 potest
819 1194 996 1305 quedam
1014 1191 1244 1293 infinirudo.¹
1276 1217 1281 1240 ·

332 1354 397 1420 27·
425 1316 545 1417 Nulla
571 1349 666 1432 pura
696 1346 865 1407 creatura
889 1326 928 1404 in
961 1310 1187 1435 cognitione
1210 1311 1300 1406 DEI
1330 1325 1370 1404 δι
1396 1344 1656 1406 “saturanum

214 1459 294 1522 tam
326 1435 405 1541 alr&
429 1434 618 1533 ascendit,
646 1461 692 1517 ac
726 1442 771 1521 B.
804 1441 962 1547 Virgos
1010 1462 1081 1518 nec
1119 1431 1195 1520 ulia
1238 1459 1438 1531 creatura,
1478 1429 1653 1547 angelica

215 1549 292 1649 vel,
307 1551 472 1636 humana
509 1538 722 1662 intelligere
757 1575 925 1663 poterit,
966 1575 1126 1661 quantas
1154 1553 1289 1662 gratias
1319 1555 1364 1634 B.
1393 1552 1521 1662 Virgo
1548 1574 1656 1632 acce·

214 1691 327 1777 perit.

105 1781 109 1787 ’
195 1787 198 1794 ’
334 1819 399 1886 29·
429 1815 495 1891 30·
525 1794 666 1874 Omnia
689 1783 885 1887 naturalia,
908 1793 947 1872 δι
974 1790 1091 1872 virtus
1115 1787 1287 1874 medicas
1308 1786 1427 1903 longe
1448 1787 1655 1900 perfectius

215 1909 389 2020 agnovit,
403 1903 534 2016 quam
558 1904 688 1988 Adam
710 1898 773 1988 vel
797 1900 1009 1992 Salomona
1037 1907 1077 1986 &
1102 1904 1174 1985 hac
1190 1902 1342 1988 scientia
1359 1904 1557 1988 interdum
1578 1928 1657 1988 ute·

215 2021 329 2106 batur
343 2013 581 2102 intsoiatium
604 2043 830 2126 pauperum.
913 2021 1018 2123 Quia
1046 2020 1331 2102 auremhabuit
1358 2021 1592 2131 potestatem
1618 2024 1655 2101 in

216 2160 354 2216 omnes
383 2155 584 2229 creaturas,
608 2128 741 2211 habuit
764 2122 898 2237 eoipso
919 2125 1181 2238 privilegium,
1204 2137 1311 2218 ne'ei
1334 2129 1489 2242 possent
1513 2157 1655 2216 nocere

215 2270 367 2329 venena
387 2248 461 2324 &c
576 2270 640 2342 3¹·
669 2245 735 2326 Ne
757 2265 885 2325 tamen
909 2240 947 2325 se
969 2247 1134 2353 privarer
1155 2246 1358 2328 occasione
1381 2248 1570 2356 pariendi,
1588 2247 1655 2355 de-

215 2357 274 2444 dir
291 2359 469 2442 creaturis
496 2349 709 2458 licentiam·
723 2359 846 2439 immo
863 2359 1102 2453 mandatum,
1127 2381 1170 2440 ut
1190 2355 1227 2442 se
1245 2365 1468 2442 cruciarent.
1530 2356 1654 2465 Qu'od

56 2541 64 2554 .
214 2469 338 2586 ipsum
353 2499 435 2556 non
453 2465 601 2580 semper
620 2465 771 2554 admisit
794 2472 922 2555 DEus.
980 2471 1255 2571 ansibenter
1283 2469 1493 2584 pertulisset
1522 2474 1682 2571 omnia

215 2611 408 2671 tormenta
436 2613 509 2693 pro
537 2580 654 2668 salute
685 2587 835 2695 generis
866 2585 1035 2667 humani.
1127 2587 1295 2671 Videam
1330 2615 1427 2700 ergo
1459 2588 1652 2681 homines,

214 2725 402 2813 quantum
427 2697 597 2781 debeant
618 2701 759 2780 Mariae.
899 2742 903 2749 ·

200 2926 204 2937 ,
334 2855 400 2928 ³4·
427 2829 570 2908 servor
586 2819 686 2908 iliius
709 2850 783 2935 pro
802 2818 920 2908 salute
940 2827 1077 2911 mundi
1101 2826 1153 2912 fic
1177 2824 1446 2916 vulneraverat
1467 2844 1540 2917 cor
1559 2829 1653 2914 diui·

214 2945 256 3028 ni
288 2935 412 3051 sponsr
426 2993 444 3042 Ι,
485 2963 529 3020 ur
564 2946 669 3041 juxta
704 2940 875 3021 nostrum
908 2940 1069 3026 modum
1111 2944 1384 3053 concipiendi,
1418 2951 1484 3029 vix
1523 2942 1652 3056 exspe-

216 3065 319 3179 crme
345 3054 516 3167 potuerit
543 3053 694 3146 horam,
724 3077 802 3161 qua
828 3075 910 3135 erat
935 3055 1184 3162 reponendus
1211 3060 1251 3138 in
1281 3063 1362 3162 ejus
1392 3058 1573 3144 brachiis.
1695 3065 1697 3072 '

334 3201 399 3287 36.
432 3210 496 3283 37.
550 3187 592 3266 B.
621 3187 671 3264 V.
701 3181 844 3265 adme
872 3183 1005 3267 dixit:
1060 3187 1101 3265 In
1133 3182 1355 3290 die=judicii
1382 3184 1529 3274 summa
1557 3191 1654 3276 indi·

214 3302 350 3414 gnatio
380 3298 515 3402 judicis
549 3324 601 3379 ex
644 3297 724 3376 hoc
758 3301 853 3394 erit,
889 3298 1003 3406 quod
1039 3297 1218 3380 homines
1252 3296 1368 3382 obliti
1409 3303 1481 3386 smr
1515 3310 1653 3388 amoris

214 3417 304 3497 Diis
336 3436 428 3518 erga
457 3405 575 3497 illoss
630 3414 670 3491 δι
707 3407 802 3491 ideo
834 3436 910 3519 prae
941 3408 1170 3494 confusione
1204 3410 1343 3521 seipsos
1378 3415 1656 3529 praecipitarent

208 3528 255 3631 in
282 3519 488 3715 infernum,
515 3522 583 3606 nisr
603 3518 668 3606 alii
693 3521 773 3605 hoc
795 3546 1090 3634 exequerentur.
1173 3528 1233 3617 Sis
1262 3552 1358 3638 ergo
1384 3557 1493 3641 grata
1519 3560 1596 3644 pro
1615 3536 1658 3616 te'

213 3643 255 3722 ἀ
283 3665 358 3747 pro
385 3640 480 3719 aiis.
962 3650 966 3654 ’
1005 3666 1010 3675 ·
1092 3660 1099 3681 ’·

334 3786 398 3866 38.
429 3769 528 3847 intra
552 3759 689 3846 limites
712 3789 816 3874 pure
837 3787 1015 3853 creature
1040 3769 1156 3854 DEus
1177 3771 1310 3854 omnia
1333 3796 1519 3886 operatus
1542 3777 1599 3861 est
1615 3779 1655 3861 in

213 3882 255 3963 B.
275 3878 608 3966 verine-numero
626 3881 665 3958 oc
684 3871 870 3961 mensura.
936 3930 939 3935 -

1426 4138 1501 4215 41.
1527 4118 1663 4226 Quat?
