3796 4994
137 389 148 433 t
232 296 388 416 166-
502 410 505 416 ⁴
688 298 861 450 Regula
881 343 938 415 ex
957 322 1010 420 P.
1031 265 1225 479 ibyraen

214 510 346 604 'tatem
371 521 413 603 dt
431 522 624 605 raritatem
647 517 849 608 mulierum
862 510 1054 610 'dourinae
1074 517 1249 637 legantur
1267 517 1316 608 ab
1344 522 1411 621 iis,
1430 521 1503 638 qui
1523 520 1679 611 divinoe

225 630 370 737 libros,
401 639 441 717 dt
471 636 618 720 divinas
647 633 845 751 scripturas
861 635 1003 753 legere
1030 637 1307 752 neglexerunt,
1337 643 1379 722 ἃ
1408 645 1570 751 cupiunt
1600 639 1681 726 do·

147 753 152 770 '
225 753 428 835 dinitiarum
450 751 688 838 novitatibus
717 755 872 839 auribus
892 759 1029 867 pnttiri
1055 760 1096 838 dt
1122 758 1299 840 converti
1318 754 1370 837 ad
1395 749 1557 839 Fabulae
1572 759 1679 840 Poe·

74 864 77 869 ’
224 888 361 948 tarum.
418 864 525 951 Sicut
552 870 668 951 etiarn
693 895 857 983 propter
883 865 1157 984 negligentiam
1188 871 1371 974 Judicurn
1394 864 1504 954 lsrael
1529 866 1686 956 suscita«

222 978 281 1062 vit
308 979 419 1062 Deus
444 979 474 1063 S
501 981 631 1067 iritum
660 988 772 1097 pueri
812 990 972 1089 iunioris
996 979 1153 1083 Daniel
1167 1012 1189 1085 ,²
1211 1012 1262 1070 ne
1297 981 1449 1096 languis
1486 990 1678 1094 innocent¹

221 1087 397 1206 Sulannae
419 1119 445 1206 e
473 1093 698 1212 *undererun
756 1103 851 1186 Hac
868 1103 1057 1187 Henricus
1081 1099 1135 1185 de
1152 1098 1278 1187 Halia
1291 1095 1404 1214 super
1423 1096 1612 1197 Genelin.

646 1343 919 1489 'cru
1005 1318 1284 1531 XrVq'

307 1678 310 1685 ,
394 1600 668 1784 Regulae
722 1640 804 1741 ex
856 1606 925 1904 Is’.
970 1606 1174 1929 JPetro
1223 1605 1502 1784 Thyraeo
1587 1833 1590 1842 Ι

217 2069 524 2440 Rigida
567 2128 608 2203 t.
650 2093 867 2206 Somnia
898 2129 1010 2206 non
1046 2094 1138 2206 esse
1173 2097 1345 2211 divina
1378 2135 1442 2210 ex
1476 2078 1675 2242 septem

202 2265 224 2339 *l
411 2235 602 2344 indiciis
640 2244 877 2380 cognosci
909 2244 1094 2383 potest.
1169 2294 1207 2351 1.
1222 2268 1279 2352 Ex
1297 2292 1439 2362 tetum,
1458 2292 1549 2379 quat
1570 2261 1675 2351 som·

415 2378 612 2466 niantibus
638 2406 876 2484 occurrunt,
916 2385 1237 2498 perturbatione,
1267 2378 1362 2465 dum
1400 2374 1585 2466 videlicet
1611 2405 1674 2464 ree

216 2499 331 2582 variae
354 2489 468 2581 nullo
491 2497 632 2582 ordine
659 2497 728 2584 sibi
756 2502 924 2584 invicem
953 2497 1184 2587 succeduntt
1214 2496 1309 2580 duan
1337 2493 1465 2578 subito
1494 2500 1673 2579 oriuntur

217 2634 301 2695 non
322 2636 534 2724 apparente
565 2609 673 2697 eausa
700 2607 766 2699 vel
799 2610 1076 2724 dispositione,
1104 2618 1143 2698 δι
1168 2609 1296 2698 subito
1322 2604 1579 2706 evanescunt,
1605 2631 1673 2695 aut

217 2728 341 2812 intes
366 2721 459 2810 alias
484 2733 798 2812 commutantur.'
843 2733 939 2815 Haec
968 2726 1166 2815 subitanea
1197 2752 1326 2813 terum
1356 2729 1592 2835 permutatio
1627 2721 1673 2809 fi·

218 2866 339 2956 gnum
367 2842 440 2938 est,
471 2842 587 2955 quod
623 2839 832 2954 sequantur
857 2848 1165 2929 commotionem
1200 2837 1398 2952 spirituum
1425 2836 1504 2923 stne
1530 2836 1673 2925 ordine

52 3022 57 3032 „
216 2960 454 3070 vagantium.
514 2986 553 3041 a.
580 2959 638 3040 Ex
659 2953 831 3042 falfitate.
893 2986 930 3061 3.
957 2962 1015 3044 Ex
1032 2986 1159 3044 terum
1183 2954 1354 3041 levitate.
1412 2948 1536 3041 Nuda
1568 2957 1674 3039 enim

215 3077 259 3159 in
285 3077 377 3158 Deo
405 3070 519 3155 datur
543 3065 730 3156 sufficiens
755 3075 871 3170 ratio,
899 3099 973 3157 nos
1004 3074 1056 3158 de
1084 3076 1251 3159 minimis
1279 3069 1409 3167 rebus,
1431 3073 1484 3152 ad
1512 3063 1689 3153 salutem,

215 3185 585 3301 impertinentibus,
618 3186 788 3272 edocere
812 3216 884 3300 per
904 3185 1063 3272 somnia.
1120 3217 1164 3290 4.
1192 3189 1250 3272 Ex
1273 3179 1441 3279 malitia,
1466 3179 1520 3291 ad
1552 3207 1672 3298 quara

214 3304 417 3388 inducunt.
479 3330 514 3407 5.
545 3305 603 3388 Ex
641 3328 770 3388 rerum
801 3296 1017 3388 inutilitate.
1101 3301 1278 3412 Quando
1309 3325 1371 3384 tes
1395 3291 1552 3383 ostensa
1586 3323 1671 3381 non

213 3412 383 3507 serviunt
408 3417 461 3501 ad
493 3412 663 3533 aliquam
691 3413 923 3518 utilitatem,
964 3416 1032 3503 nist
1056 3414 1162 3502 forte
1201 3413 1253 3500 ad
1291 3409 1478 3503 curiosam
1505 3408 1670 3497 scienda

215 3531 531 3619 ostentationem.
591 3547 631 3617 6.
657 3536 715 3618 Ex
742 3559 874 3618 earnm
914 3529 1195 3647 superfluitate,
1224 3551 1317 3641 puta
1345 3523 1512 3641 quando
1541 3528 1671 3611 osten·

100 3712 103 3716 ,
216 3642 360 3728 duntur
397 3672 479 3743 tes,
527 3645 581 3730 de
617 3648 761 3761 quibus
794 3644 943 3732 nullum
978 3648 1108 3759 potest
1147 3646 1282 3730 habeti
1313 3641 1491 3726 dubium.
1548 3671 1590 3743 7.
1616 3648 1671 3727 ssx

212 3753 485 3844 somniantium
502 3762 715 3873 impietate,
734 3790 770 3847 v.
793 3790 830 3877 g.
849 3764 944 3848 dum
970 3789 1041 3879 per
1058 3758 1208 3845 somnia
1228 3753 1485 3870 superstitiosi
1508 3759 1670 3871 cupiam

214 3873 387 3962 edoceri.
441 3877 501 3962 lta
526 3878 714 3990 Thytaeue
745 3878 799 3966 de
820 3875 1147 3995 Appantionibtu
1168 3876 1216 3964 L.
1236 3902 1275 3981 3.
1301 3873 1353 3962 0
1376 3900 1393 3958 ι
1404 3901 1442 3979 3.

1447 4324 1450 4330 .
1496 4225 1671 4359 Regula
