3690 4988
363 118 460 193 tao
745 79 1051 201 Revelationea
1085 104 1123 198 S
1168 102 1410 201 cerinum.

358 289 479 407 ipsum
505 300 547 383 in
577 324 624 385 en
649 302 852 414 quieturus
890 303 1098 398 infinuem,
1126 324 1165 383 at
1197 327 1246 387 ue
1277 295 1482 411 pressuram
1519 299 1559 383 ei
1597 295 1783 393 destincte.

358 434 479 520 quam
501 413 604 496 dum
626 434 731 497 tanta
754 421 958 527 gtatiarum
983 421 1138 501 adtione
1165 330 1312 525 lisdpit
1332 458 1354 479 ·
1385 414 1560 499 omnino
1581 438 1648 495 tne
1670 408 1783 493 reddit

358 517 573 631 placatum,
607 523 809 638 facitque,
850 555 893 612 ut
919 533 1125 613 innumeris
1154 527 1250 636 saepe
1281 525 1507 610 hominibus
1533 519 1636 607 illius
1668 541 1781 607 amote

356 659 525 743 parcam.
608 642 734 750 Quod
760 642 877 725 DEus
901 646 1108 725 innumeris
1132 640 1354 722 hominibus
1374 664 1506 749 pareat
1529 637 1588 719 ob
1612 644 1729 719 acium
1743 660 1777 715 u·

357 749 486 831 uicum
519 756 630 835 unius
667 748 859 863 personae,
887 763 993 860 cuius
1024 750 1236 839 intercessio
1274 779 1356 835 non
1388 754 1646 861 imploratur,
1679 754 1777 831 inm

360 887 450 970 quae
476 890 557 945 non
575 890 660 947 orat
675 895 750 977 pto
777 862 848 950 illis
872 872 1081 952 innumeris
1103 866 1339 959 hominibus,
1366 891 1497 976 neque
1520 890 1571 947 eu
1594 853 1779 945 officinis

359 964 488 1059 lorum
517 980 691 1062 curandae
712 975 818 1063 saluti
842 982 1065 1091 preficitur,
1092 1004 1159 1069 aut
1192 1005 1241 1063 cx
1263 973 1413 1088 speciali
1438 976 1688 1061 ordinatione
1710 970 1782 1055 uu

362 1082 546 1171 cumillis
578 1096 832 1193 connectitur,
860 1099 1074 1193 rationem,
1103 1118 1171 1179 aut
1203 1086 1423 1202 exemplum
1457 1094 1630 1173 invenite
1652 1079 1785 1171 difficile

315 1200 535 1287 ovideturt
567 1231 649 1285 non
673 1208 725 1288 est
747 1232 876 1288 tamen
897 1207 1093 1290 dedecens
1111 1205 1288 1318 postire,
1307 1205 1333 1289 si
1355 1206 1492 1287 Sancta
1518 1194 1740 1315 generaliter
1754 1194 1783 1279 le

362 1313 403 1394 dc
419 1306 482 1395 sua
503 1310 646 1399 obtulit
663 1346 739 1430 pto
762 1315 924 1404 aliorum
939 1314 1069 1404 salute.

480 1531 526 1619 u
581 1532 625 1615 L.
657 1561 694 1615 a.
722 1534 775 1619 C.
804 1564 871 1640 up.
927 1537 968 1618 S.
1003 1535 1219 1619 Gertrudes
1245 1535 1300 1616 ait
1326 1531 1377 1616 ad
1412 1530 1625 1618 Chtisittm.
1691 1529 1784 1615 Ethi-

364 1637 477 1726 buisti
498 1644 593 1727 milti
610 1640 901 1732 familiaritatem
916 1647 1127 1757 prebendo
1149 1648 1242 1730 mihi
1260 1671 1329 1728 cot
1347 1671 1470 1744 tuum,
1486 1672 1590 1729 nunc
1610 1640 1706 1731 illud
1717 1668 1785 1749 gra·

365 1757 413 1837 tis
434 1755 597 1856 dando,
621 1785 724 1841 nunc
748 1788 820 1871 pro
847 1763 993 1844 indicio
1023 1763 1177 1862 majoris
1201 1752 1460 1843 familiaritatis
1485 1753 1586 1843 illud
1612 1761 1703 1843 mihi
1726 1780 1785 1867 pm

365 1892 459 1949 meo
493 1873 785 1956 commutando.
873 1877 914 1957 Si
948 1875 1045 1956 istud
1089 1866 1320 1983 intelligatur
1355 1868 1534 1983 physice,
1554 1876 1621 1955 vix
1646 1874 1786 1983 reperiet

365 1975 497 2063 fidem.
581 1986 697 2067 Forte
717 2008 847 2069 tamen
875 2014 947 2071 nec
973 1982 1143 2096 implicat
1166 1983 1319 2095 phyfice
1341 1988 1487 2068 unione
1507 1992 1726 2070 nameunte
1748 2009 1784 2064 o

366 2097 492 2201 petati
499 2120 579 2287 pet
597 2119 665 2177 cor
687 2091 868 2196 alienum,
893 2102 1090 2211 praesertim
1107 2104 1147 2183 in
1164 2123 1332 2207 corpore
1347 2091 1536 2209 glorioso,
1562 2125 1631 2182 aut
1651 2124 1715 2210 pet
1728 2121 1783 2179 cot

368 2198 497 2404 gppreip
514 2235 593 2304 um,
615 2233 681 2293 aut
700 2237 779 2323 ope
808 2211 1093 2326 replicationis3
1112 2206 1288 2325 alioquin
1316 2208 1441 2322 posset
1464 2211 1546 2296 hoc
1566 2209 1706 2298 sadum
1726 2201 1793 2295 ese

293 2332 300 2349 ¹
368 2340 444 2401 ae
483 2319 556 2405 ινδ.

485 2534 549 2620 Ill
604 2540 647 2622 L
682 2567 718 2627 a.
742 2539 792 2624 C.
816 2538 868 2625 C.
899 2566 965 2639 23.
1020 2536 1071 2623 S..
1088 2538 1302 2625 Gertrudes
1331 2539 1382 2625 ad
1410 2541 1606 2625 Christum
1634 2545 1701 2625 ait:
1734 2540 1793 2623 lu-

370 2641 481 2759 supet
505 2653 546 2732 in
577 2647 738 2763 speciale
774 2657 1020 2737 ministerium
1049 2651 1237 2765 deputasti
1273 2654 1366 2737 mihi
1399 2648 1534 2767 sepius
1560 2650 1795 2737 nobilissimus

371 2756 502 2873 palatii
529 2768 584 2844 tui
613 2768 803 2876 principes
831 2794 915 2849 nun
940 2760 1064 2848 solum
1100 2766 1152 2849 de
1194 2768 1337 2850 choris
1375 2761 1619 2877 Angelorum
1656 2772 1694 2851 dt
1728 2766 1794 2847 dte

371 2868 662 2985 changelotum,
688 2873 754 2961 sed
769 2884 807 2963 dr
830 2873 1025 2974 altiorum,
1047 2902 1089 2962 ut
1112 2878 1163 2961 ad
1183 2882 1501 2963 convenientiora
1524 2880 1598 2967 tibi
1628 2874 1794 2993 obsequia

372 2989 413 3071 in
431 2984 684 3096 spiritualibus
702 3018 766 3076 me
786 3017 1076 3103 promoverent.
1158 2994 1201 3076 ln
1228 2995 1301 3076 hac
1328 2997 1448 3105 gratia
1471 2989 1654 3079 nullaesi
1673 3000 1785 3079 incon·

276 3126 281 3137 ’
372 3104 581 3203 venientia,
602 3107 697 3217 quia
725 3132 862 3191 onmes
886 3099 1014 3219 angeli
1031 3100 1117 3189 sunt
1131 3105 1435 3189 administratorii
1452 3100 1614 3217 spiritus.

488 3329 555 3412 tv.
610 3328 655 3413 1.
688 3357 723 3434 3.
757 3332 805 3413 c.
839 3356 903 3412 η.
961 3324 1133 3412 Christus
1161 3325 1213 3409 ad
1249 3326 1289 3409 S.
1316 3325 1555 3413 Gettrudem
1581 3332 1660 3417 ait:
1709 3334 1790 3415 'suu

376 3432 547 3522 dulcedo
571 3466 673 3529 ,meae
695 3442 902 3526 divinitatis
928 3443 983 3525 eil
1007 3435 1047 3537 su
1077 3465 1118 3523 et
1141 3464 1181 3524 te
1200 3466 1427 3537 commota,
1456 3445 1496 3523 dt
1528 3470 1578 3529 ex
1600 3448 1706 3561 huius
1724 3470 1792 3559 gre

376 3557 436 3635 tiae
459 3559 729 3638 commotione
749 3582 791 3638 tu
813 3554 917 3665 apud
938 3582 1002 3638 me
1032 3468 1214 3662 AEseepisli
1231 3548 1347 3637 talem
1364 3547 1707 3665 glorificationem,
1721 3582 1798 3673 qua·

373 3660 452 3747 lem
482 3692 623 3775 eorpus
649 3694 777 3751 tneum
805 3664 961 3778 suscepit
987 3675 1025 3750 in
1048 3692 1185 3749 monte
1211 3672 1372 3751 Thabor
1408 3688 1542 3752 coram
1571 3676 1697 3759 tribus
1722 3670 1800 3759 dile·

373 3782 444 3867 diis
471 3773 661 3892 discipulis
687 3789 782 3867 nteit
794 3837 809 3881 ,
837 3805 879 3866 ut
906 3781 959 3867 de
995 3803 1034 3862 te
1064 3775 1345 3893 gratulabunde
1370 3780 1520 3893 ‚dicere
1547 3788 1708 3900 pollinis
1742 3792 1803 3875 iiic
