3690 4988
207 336 303 433 132
591 300 896 407 revelationes
929 308 975 407 S.
1013 271 1256 410 Gertrudra.

317 509 365 594 11.
421 508 465 593 1„
495 533 530 594 t.
557 510 607 593 C.
634 537 698 600 ιι.
753 512 927 599 Christus
944 511 994 596 ad
1024 514 1062 597 S.
1089 512 1326 599 Gertrudem
1352 515 1423 596 ait:
1461 513 1617 601 Libente

202 651 250 709 ac
268 626 406 705 merito
422 621 492 704 tibi
518 616 736 707 calcandam
753 622 790 710 se
813 653 910 711 terra
936 622 1070 727 offert,
1094 631 1258 739 quando
1288 623 1461 709 universa
1481 656 1617 740 quoqu

203 732 393 821 coelorum
415 734 578 845 dignitas
600 733 782 821 ineffabili
804 739 993 824 defiderio
1012 737 1202 850 exspedat
1225 743 1327 822 hanc
1351 742 1493 822 horam
1514 747 1617 844 jucun

204 849 408 947 dissimam,
436 874 578 960 quate
607 849 811 962 dignanter
835 877 976 963 portet.
1004 901 1022 918 ·
1080 856 1166 963 Ego
1194 880 1325 964 neque
1348 857 1389 934 in
1417 851 1551 952 coelis,
1575 881 1617 936 ne

203 967 345 1074 quein
376 967 483 1046 terris
518 963 614 1074 quid
635 969 807 1075 reperio,
832 969 887 1047 iti-
906 992 989 1077 quo
1015 962 1093 1048 stne
1110 991 1151 1049 te
1168 962 1355 1048 oblecter.
1381 1013 1400 1030 ·
1458 968 1617 1077 Cumqu

203 1075 416 1160 Gertrudes
441 1069 577 1157 labore
603 1103 800 1186 gravatum
828 1103 944 1190 caput
963 1104 1121 1188 cuperet
1143 1072 1389 1172 refocillare,
1417 1082 1458 1157 δι
1487 1104 1617 1187 propte

201 1217 266 1272 rea
289 1185 429 1298 species
451 1195 676 1273 aromaticas
701 1195 741 1273 in
765 1218 836 1274 ore
859 1216 1022 1288 teneret,
1045 1193 1245 1275 Dominus
1272 1187 1311 1275 se
1330 1191 1383 1272 ad
1406 1185 1513 1273 illam
1537 1187 1617 1273 inrli

55 1374 59 1381 .
201 1307 320 1395 navit,
344 1300 448 1413 quafi
468 1301 663 1386 hausturus
690 1330 738 1385 ex
757 1331 802 1387 ea
826 1304 961 1387 odoris
985 1304 1253 1419 fragrantiam,
1283 1299 1488 1406 simulans,
1517 1302 1617 1386 odon

201 1415 279 1499 hoc
299 1411 505 1526 specierum
534 1413 570 1498 se
597 1422 773 1529 egere&
802 1415 1026 1504 confortari.

316 1597 377 1676 111.
435 1597 477 1678 L
511 1625 545 1679 i.
575 1598 625 1680 G
659 1623 723 1694 ις.
779 1599 953 1682 Christus
980 1600 1031 1682 ad
1057 1599 1097 1684 S.
1124 1597 1374 1683 Gertrndem.
1432 1600 1522 1711 Ego
1538 1624 1617 1681 ama·

201 1734 264 1793 tor
285 1732 370 1791 etrus
389 1712 513 1792 creavi
536 1735 597 1805 te,
624 1736 667 1792 ut
696 1714 737 1793 in
763 1710 1012 1795 delitiis'utar
1035 1737 1087 1795 te,
1169 1716 1216 1795 Et
1234 1715 1278 1795 L.
1306 1739 1342 1810 3.
1367 1713 1419 1796 C.
1443 1741 1476 1811 5.
1503 1717 1617 1796 iterun

201 1824 393 1909 Christusz
429 1849 541 1905 amor
569 1850 677 1906 meus
699 1824 769 1907 tibi
794 1832 833 1907 in
860 1827 1231 1909 tantumiutricatus
1248 1825 1321 1918 est,
1354 1825 1472 1937 quod
1493 1824 1569 1909 fine
1592 1848 1617 1906 tr

200 1936 315 2019 beate
336 1939 464 2019 vivere
487 1932 595 2020 noio.
655 1940 702 2020 Er
724 1941 766 2021 1„
786 1965 822 2036 3.
843 1940 892 2021 C.
919 1960 957 2034 ε.
986 1937 1147 2021 intende
1171 1940 1264 2020 mihi
1276 1999 1290 2037 ,
1311 1942 1353 2019 dr
1383 1935 1617 2021 dulcisona&

198 2053 384 2133 amatoria
407 2050 572 2132 cantabo
592 2049 662 2132 tibi
685 2048 939 2158 epithalamia.
1020 2051 1235 2161 Perpende,
1259 2050 1372 2160 quod
1391 2075 1518 2135 torum
1538 2077 1617 2133 tem·

139 2223 146 2234 .
199 2190 269 2274 pus
292 2192 356 2263 33.
377 2187 581 2257 annorum,
600 2190 684 2273 quo
709 2161 880 2263 laboravi
898 2191 971 2276 pro
990 2189 1054 2262 te,
1079 2158 1171 2246 nihil
1194 2159 1422 2268 aliud-fuit,
1445 2164 1559 2276 quim
1577 2155 1617 2244 le·

197 2279 305 2386 gatio
331 2271 404 2355 des
423 2275 630 2358 unsationis
656 2301 741 2360 ruae.
820 2282 869 2363 Et
900 2281 951 2365 C.
991 2306 1053 2365 tt.
1096 2283 1197 2362 Tota
1221 2270 1397 2360 dulcedo
1430 2278 1617 2361 divinitatis

196 2415 291 2471 meae
312 2390 365 2472 est
386 2304 497 2501 siper
518 2413 558 2472 te
579 2411 789 2475 commota.

312 2555 378 2636 IV.
435 2555 478 2637 L.
503 2580 537 2653 3.
562 2553 610 2636 C.
636 2567 701 2638 16.
760 2551 799 2634 S.
831 2547 1046 2634 Gertrudes
1075 2547 1126 2632 ad
1158 2551 1363 2635 Christum.
1451 2552 1617 2644 Domine,

196 2666 408 2780 quomodo
435 2667 589 2778 potuisti
618 2666 710 2748 mihi
742 2664 909 2776 indignae
933 2690 1037 2747 tanta
1071 2663 1177 2746 dona
1211 2662 1418 2749 conferre?
1462 2673 1521 2749 eui
1546 2668 1617 2748 Do-

197 2784 343 2863 minus:
384 2789 507 2861 Amor
534 2783 664 2889 coegit
694 2806 767 2861 me.
847 2780 896 2860 Et
932 2779 973 2860 L
1008 2807 1044 2878 3.
1082 2782 1128 2858 C.
1158 2805 1223 2875 3ο.
1254 2775 1383 2885 §.26.
1441 2780 1617 2863 Dominus

197 2907 283 2978 cum
310 2917 412 2975 tanta
441 2893 667 3004 dignatione
693 2888 731 2973 se
759 2891 941 2975 Gertrudi
969 2883 1187 2989 inclinavit,
1215 2889 1329 3000 qnod
1359 2916 1445 2975 tota
1474 2886 1617 2975 coelestia

198 3012 299 3090 curia
318 3034 406 3089 eum
430 3034 613 3089 revocare
630 3005 835 3102 nitebatur,
860 3002 966 3116 quasi
986 3030 1072 3084 cum
1104 3002 1369 3087 admiratione.
1430 3004 1495 3088 Ad
1522 2998 1617 3117 quod

195 3122 391 3205 Dominus
421 3118 651 3232 respondit:
708 3111 833 3202 Nullo
860 3117 986 3199 modo
1015 3111 1167 3225 possum
1195 3143 1259 3199 me
1293 3121 1514 3215 continere,
1537 3120 1617 3229 quin

194 3234 330 3345 sequar
354 3262 453 3336 eam,
476 3261 563 3346 quae
587 3257 665 3314 tam
701 3225 917 3315 efficacibus
948 3223 1168 3311 humilitatis
1202 3230 1383 3312 trudibus
1416 3254 1617 3315 cormeum

195 3346 365 3429 divinum
394 3348 548 3428 intrabit
574 3344 655 3428 sibi.
724 3346 772 3427 Et
801 3348 842 3427 L.
877 3370 912 3441 3.
943 3350 988 3425 C.
1019 3368 1081 3438 50.
1140 3343 1312 3425 Christus
1340 3343 1392 3425 ad
1423 3350 1478 3430 G.
1530 3346 1617 3427 Sicut

194 3483 237 3540 ru
263 3461 365 3541 certi:
389 3456 573 3554 affirmas,
603 3460 709 3541 trin
741 3451 845 3539 nulla
872 3480 1041 3538 creatura
1071 3450 1251 3539 delectari
1281 3454 1391 3564 posse
1423 3482 1617 3553 extreme,

195 3568 246 3655 fic
272 3577 309 3652 dr
333 3600 410 3683 ego
433 3584 471 3654 in
496 3573 626 3654 diviua
646 3574 785 3653 virtute
803 3596 888 3652 mea
912 3565 1117 3664 confirmo,
1136 3568 1249 3679 quod
1271 3597 1476 3682 nunqnam
1500 3566 1617 3655 inulla

197 3710 367 3766 creatura
400 3682 581 3769 delectari
606 3679 702 3767 volo
727 3709 830 3765 extra
856 3708 896 3765 te
924 3734 940 3747 -
970 3674 1066 3767 visus
1097 3682 1301 3781 divinitatis
1323 3690 1617 3770 meae-inaestima

191 3793 263 3881 br'ii
292 3797 415 3899 modo
443 3795 655 3881 deleantur
682 3791 864 3907 inspicere
891 3819 956 3889 te,
985 3819 1102 3907 quam
1133 3797 1226 3877 mihi
1252 3820 1330 3877 tam
1360 3797 1617 3911 acceptabiien

193 3915 234 3995 in
261 3907 387 3993 multis
408 3912 523 4001 donis
548 3916 682 3995 creavi
764 3910 928 3993 Auditus
955 3917 1070 3997 eriam
1093 3935 1201 3991 meus
1236 3907 1395 3993 divinus
1416 3914 1529 4025 quasi
1556 3915 1617 4027 qui

195 4025 370 4110 busdam
386 4022 599 4111 suaviisunis
631 4020 777 4108 musicis
813 4023 1068 4107 instrumentis
1108 4016 1269 4105 afficitur
1301 4026 1348 4109 'un
1383 4030 1617 4115 omnibusd

1595 4171 1617 4226 e.
