3690 4988
498 253 800 352 Revelariunes
836 258 880 352 S.
919 253 1157 354 corruda.
1226 374 1229 379 ¹
1334 244 1337 249 ’
1455 288 1550 391 139

158 402 612 655 ppffuibsuappliptpitt
625 452 1187 654 ⁰lc²¹g¹¹¹¹¹l¹¹f⁰¹¹¹lssh⁰¹¹s¹bffi
1202 458 1429 654 divinipati·
1458 464 1550 659 [Ipsi

158 600 206 767 Ξ.
237 599 355 767 imru
373 595 515 767 lii?
541 599 976 797 bilisarii-isis?
991 598 1101 769 sil
1124 597 1298 768 silis
1326 597 1437 785 ll}
1454 604 1546 799 ps:

158 822 387 994 avelllllslll.
438 912 481 995 L
514 936 553 1007 4.
581 909 633 994 C.
664 934 736 1012 47.
789 910 834 992 ln
868 905 966 991 sellu
987 915 1042 993 ,Β.
1073 906 1314 1022 Magdalenae
1346 898 1566 1001 Dominus

158 1020 248 1107 ²SUS
275 1046 446 1153 mentem
476 1029 556 1130 ejus
579 1018 826 1107 amicabiliter
845 1047 982 1107 tenens
1004 1019 1216 1108 suavissimis
1238 1018 1293 1107 illi
1313 1020 1556 1133 blandieba„
1697 1136 1706 1149 Ι,

158 1136 365 1332 ffvllllllll.
424 1251 466 1333 L
493 1280 533 1350 4.
562 1247 611 1332 C.
635 1271 701 1355 49.
757 1253 802 1332 B.
829 1251 954 1360 Virgo
981 1250 1022 1328 in
1043 1192 1142 1331 fello
1175 1237 1447 1359 assumptionis
1477 1282 1537 1338 re·
1584 1182 1591 1193 ·

158 1359 252 1444 inavit
274 1359 312 1444 le
330 1359 438 1471 supra
461 1368 593 1473 pedus
613 1359 681 1445 filii
699 1358 766 1454 sui,
788 1367 825 1443 dc
852 1359 956 1472 quast
971 1365 1011 1442 in
1036 1357 1159 1462 iubilo
1177 1355 1386 1446 coelestium
1410 1392 1553 1457 amor-‚⁶

158 1475 256 1557 tarum
276 1481 468 1584 requievit
488 1503 611 1586 usque
642 1475 692 1556 ad
723 1471 891 1570 versum,
921 1472 960 1559 O
989 1469 1165 1586 Gloriosa
1195 1525 1214 1541 ·
1243 1477 1335 1558 dein
1362 1473 1534 1565 salutavit

158 1590 351 1688 ouESUS
381 1614 450 1696 per
468 1595 648 1671 oslavum
676 1583 994 1696 Responsotiums
1039 1583 1153 1672 Sal-ue
1183 1588 1372 1675 Mario·
1426 1592 1532 1677 Dein

158 1701 310 1787 mundes
344 1696 523 1787 translata
558 1704 611 1785 est
642 1704 683 1783 in
712 1703 840 1808 spiritu
879 1726 1003 1810 usque
1031 1700 1082 1781 ad
1111 1693 1372 1784 celsitudinem
1398 1699 1531 1814 gloria
1678 1733 1682 1743 ·

158 1812 327 1897 almeritis
351 1819 396 1897 B.
420 1816 586 1927 Virginis
606 1807 811 1898 concessas
839 1810 975 1924 'sicque
1000 1807 1232 1922 complacuit
1261 1813 1330 1897 sibi
1351 1819 1389 1898 iu
1408 1843 1456 1901 ea
1473 1813 1530 1899 ul·-

158 1928 296 2120 a-quitp
317 1926 392 2010 dici
409 1928 536 2036 potest
555 1929 747 2059 [lominus
763 1928 982 2030 majestatis,
1007 1920 1306 2010 &amicabiliter
1327 1921 1527 2013 blandien-

158 2059 262 2121 utene
293 2065 525 2123 armentum
548 2067 637 2123 eus.

206 2156 372 2261 xxxvl.
428 2155 472 2236 l..
501 2187 542 2253 4·
568 2071 619 2239 ¹C.
650 2130 716 2236 aa.
770 2150 942 2236 Christus
974 2143 1117 2234 blande
1140 2145 1339 2261 suscipiens
1365 2126 1527 2238 Gerttu·

158 2284 195 2344 m
210 2269 304 2348 inter
328 2262 459 2349 suaves
477 2261 674 2376 amplexus
691 2267 825 2348 divino
847 2262 957 2346 cordi
973 2258 1042 2347 suo
1064 2288 1163 2351 cam
1178 2260 1366 2374 applicuit
1391 2313 1409 2329 -
1434 2295 1527 2378 quae

158 2377 327 2463 mitfibi
347 2406 507 2462 omnem
533 2375 842 2476 delectationem,
857 2401 974 2486 quatu
997 2368 1167 2489 unquam
1189 2374 1238 2460 ali
1271 2382 1327 2461 uis
1344 2404 1525 2488 expertus

158 2486 207 2571 lin
222 2487 369 2586 osculis,
387 2498 425 2573 δι
444 2487 547 2574 illam
569 2487 734 2574 srmiliter
748 2492 815 2574 suo
833 2483 986 2572 Dileclo
1004 2516 1073 2599 pet
1089 2484 1200 2573 suave
1210 2406 1400 2585 ulredum,
1409 2493 1525 2603 quod

158 2604 264 2701 ieius
290 2600 474 2688 mellifluo
507 2603 714 2714 impressit,
745 2596 947 2686 offerebat.
973 2638 1004 2667 -·
1049 2605 1096 2685 Et
1123 2602 1318 2686 advocans
1349 2604 1524 2691 Christus
1672 2708 1676 2719 ,

158 2718 326 2801 trondem
354 2719 404 2800 ad
426 2723 463 2802 le
488 2723 527 2799 δι
556 2723 593 2798 in
618 2717 696 2800 stnu
728 2713 795 2800 suo
820 2710 990 2807 delicatis
1015 2740 1101 2797 eam
1126 2717 1307 2829 stringens
1338 2713 1525 2827 amplexi·

158 2835 229 2912 ts&
256 2826 393 2915 osculis
421 2825 671 2941 praedulcibus
708 2825 930 2913 demulcens
965 2832 1004 2911 de
1035 2832 1077 2909 in
1105 2826 1144 2911 se
1168 2853 1442 2931 transmutans,
1458 2825 1523 2939 se·

158 2942 259 3055 mque
288 2971 407 3026 unum
431 2940 595 3027 efficiens
625 2940 878 3042 beatificavit,
909 2964 1097 3052 quantum
1137 2937 1313 3053 possibile
1355 2944 1523 3031 creditur

158 3061 291 3140 minem
313 3061 475 3166 expetiti
501 3049 619 3166 polle.

203 3174 391 3253 xxxvii.
446 3173 489 3253 L.
517 3200 551 3269 5.
574 3172 624 3253 C.
655 3197 688 3268 ς.
742 3168 833 3251 Post
855 3191 1020 3253 mortem
1049 3168 1088 3252 S.
1116 3167 1319 3251 Gettrudis
1343 3172 1519 3280 apparuit

158 3289 282 3365 tutinus
304 3275 417 3385 JEsus
438 3307 575 3366 tenens
604 3287 770 3364 animam
797 3278 985 3365 defuncta
1005 3286 1102 3365 inter
1128 3281 1280 3366 brachia
1306 3277 1383 3380 sua,
1408 3279 1517 3368 blau·

158 3396 317 3509 udoque
341 3420 513 3478 mentum
537 3393 649 3505 ipsus
682 3403 921 3477 contrectans
951 3421 1035 3478 eam
1068 3394 1118 3478 stc
1144 3389 1416 3507 alloquebatur
1441 3402 1516 3483 &c

158 3502 229 3592 iilia
248 3533 454 3592 occurrunt
479 3504 587 3619 plura
602 3511 799 3591 tenerioris
816 3501 976 3590 affeous
1001 3506 1129 3619 paffim
1152 3513 1192 3590 in
1218 3509 1278 3591 bis
1299 3505 1515 3595 Revelatio·

158 3646 200 3705 us
227 3618 427 3731 exempla,
457 3648 544 3733 quar
577 3623 703 3709 studio
729 3621 924 3703 brevitatis
957 3627 1114 3704 omitto.
1193 3618 1300 3706 Talia
1326 3630 1444 3728 verb,
1471 3648 1514 3710 ut

158 3740 322 3835 eruunui,
349 3741 525 3845 quamvis
546 3734 570 3820 a
593 3736 685 3816 Deo
705 3738 872 3845 permitti
898 3731 1037 3844 possut
1062 3740 1102 3817 iu
1132 3734 1326 3847 phantasia
1350 3740 1449 3820 caste
1470 3764 1514 3821 a·

158 3858 270 3933 uuum
303 3851 352 3931 ad
380 3845 577 3930 fovendos
603 3852 727 3931 varios
752 3848 881 3932 bonos
914 3843 1097 3943 medus,
1124 3848 1286 3959 positive
1316 3874 1445 3935 tamen
1470 3874 1513 3933 ut

158 3957 281 4049 sentus
300 3960 326 4049 i
346 3962 437 4047 Deo
455 3962 596 4049 directe
615 3967 655 4047 dc
670 3958 904 4158 immediagb,
918 3988 999 4050 nott
1013 3963 1154 4050 decent
1172 3961 1404 4071 maiestatem
1423 3965 1513 4154 Dauit

910 4105 932 4157 ι
1197 4137 1200 4147 .
