3796 4994
16 334 85 402 ³
219 357 285 493 56
402 312 406 319 Ι
598 360 706 496 leeg.
727 306 881 462 'erae
901 387 958 460 err
975 364 1028 461 P.
1063 340 1281 509 Gravius.

79 566 81 570 ’
218 592 283 681 nm
306 558 438 681 glorie
471 560 617 652 furore.
685 568 749 652 Sic
775 560 856 652 illes
925 568 1161 674 Huiusmodi
1183 559 1309 651 solent
1332 559 1485 648 duabus
1510 562 1581 645 viis
1612 560 1672 644 in·

72 734 81 747 ·
266 686 344 782 edi,
360 687 399 763 &
421 683 584 789 induere
605 683 820 767 cothurnos
844 686 1000 796 utrique
1021 677 1115 794 pedi
1130 706 1257 794 aptos.
1315 677 1546 792 Aliquando
1565 681 1673 760 enim

215 710 304 883 sint
331 791 529 899 dissolute,
559 822 665 880 uanae
692 802 733 880 δι
762 792 950 910 garrulus
1005 791 1084 880 alio
1108 791 1204 880 loco
1233 789 1446 877 discurrunt
1474 791 1527 875 de
1555 792 1674 876 rebus

142 972 146 977 -
217 906 418 1008 altissimis,
436 917 476 993 δι
497 908 675 997 simulant
696 906 954 1009 sanctitatem,
985 937 1032 996 ex
1055 937 1135 1026 qua
1155 906 1232 1024 ipsa
1252 913 1452 994 actionum
1475 898 1674 1031 inaequali·

51 1026 64 1051 ‘
216 1048 298 1115 tate
322 1022 508 1140 cognosci
529 1022 697 1141 possunt.
835 1074 841 1089 .

324 1199 496 1329 Regula
532 1226 578 1325 χ.
633 1190 684 1296 Si
722 1188 962 1330 persona,
1008 1199 1090 1297 cui
1128 1187 1441 1313 tribuuntur
1458 1189 1673 1320 visiones

212 1356 312 1443 ‚aut
347 1333 711 1456 revelationes,
767 1331 919 1440 fuerit
960 1344 1128 1474 pravis
1178 1333 1413 1439 moribus
1467 1331 1676 1477 imbuta

117 1498 120 1505 ’
218 1481 493 1618 praesertim
534 1487 666 1590 vitiis
715 1475 1001 1608 carnalibus
1044 1475 1280 1595 subdita,
1324 1478 1377 1581 dc
1423 1483 1578 1596 curis,
1614 1503 1676 1582 ac

212 1620 617 1733 ‘solicitudinibus
652 1616 910 1756 superfluis
943 1611 1169 1739 irretita,
1218 1615 1554 1749 judicandum
1588 1618 1677 1740 est,

196 1789 343 1870 seam
371 1761 464 1867 esse
490 1764 569 1881 vel
593 1763 868 1904 deceptam
896 1791 956 1872 ac
976 1762 1188 1883 illusam,
1219 1783 1310 1871 aut
1331 1758 1453 1871 eam
1478 1758 1571 1881 esse
1594 1761 1675 1867 de·

220 1916 558 2048 ceptricem.¹

211 2098 216 2107 “
331 2064 503 2217 Regula
536 2074 585 2193 ll·
621 2076 766 2201 Idem
787 2064 1131 2210 ¹iudicandum
1167 2078 1236 2186 est
1273 2075 1447 2199 desis,
1482 2085 1583 2220 qui.
1604 2111 1678 2189 rt.-

220 2216 443 2361 ‚froenare
483 2212 823 2358 impatientia
859 2245 1040 2329 motus
1086 2222 1360 2364 negligunt.
1467 2232 1584 2357 R²s0
1608 2250 1680 2353 cst,

221 2369 319 2481 quia
357 2364 583 2475 hujusmodi
631 2362 822 2476 passiones
871 2362 1123 2453 irresroenatae
1156 2365 1375 2477 impediunt
1416 2359 1718 2469 elevationem

127 2536 132 2547 ι
222 2485 366 2567 mentis
387 2479 438 2565 ad
460 2475 835 2592 contemplationem
857 2477 1121 2593 spiritualium,
1139 2504 1182 2565 ut
1205 2481 1326 2565 docet
1344 2474 1381 2566 S.
1398 2474 1570 2567 ‘Thomas
1585 2510 1623 2565 ι.
1640 2508 1682 2567 a.

225 2602 403 2709 ri7r.
428 2594 484 2682 Α.’
504 2623 546 2696 4.
569 2594 618 2679 C.
645 2599 853 2713 &Qua
882 2596 935 2680 de
954 2598 1308 2699 Verit.a4.&5.
1388 2598 1514 2694 ·Nec
1538 2593 1682 2697 obstat,

223 2710 342 2825 quod
371 2710 515 2796 Matth.
542 2737 579 2809 7.
609 2709 773 2811 dicatur,
801 2705 946 2827 multos
972 2716 1013 2794 in
1041 2713 1202 2824 judicio
1220 2712 1416 2799 dictuross
1457 2709 1605 2798 Nonne
1639 2713 1681 2798 in

211 2822 374 2913 'nomine
395 2832 462 2913 suo
476 2819 790 2938 prophetavimus
812 2830 889 2911 dec.
944 2828 1138 2912 lit'tamen
1162 2821 1555 2915 laturossententiam
1584 2853 1683 2911 con-

222 2939 517 3026 demnationis:
576 2938 720 3056 Nescio
754 2966 842 3028 vos.
917 2944 1022 3051 Quia
1053 2942 1109 3025 ibi
1147 2935 1209 3025 vel
1242 2939 1367 3026 sermo
1400 2943 1454 3026 est
1484 2943 1537 3026 de
1567 2943 1683 3026 dono

223 3056 534 3169 praedicationis,
562 3055 614 3140 ad
672 3054 756 3139 uod
783 3081 864 3141 non
889 3084 932 3140 re
964 3059 1095 3140 uiritur
1122 3058 1218 3141 unio
1249 3051 1426 3167 affectiva
1446 3079 1537 3140 tum
1571 3057 1683 3160 Deo,

116 3186 121 3195 '
212 3169 322 3295 ¹ficut
345 3174 385 3255 in
406 3167 539 3257 Euafi.
597 3084 675 3256 Vll
703 3165 828 3285 sermo
859 3172 913 3254 est
934 3084 987 3254 §e
1018 3173 1119 3255 vitiis
1146 3167 1415 3284 spiritualibus,
1445 3168 1578 3286 qualia
1596 3167 1684 3257 sunt

102 3328 107 3339 ·
223 3280 414 3399 superbia,
442 3283 588 3369 invidia
615 3286 690 3371 dcc.
719 3312 805 3398 quae
826 3313 911 3372 non
932 3289 988 3382 ita
1008 3286 1164 3369 turbant
1185 3288 1428 3371 harmoniam
1449 3284 1683 3400 pellionum,

128 3456 142 3465 -
224 3424 270 3485 ut
294 3398 511 3513 impediant
541 3397 836 3484 conversionem
864 3396 1028 3486 totalem
1062 3404 1344 3516 imaginationis
1372 3406 1411 3484 ἃ
1438 3406 1601 3487 tationis
1632 3403 1686 3488 ad

100 3580 103 3587 .
223 3517 375 3613 Deum,
405 3508 649 3598 necessariam
669 3518 709 3598 in
733 3514 886 3614 Edlasr,
907 3516 1002 3602 srcut
1035 3541 1165 3601 tamen
1194 3543 1279 3602 eam
1309 3516 1467 3602 turbant
1493 3514 1687 3630 passiones

132 3676 139 3689 -
223 3632 302 3726 irae,
329 3629 496 3725 tristitie,
526 3622 809 3731 delectationis,
839 3635 1003 3733 timoris,
1028 3658 1191 3753 peccata
1221 3625 1397 3731 carnalia,
1425 3638 1465 3717 dc
1493 3629 1688 3744 immense

120 3840 124 3851 ¹
222 3739 487 3829 solicitudines
519 3735 654 3830 saeculi.
730 3748 779 3830 Et
804 3744 899 3831 ideo
926 3751 1042 3832 etiam
1074 3747 1202 3832 Rabbi
1227 3743 1386 3860 Moyses
1422 3746 1527 3833 bene
1564 3746 1686 3839 dicits

222 3859 305 3942 hoc
332 3852 407 3939 esse
429 3853 599 3968 fignut'n,
625 3859 740 3971 quod
769 3854 907 3975 aliquis
931 3861 976 3946 fit
1013 3856 1125 3946 falsus
1155 3862 1382 3974 Propheta,
1416 3863 1592 3977 quando·
1609 3889 1686 3949 vo·

177 4040 180 4045 .
222 3966 438 4083 luptatibus
461 3977 501 4054 dt
520 3967 826 4060 solicitudinibus
846 3972 967 4061 saeculi
990 3976 1197 4062 detinetur.
1268 3981 1360 4060 Dixi
1377 3981 1431 4062 ita
1456 3957 1706 4091 p'raeiumen-''

225 4087 324 4170 dum
353 4080 443 4185 esse,
504 4090 565 4171 uia
595 4118 677 4174 non
706 4093 760 4174 est
789 4093 883 4178 Deo
910 4082 1166 4204 imposibile,
1195 4097 1236 4177 in
1267 4088 1353 4177 casu
1379 4095 1689 4179 extraordinario

34 4260 57 4295 ·.
216 4200 265 4313 'in
284 4203 438 4331 bonum
468 4112 683 4292 {lectonam
711 4200 869 4295 suorum
896 4234 932 4294 r.
957 4234 996 4323 g.
1025 4204 1242 4323 gentilium,
1271 4234 1375 4322 quos
1401 4208 1690 4410 vocatd'aplic·

1551 4351 1688 4411 etam:
