3772 4988
513 227 517 233 ¹
596 253 814 436 raempu
845 301 999 407 rever.
1025 298 1321 448 afficiatur„
1600 338 1716 448 47·
1762 392 1767 399 .

208 513 392 612 labaturJ
429 503 519 599 cr'tm
556 509 666 598 bona
705 537 811 596 nova
838 505 992 598 suorum
1020 506 1197 598 fideliutn
1226 504 1424 599 audiebat.
1507 511 1675 632 Angelis

210 657 342 743 autern
353 684 369 728 ,
387 645 390 649 ’
407 653 580 743 quorum
628 626 810 713 custodia
838 631 974 713 animae
1012 628 1288 714 damnatorum
1321 626 1480 715 fuerunt
1510 636 1672 735 tradita'r,

210 769 416 859 nunquam
453 744 505 830 de
529 767 669 828 caetero
689 766 802 827 erunt
823 746 1037 828 animatum
1061 744 1244 829 custodiar
1259 742 1462 860 assignata,
1482 752 1675 863 quoniam

210 890 310 980 quas
338 854 407 943 sub
441 853 505 943 sua
534 857 709 944 custodia
732 856 962 961 habuerant,
997 860 1293 944 damnabantur.
1350 863 1417 946 Sic
1446 856 1525 953 illa.
1576 868 1675 955 Haec

208 982 352 1069 mirum
374 974 442 1079 est,
470 972 499 1060 fi
524 999 606 1059 non
632 976 852 1087 pertineant
883 974 937 1061 ad
961 968 1181 1062 illusionem
1207 973 1425 1090 phantasiae,
1644 984 1649 991 '

355 1197 404 1299 ὅ.
450 1187 510 1297 In
543 1187 665 1296 Vita
698 1184 756 1291 Β.
794 1184 1011 1295 AEmiliae
1041 1215 1090 1300 'in
1130 1211 1367 1330 Appendice
1407 1216 1460 1305 ad
1503 1247 1541 1325 3.
1578 1198 1689 1335 May*

214 1336 267 1427 C.
289 1368 332 1440 4·
361 1333 553 1420 habentur
571 1324 802 1443 sequentia:
842 1324 1076 1444 Aliquando
1105 1329 1245 1417 diebus
1275 1336 1469 1443 continuis
1501 1330 1677 1448 plurimis
1744 1398 1748 1403 -

213 1450 452 1539 abundantia
477 1446 660 1531 imbrium
678 1440 923 1532 laboraverat
943 1470 1055 1545 terta,
1073 1447 1200 1560 iisque
1219 1450 1441 1534 avertendis
1455 1452 1568 1537 varia
1582 1448 1676 1536 No·

216 1595 352 1655 vennae
368 1559 762 1677 supplicationesque
783 1557 938 1647 fuetant
973 1558 1108 1647 frustra
1130 1563 1318 1648 institutae.
1376 1563 1528 1654 Orabat
1556 1569 1675 1653 etiam

217 1711 269 1771 eo
294 1681 376 1768 fine
398 1672 581 1775 similia,
610 1702 698 1762 cunr
723 1674 794 1763 fibi
819 1679 952 1762 Deum
986 1675 1121 1764 videte
1149 1671 1225 1762 visa
1246 1677 1300 1763 est
1328 1672 1465 1765 sereno
1494 1684 1536 1768 in
1554 1689 1673 1775 aeres

216 1802 466 1910 Mariamque
498 1795 697 1906 Virginem
719 1788 759 1877 se
786 1788 1053 1879 consolantem
1073 1786 1240 1891 blande,
1265 1791 1545 1910 dicentemque
1565 1795 1678 1885 audi·
1710 1896 1717 1908 ‚
1744 1822 1748 1833 ·

216 1918 298 2001 vita
326 1909 420 1997 Filia
444 1936 553 2006 mea,
573 1935 627 1993 ne
649 1910 829 2008 dubites,
858 1916 954 2023 quin
989 1907 1242 1994 exaudienda
1267 1907 1340 1993 srnt
1370 1918 1570 1999 orationes
1587 1936 1676 2001 tuas.

216 2030 327 2119 Volo
355 2052 486 2116 autern
522 2024 670 2112 docere
697 2047 738 2108 te
781 2024 942 2111 brevem
976 2025 1220 2124 orationem,
1257 2045 1337 2138 qua
1364 2019 1433 2109 tali
1469 2026 1682 2116 occasione.

216 2145 383 2262 posthac
401 2140 529 2229 utitis.
588 2137 771 2252 Accipies
800 2136 897 2254 ergo
918 2142 1092 2228 Certum
1119 2132 1341 2225 Pascbalem
1367 2166 1456 2237 cum
1480 2142 1614 2228 Cruce
1631 2146 1675 2230 dt

216 2286 325 2376 aqua
345 2258 578 2358 benedida,
612 2259 654 2341 dc
695 2254 971 2341 comitantibus
995 2278 1036 2340 te
1057 2250 1386 2368 processionaliter
1409 2253 1605 2347 sororibus
1629 2251 1678 2346 fi'·

217 2374 357 2493 gnabis
383 2369 530 2460 deinde
552 2365 635 2457 sola
662 2374 792 2457 airem
821 2369 875 2473 ad
903 2396 1075 2486 quatuor
1094 2369 1233 2456 mundi
1258 2396 1409 2485 partes,
1437 2373 1491 2457 ad
1512 2369 1679 2489 singulas

220 2518 356 2578 cruces
375 2487 549 2575 dicendo
571 2482 705 2588 Credo,
726 2491 765 2571 δι
787 2482 959 2574 Verbum
982 2513 1075 2574 caro
1098 2484 1245 2598 fadum
1262 2483 1313 2598 ιβ
1336 2484 1396 2583 65
1418 2483 1615 2578 habitavit
1632 2491 1678 2579 in

218 2604 344 2697 nobis.
427 2608 503 2693 Pet
539 2601 687 2717 ignum
715 2602 769 2688 de
795 2604 959 2687 inimicis
987 2602 1124 2687 nostris
1146 2596 1275 2688 -libera
1303 2629 1379 2688 nos
1406 2606 1517 2691 Deus
1547 2606 1679 2691 noster

222 2723 302 2820 (ad
335 2723 417 2805 baec
446 2741 577 2804 autern
630 2716 751 2805 verba
788 2744 943 2804 crucem
972 2715 1186 2820 formabis)
1219 2721 1259 2802 in
1292 2720 1453 2805 nomine
1484 2724 1678 2807 Patris&

220 2833 319 2935 Filii,
345 2840 387 2920 δι
412 2836 575 2947 Spiritus
601 2834 744 2919 Sandi.
773 2832 916 2921 umen.
981 2832 1170 2947 Denique
1195 2829 1358 2946 regressa
1381 2830 1579 2922 inlocum
1604 2861 1683 2951 ope

221 2975 437 3068 portunum
457 2948 634 3036 recitabis
656 2949 834 3034 Letanias
851 2950 996 3035 honori
1018 2975 1111 3033 meo
1138 2947 1373 3060 compofitas
1395 2978 1483 3036 cum
1498 2955 1680 3065 Hymno,
1734 3024 1738 3033 .

222 3071 350 3154 Maria
371 3066 500 3151 Matri
522 3067 664 3177 gratia,
686 3072 809 3149 t'natet
833 3066 1122 3161 misericordia,
1149 3085 1193 3146 tu
1219 3090 1294 3148 nos
1325 3064 1375 3149 ab
1411 3066 1523 3151 hoste
1545 3090 1683 3180 prote·

225 3211 291 3300 ge,
315 3187 355 3267 δι
377 3183 479 3269 bora
503 3183 639 3265 mortis
661 3175 816 3293 suscipe.
871 3185 966 3265 Haec
983 3176 1011 3265 fi
1028 3183 1069 3265 in
1090 3178 1381 3293 tempestatibus
1404 3179 1682 3286 observaveris,

225 3297 379 3386 videbis
403 3298 444 3381 in
474 3309 679 3381 momento
713 3296 841 3381 redite
875 3292 1141 3383 serenitatems
1178 3298 1301 3380 immo
1332 3293 1480 3381 ob·tui
1504 3320 1682 3385 amorem

225 3402 395 3501 similiter
413 3411 680 3512 exaudientur,
695 3414 840 3525 quicun
874 3437 925 3495 ue
939 3411 1078 3498 cadem
1098 3405 1372 3525 usurpaverint.
1427 3415 1525 3498 Haec
1538 3415 1687 3501 iterum

228 3526 332 3618 sorte
355 3524 447 3616 sunt
469 3519 666 3612 illusiones
695 3438 873 3640 phamasl
902 3583 914 3612 .

365 3763 415 3860 7,
461 3720 524 3829 In
569 3719 690 3860 Vit'a
733 3717 790 3826 B.
842 3716 1105 3828 Christinae
1151 3715 1514 3829 Stumbeleniis
1563 3738 1694 3835 multa

222 3897 427 3964 sanantur
454 3866 564 3950 mira.
621 3867 780 3961 Pctms,
810 3866 881 3978 qui
909 3868 990 3969 ejus
1015 3861 1181 3948 visiones
1213 3868 1254 3948 δι
1284 3868 1459 3952 aiiiones
1488 3857 1686 3951 describite

159 3980 166 3999 '
221 3992 264 4082 C
287 4026 325 4084 a.
354 3994 436 4079 ait:
456 4021 459 4025 ’
481 3981 591 4068 Cum
620 3983 784 4081 invitata
814 3979 866 4064 ad
887 3973 1057 4064 mensam
1079 3973 1247 4097 Rlebani
1271 4003 1345 4065 nos
1365 3984 1545 4066 invitaret
1574 3979 1626 4064 ad
1647 4003 1690 4063 a·

218 4137 332 4230 quarn
360 4096 557 4200 matribus
583 4097 722 4185 nostris
750 4089 1046 4197 offundendam,
1062 4094 1187 4185 sittim
1211 4097 1375 4211 pronrpi
1397 4099 1441 4208 in
1465 4088 1704 4315 mffiffi
