3796 4994
542 235 742 333 neverat.
764 239 809 332 S.
832 222 1086 364 Elrfirberhae
1104 233 1351 370 Scbdnaeug.
1471 193 1476 200 .
1575 269 1676 372 ¹79

216 437 298 522 duo
336 439 533 550 principes
564 441 725 549 iniqui,
759 466 927 552 quorum
958 445 1117 524 nomina
1140 463 1249 524 erant
1275 441 1601 544 Maximinianos,
1631 448 1674 530 dc

214 551 440 650 Africanus,
470 558 540 664 qui
571 554 747 636 videntes
779 581 956 665 magnam
988 553 1063 638 elle
1088 550 1372 638 multitudinem
1405 557 1597 654 nostram,
1626 561 1670 644 dt

213 661 357 749 multos
386 672 584 749 confluere
608 667 658 747 ad
680 695 767 764 nos,
790 673 828 748 ἃ
856 668 974 750 'nobis
998 664 1188 765 associari,
1213 669 1400 779 indignati
1439 663 1523 752 lunt
1547 671 1666 754 vehe-

215 805 367 862 menter
397 775 600 862 adversum
628 807 724 877 nos,
757 806 802 863 ac
823 780 1060 876 metuebant,
1095 810 1146 866 ue
1172 767 1276 865 foste
1301 811 1371 892 per
1398 807 1471 863 nos
1500 777 1664 868 multum
1735 806 1738 813 ·
1766 830 1769 838 2

216 894 382 978 crescere
406 894 570 977 deberet
597 887 748 1004 Religio
774 896 1013 993 Christian23
1063 897 1169 979 unde
1195 923 1283 978 cum
1312 890 1566 1006 explorassent
1589 901 1663 982 iter

214 1011 401 1103 nostrum,
424 1034 509 1118 quo
533 1003 760 1117 profeciurae
783 1035 945 1105 eramus,
980 1005 1164 1092 miseruut
1184 1036 1272 1092 cum
1292 1006 1535 1093 festinatione
1555 1006 1659 1120 lega·
1770 1090 1778 1103 ,

217 1147 282 1206 tos
306 1122 356 1204 ad
382 1121 581 1232 quendam
606 1147 814 1234 cognatum
840 1117 947 1204 suum
973 1128 1135 1207 nomine
1159 1119 1327 1226 Julrum,
1352 1131 1420 1235 qui
1450 1147 1531 1206 erat
1558 1133 1659 1235 prin·

217 1262 309 1344 ceps
338 1239 467 1346 gentis
488 1240 750 1334 Hunnorum,
775 1238 973 1320 hortantes
1007 1263 1124 1331 eum,
1157 1249 1199 1320 ut
1231 1241 1376 1320 edusio
1402 1240 1570 1321 exercitu
1591 1230 1659 1320 suo

215 1344 522 1459 persecutionem
551 1348 667 1432 nobis
696 1346 877 1446 inferret,
917 1376 962 1431 ac
989 1343 1138 1432 deleret
1163 1379 1255 1439 nosr
1305 1357 1479 1463 qui‘cito
1507 1357 1661 1462 acquie-

214 1459 321 1546 scens
353 1458 543 1546 voluntati
576 1485 711 1547 eorum
743 1490 832 1546 cum
870 1489 1013 1546 armata
1051 1451 1297 1547 mulrludme
1327 1461 1529 1579 egrediens
1555 1469 1681 1549 irruit·

213 1569 444 1687 supernos,
469 1603 556 1660 cum
589 1571 813 1687 venissemus
843 1578 1082 1671 Coloniam,
1109 1579 1245 1687 ibique
1274 1573 1411 1661 effudit
1440 1572 1659 1688 sanguinem

215 1690 400 1774 nostrum.
430 1696 503 1773 dcc.
532 1695 608 1773 dec.
664 1695 749 1774 Fuit
776 1695 816 1773 in
841 1685 1013 1775 Colonia
1041 1695 1080 1772 in
1108 1715 1288 1799 tempore
1311 1685 1380 1773 illo
1402 1687 1503 1774 sacer
1527 1696 1659 1776 Ponti·

214 1802 284 1887 fex
310 1800 447 1916 plenus
474 1799 602 1915 spiritu
629 1802 772 1901 sancto,
791 1809 859 1917 qui
883 1830 1039 1916 quartus
1061 1807 1147 1914 post
1168 1811 1326 1888 Beatum
1349 1810 1557 1887 Martinam
1589 1809 1657 1887 Ec·

218 1913 368 2003 clessam
386 1921 463 2002 Dei
480 1914 558 2000 illic
581 1918 834 2030 gubernabat,
861 1923 1017 2001 nomine
1040 1913 1260 2030 Aquilinus.
1347 1921 1432 2000 Hic
1449 1919 1535 2000 ciam
1569 1917 1656 2001 esle-

217 2057 306 2114 mus
326 2027 540 2145 regressurae
562 2034 584 2116 ὲ
606 2034 741 2131 Roma,
764 2034 911 2116 audivit
927 2059 1078 2131 vocem,
1101 2035 1295 2117 dicentem
1315 2031 1398 2130 sibi,
1419 2058 1461 2116 ut
1482 2033 1534 2116 ad
1552 2030 1658 2145 sepe·
1737 2105 1745 2111 .

216 2139 349 2263 liqnda
371 2172 536 2257 corpora
553 2152 680 2232 nostra
697 2170 924 2260 ptaeparatus
943 2144 1045 2229 esset.
1068 2153 1143 2230 dcc.

336 2341 551 2449 Hucusque
574 2333 837 2441 revelationes,
857 2322 1077 2423 Elisabethae
1101 2328 1448 2448 Senonaugienfis,
1465 2336 1514 2420 ad
1540 2335 1660 2421 finem

216 2448 376 2535 additur
393 2457 471 2555 ejus
490 2448 647 2562 epistola
672 2453 721 2533 ad
741 2450 936 2534 Abbatem
958 2447 1203 2550 Tuitiensem,
1218 2458 1259 2534 in
1279 2479 1357 2562 qua
1370 2479 1441 2560 per
1458 2445 1660 2534 revelatio-

218 2592 311 2648 nem
343 2565 435 2648 dicit
462 2560 499 2649 se
527 2562 731 2674 accepisse,
756 2567 869 2676 quod
890 2568 929 2646 in
951 2562 1069 2662 loco,
1097 2563 1163 2647 ubi
1192 2590 1273 2647 erat
1301 2561 1497 2648 commissa
1521 2569 1660 2647 irreve-

216 2674 613 2874 {remlfffflhswam
627 2683 825 2874 <quostiami
851 2707 906 2874 qo
927 2679 1068 2876 diebuq
1093 2674 1184 2875 esget
1203 2674 1502 2875 &efficandtqm
1516 2681 1661 2876 daqeqlnae·

251 2820 431 2876 emrer
480 2818 969 2878 ocmooconcurrur.
1070 2820 1095 2875 n
1150 2819 1244 2876 re.
1333 2819 1394 2876 rrae
1465 2819 1485 2873 a

220 2931 313 2989 ante
332 2909 496 2989 Primam
521 2935 598 3019 ego
618 2907 806 3018 Egbertus
829 2908 970 2991 siabam
992 2934 1107 2990 orans
1125 2930 1216 2990 ante
1236 2899 1370 2989 Altare
1394 2909 1432 2991 S.
1452 2820 1659 3000 leiberri,

154 3032 158 3037 ’
219 3024 261 3103 dr
288 3021 368 3103 vidi
391 3025 580 3103 flammam
606 3019 951 3105 rubicundislimam
979 3020 1100 3104 tribus
1134 3021 1281 3103 vicibus
1304 3015 1411 3129 supra
1438 3014 1557 3103 altare
1580 3041 1661 3099 ma·

216 3139 279 3242 jus
302 3139 400 3219 circa
417 3129 597 3246 reliquias
620 3138 659 3219 S.
687 3133 893 3218 Heribcrti.
947 3135 1213 3218 Existimabam
1242 3133 1297 3216 ibi
1326 3131 1400 3216 esse
1427 3129 1661 3241 lampadem,¹
1797 3160 1805 3174 ·

219 3243 367 3347 accedi,
391 3272 434 3330 ut
452 3251 637 3345 viderem,
660 3253 701 3331 δι
724 3275 807 3331 non
828 3270 919 3331 erat
978 3250 1064 3358 Ipso
1085 3273 1215 3332 autem
1233 3246 1298 3330 die
1318 3242 1444 3329 obtuli
1459 3240 1568 3358 super
1583 3270 1665 3328 cas·

222 3362 317 3444 dem
334 3355 514 3473 reliquias
541 3359 796 3446 revelationes
830 3356 1044 3458 Elisabeth,
1070 3389 1168 3475 quas
1199 3360 1368 3446 ostendit
1390 3355 1446 3445 illi
1466 3361 1663 3443 Dominus

220 3475 276 3562 de
299 3482 468 3561 exercitu
487 3478 526 3561 S.
551 3472 690 3560 Ursulae
713 3479 890 3586 Virginis.
1773 3472 1779 3483 ’

480 3651 644 3772 Explicit
671 3657 787 3744 siber
813 3659 972 3743 Viarum
998 3659 1076 3745 Dei
1104 3657 1197 3744 Deo
1227 3659 1393 3760 Gratias.

939 4041 983 4150 Z
1022 4085 1043 4151 r
1268 4059 1270 4063 ’
1434 4034 1664 4149 Demon⁸>
