3796 4994
221 241 322 363 1οό
606 245 915 349 ll'evesationes
946 246 994 341 S,
1030 221 1274 342 Gnsrudr's.

217 454 298 556 nr,
317 450 429 545 sein
445 413 586 541 'susus
668 445 882 563 oremus,
914 452 984 563 qus
1009 448 1186 532 anserum
1206 472 1338 554 retro,
1370 446 1666 540 urrunnu

212 572 217 580 '
268 575 325 657 'us
346 566 672 654 commendarunt
691 567 860 666 Christo,
883 567 922 646 dt
946 561 1075 648 tamen
1093 566 1298 674 perierunt.
1350 565 1434 649 Sed
1458 567 1541 650 haec
1556 562 1670 650 intel·

211 677 469 915 sdsspssqt
493 676 693 794 suppofitis
719 674 981 792 supponendis
1002 677 1046 761 in'
1062 703 1112 762 eo
1133 701 1174 761 te
1189 700 1322 845 textu:
1352 677 1433 797 Qr‘
1452 677 1669 775 credideris,

219 1064 226 1071 ·
336 1022 424 1108 vll.
477 1021 521 1106 Ι.
549 1047 584 1106 ι.
603 1023 651 1105 C.
677 1046 741 1118 ¹⁷·
797 1011 1022 1104 Mechrildis
1042 1016 1258 1102 Dominum
1274 1014 1325 1103 fic
1341 1025 1589 1130 percunctata
1605 1021 1670 1107 elb

223 1135 429 1227 Dedistine
445 1135 620 1219 Domine
636 1137 690 1217 mi
706 1133 891 1218 Gertrudi
906 1133 1017 1216 dona·
1037 1131 1272 1237 hujusmodi,
1299 1133 1442 1245 quibus
1461 1133 1550 1220 tutd
1574 1161 1669 1247 pos·

225 1250 272 1344 srr
297 1276 373 1362 pro
404 1251 572 1361 'negotiis
604 1246 785 1331 dubiisve
813 1241 1052 1331 elucidandis
1089 1244 1331 1330 venientibus
1368 1246 1670 1363 quibuscunque

224 1366 277 1454 td
302 1363 340 1447 se
362 1357 619 1473 respondere,
648 1365 688 1443 dc
706 1384 766 1444 err
788 1358 1106 1473 ambiguitatibus
1134 1383 1204 1443 eos
1231 1363 1439 1458 extricare,
1467 1366 1669 1447 cerciores-

220 1505 309 1594 que
329 1502 376 1560 ac
392 1500 499 1560 turos
520 1479 558 1557 in
576 1499 651 1560 tuae
666 1476 899 1585 cognitionis
923 1477 1083 1557 veritate
1105 1468 1246 1558 facere.
1329 1475 1441 1556 Estne
1463 1476 1504 1557 ἃ
1530 1477 1609 1559 hoc
1627 1501 1668 1560 a·

256 1591 310 1676 ud
326 1614 368 1673 te
388 1591 556 1684 firmum,
584 1612 626 1672 ut
640 1613 779 1671 omncs
805 1611 875 1698 pet
894 1611 978 1670 earn
1000 1609 1042 1670 re
1095 1608 1279 1670 uaercntes
1295 1582 1420 1670 salutis
1437 1613 1585 1674 aeternae
1601 1587 1670 1674 fint

224 1620 431 1790 lubsrdium
451 1697 671 1786 inventuri?
731 1704 825 1784 llaec
850 1702 954 1784 eninr
978 1726 1028 1795 es
1055 1704 1061 1718 '
1096 1703 1105 1718 '
1133 1693 1330 1812 pollicitus
1354 1701 1413 1784 his
1440 1707 1478 1784 dr
1503 1704 1563 1786 his
1586 1730 1670 1788 ver·

224 1819 300 1915 bis,
329 1842 417 1931 quae
444 1841 518 1926 pro
540 1809 595 1899 sui
622 1814 871 1899 inllrndsione
897 1809 1187 1898 &humilitatis
1209 1808 1317 1897 causa
1344 1809 1423 1925 ipsa
1442 1817 1536 1900 mihi
1559 1842 1669 1902 reve-

61 1949 64 1954 ·
123 2046 126 2055 Ι
225 1928 330 2017 levit.
414 1928 482 2015 Ad
509 1927 622 2042 quod
653 1930 847 2012 Dominus
880 1924 1111 2040 respondit:
1168 1927 1255 2040 Ego
1283 1930 1388 2013 certe
1419 1925 1704 2049 dogmatibus,

225 2041 344 2158 ipsam
368 2045 663 2156 preeminentiis
681 2047 726 2125 iis
748 2041 906 2125 donavi.
990 2040 1201 2153 Quidquid
1228 2042 1378 2153 sperare
1405 2045 1534 2154 potest
1563 2049 1668 2157 quis·

226 2162 329 2272 piam
348 2152 387 2239 se
407 2182 477 2267 per
493 2156 656 2240 eandem
683 2180 944 2265 accepturum,
965 2153 1115 2267 absque
1136 2152 1262 2238 dubio
1285 2154 1490 2243 obtinebit.
1544 2158 1671 2242 Dein·

226 2272 280 2356 de
299 2294 574 2382 quemcunque
591 2266 670 2380 ipsa
690 2263 815 2352 altaris
832 2272 1112 2351 communione
1133 2269 1359 2374 judicaverit
1372 2267 1549 2381 dignum,
1564 2274 1669 2356 hunc

219 2382 487 2471 misericordia
517 2408 604 2466 mea
630 2404 828 2493 nunquam
857 2379 1019 2464 habebit
1044 2379 1281 2492 indignum..
1316 2384 1467 2480 Tertio,
1495 2382 1523 2467 st
1550 2411 1670 2497 quern

228 2497 280 2583 nd
309 2501 626 2581 communionem
648 2495 800 2579 hortata
823 2491 950 2591 fuerit,
974 2494 1037 2578 hic
1062 2489 1303 2578 affeciuofius
1317 2494 1341 2580 d
1355 2523 1420 2581 me
1436 2493 1665 2609 respicietur.

139 2638 142 2645 ’
226 2610 383 2723 Quarto
408 2609 580 2722 denique
601 2601 834 2720 fingulorum
861 2605 1036 2692 defectus
1066 2607 1117 2691 ad
1142 2607 1180 2690 se
1205 2613 1437 2694 venientium
1471 2617 1577 2714 juxta
1614 2611 1670 2695 di·

225 2713 458 2809 scrcrionem
484 2748 611 2806 meam
644 2725 815 2805 divinam
838 2720 1025 2822 judicabit
1048 2717 1126 2831 ipsa
1148 2715 1210 2804 vel
1234 2717 1402 2806 leviores
1427 2719 1491 2808 vel
1519 2731 1668 2837 gravio·

216 2862 314 2941 res,
337 2835 549 2947 quomodo
577 2860 655 2946 ego
676 2859 747 2919 eos
770 2832 968 2938 judicabo.
1051 2839 1355 2932 Verumtamen,
1378 2842 1567 2949 quonism
1593 2863 1668 2924 tres

81 3052 85 3060 ,
226 2944 313 3035 sunt
334 2951 403 3062 qui
428 2949 689 3031 testimonium
713 2946 920 3059 perhibent
941 2940 1125 3046 incurso,
1149 2953 1273 3044 Pater,
1292 2948 1488 3049 Verbum,
1513 2957 1554 3035 dr
1584 2955 1670 3064 Spi-

225 3068 321 3149 ritus
348 3063 530 3160 Sandsus,
560 3058 611 3147 stc
632 3055 710 3172 ipsa
730 3060 781 3144 ad
802 3086 849 3144 ea
867 3056 954 3174 quae
972 3055 1087 3174 loqui
1105 3057 1210 3158 vult,
1231 3089 1319 3174 quae
1335 3057 1574 3260 sequuntur,
1600 3068 1668 3150 de·

225 3176 296 3262 bet
313 3171 378 3261 r'es
396 3180 508 3260 icere.
590 3176 721 3260 Primo
747 3173 926 3259 observet
941 3200 1029 3258 cum
1047 3173 1222 3287 loquitur
1235 3173 1361 3271 alicui,
1393 3183 1564 3267 entittne
1584 3182 1668 3293 spi·

169 3312 173 3319 ·
224 3295 337 3375 situm
361 3204 399 3373 sl
423 3292 523 3374 intus
542 3282 807 3400 impellentem
833 3290 884 3372 ad
909 3282 1178 3400 loquendums
1207 3285 1378 3374 secundo
1405 3291 1668 3390 advertendo

226 3399 306 3515 ille,
330 3404 392 3487 cui
418 3397 463 3485 ln
496 3406 610 3512 uitur,
630 3396 781 3500 doleat,
800 3424 868 3487 aut
892 3396 1024 3489 saltem
1056 3398 1193 3487 dolere
1226 3399 1319 3486 velit
1351 3430 1429 3514 pro
1452 3403 1523 3489 suo
1558 3404 1666 3492 dest·

130 3614 133 3620 .
225 3519 304 3600 ssu.
360 3520 475 3600 Tetti
524 3511 718 3612 observet,
748 3514 946 3600 bonumne
970 3512 1209 3617 habentillc,
1236 3520 1297 3600 cui
1319 3510 1507 3630 loquitur,
1529 3517 1668 3606 volun·

80 3716 90 3723 ,
199 3629 210 3640 ”
225 3650 358 3714 terem.
440 3632 534 3713 ssaer
555 3638 625 3714 tria
649 3627 874 3742 ubicunque
901 3632 1111 3725 invenerit,
1136 3625 1266 3714 secura
1289 3633 1329 3711 dt
1362 3635 1514 3745 absque
1541 3634 1666 3718 dubio

222 3733 465 3853 scrupulose,
493 3741 690 3856 quidquid
718 3742 880 3856 dignum
903 3741 1152 3850 judicaverit,
1178 3738 1436 3855 respondeus
1473 3750 1567 3858 quir
1590 3774 1665 3860 ego

226 3858 330 3938 certe
347 3860 479 3938 omnic
501 3879 581 3940 rura
602 3854 786 3952 habebo,
810 3880 1052 3968 quecunque
1085 3851 1151 3940 illa
1185 3858 1408 3961 hujusmodi
1440 3861 1666 3944 bominibus

224 3962 492 4080 spoponderit.
587 3969 836 4082 Adiecitque.
921 3970 1253 4083 Quotiescumque
1291 3973 1508 4057 Gertrudes
1531 3968 1665 4102 voluc-

1620 4109 1667 4170 nt
