3772 4988
230 336 334 436 '312
585 302 787 406 ueneat.
811 296 864 403 de
883 300 1073 441 Agreda.
1103 308 1216 407 Part
1233 288 1311 509 Ul

354 518 450 613 364.
478 504 631 594 Lucifer
650 514 689 593 in
711 506 875 595 Ecclefia
894 504 1145 597 disseminavit
1163 506 1335 609 hareses,
1366 494 1517 627 quae‘i
1534 534 1659 625 tempe-

234 650 279 709 re
295 617 575 735 Apostolorum
596 623 791 738 usquead
815 626 895 706 haec
910 649 1089 736 tempora
1110 626 1314 711 turbarunt
1334 620 1564 711 Ecclefiam.
1612 630 1663 708 Vt·

236 744 398 820 &oriam
427 739 649 820 contrahas
681 738 984 821 machinationes
1006 735 1202 823 doemonis
1228 731 1394 850 reliquit
1415 738 1594 827 Cluilius
1612 736 1665 823 sue

233 854 359 934 marri.
416 848 497 959 Ipsa
517 856 619 935 enim
635 847 716 935 sola
740 852 819 933 hoc
839 854 1052 961 promeruit
1070 856 1109 933 dr
1126 856 1341 962 promereri
1364 856 1517 963 potuit.
1571 854 1666 936 Peti-

206 958 339 1076 'psam
360 969 527 1046 extincta
548 961 620 1047 fuit
645 954 890 1051 idololatrias
931 988 1002 1074 per
1027 957 1145 1075 ipsam
1164 958 1407 1077 consumpte
1425 959 1519 1051 sunt
1537 958 1667 1050 heresa

230 1078 348 1173 Arrii,
375 1078 558 1174 Nestorii,
583 1072 726 1191 Pelagii
755 1084 793 1159 δι
816 1070 908 1159 aliae.
1096 1128 1100 1135 -

350 1207 445 1293 363.
472 1194 594 1274 Maria
610 1186 690 1275 sola
708 1214 790 1275 erat
808 1191 927 1301 digna
948 1186 1021 1275 illis
1041 1189 1179 1287 donis,
1201 1192 1244 1271 δι
1269 1182 1515 1305 privilegiis,
1549 1190 1666 1305 quibu

231 1307 325 1389 vicit
343 1302 546 1391 infernum.
631 1302 703 1416 Ipfi
737 1306 848 1387 dedit
872 1306 981 1389 Deus
999 1299 1172 1416 gladium
1193 1297 1265 1388 suae
1297 1309 1666 1416 omnipotentiam

230 1443 447 1531 amputaret
464 1440 581 1529 caput
598 1417 757 1501 draconi
773 1413 972 1518 infernali3
1001 1422 1041 1501 dc
1066 1419 1149 1501 haec
1161 1417 1332 1527 potestas
1352 1442 1569 1534 nunquam
1588 1418 1665 1503 abi

230 1531 297 1645 pla
311 1530 514 1632 auferetur,
539 1553 582 1614 ut
602 1525 788 1614 defendat
809 1532 1011 1614 Ecclesiam
1034 1523 1275 1614 militantem.

352 1658 445 1743 366.
473 1642 626 1729 Lucifer
643 1647 879 1757 pergitpum
898 1645 969 1728 suis
992 1642 1230 1755 Legionibus
1249 1638 1451 1727 informa
1476 1641 1664 1730 vifibilin

229 1752 366 1843 festate
386 1762 562 1845 Mariam.¹
645 1756 792 1844 Verium
811 1783 859 1841 tx
879 1759 1044 1869 imperio
1065 1760 1108 1841 B.
1128 1759 1178 1841 V.
1203 1753 1433 1843 debuerunt
1452 1784 1529 1842 ora
1545 1754 1662 1842 suain

228 1876 390 1985 pingere
410 1895 529 1956 terrac.
583 1871 868 1957 cruciabantur
885 1872 989 1955 adeo
1015 1876 1094 1973 eius
1114 1874 1305 1967 oratione,
1329 1893 1373 1954 ut
1395 1866 1598 1957 voluerint
1618 1896 1663 1955 au

230 1981 386 2097 fugeret
434 1982 502 2068 sed
524 1988 632 2067 Deus
660 1986 739 2069 hoc
766 2011 850 2068 non
877 1982 1067 2096 permistts
1107 1986 1240 2095 itaque
1265 1981 1503 2071 debuerunt
1525 1981 1552 2071 i
1575 1984 1662 2071 nv.

231 2124 366 2212 petere
389 2093 580 2180 licentiam
600 2094 794 2185 abeundi;
829 2095 907 2210 qui
931 2092 1053 2208 petiti
1075 2121 1146 2180 eos
1169 2092 1267 2180 mifit
1290 2100 1333 2181 in
1359 2096 1581 2183 infernum.

353 2226 448 2312 367.
476 2210 685 2321 Postquam
704 2210 814 2292 Deus
829 2206 994 2320 permifit
1017 2202 1210 2310 Lucifero,
1239 2232 1282 2293 ut
1301 2203 1341 2293 se
1360 2206 1571 2313 moleret,
1588 2212 1663 2293 taci-

113 2354 116 2359 ·
232 2343 290 2407 tat
305 2317 595 2407 intermulieres
610 2325 751 2405 vicinas
769 2318 976 2406 discordias
997 2325 1147 2406 ratione
1166 2318 1367 2407 bonorum
1383 2320 1686 2439 temporalium.

234 2436 330 2521 dein
355 2431 503 2522 assumit
551 2432 724 2520 ersonam
750 2431 903 2520 alterius
926 2430 1108 2534 mulieris,
1130 2440 1170 2521 dc
1194 2430 1404 2549 persuadet
1421 2433 1515 2525 illas
1534 2441 1663 2535 vicinas,

231 2574 357 2657 totam
380 2546 505 2636 discor
536 2555 656 2635 'atum
680 2546 826 2635 causam
854 2544 928 2634 esse
947 2552 1109 2635 Mariam
1133 2553 1209 2633 &c

352 2680 447 2771 369.
471 2660 621 2749 Ultimis
646 2690 784 2748 omnes
798 2657 1003 2761 irifetnales¹
1026 2686 1185 2748 catetvae
1202 2686 1397 2749 renovant
1412 2660 1536 2751 fimul
1553 2683 1666 2751 omncs

232 2783 480 2877 tentationes,
505 2804 602 2892 quas
626 2776 808 2863 hactenus
827 2800 1034 2861 moverunt
1055 2773 1271 2889 separatim,

350 2917 449 2995 370.
487 2896 599 2975 Tunc
626 2893 750 2976 Maria
775 2886 956 2975 conversa
980 2890 1030 2974 ad
1057 2889 1265 2976 doemones
1295 2889 1421 2976 dixit:
1465 2890 1561 2977 Tibi
1585 2893 1667 3003 prit-

230 3012 325 3119 'ceps
361 3003 607 3091 tenebrarum
641 3008 683 3089 in
719 3002 881 3088 nomine
913 2999 1073 3088 altissimi
1088 3006 1286 3116 praccipio
1299 3064 1314 3105 ,
1359 3030 1406 3089 ut
1436 3028 1483 3089 te
1512 3032 1599 3090 cum
1621 3027 1666 3087 to

229 3142 277 3206 to
319 3142 391 3205 tuo
433 3121 620 3205 comitatu
660 3119 872 3231 precipites
900 3122 942 3203 in
969 3115 1191 3215 infernum,
1229 3142 1302 3226 nec
1329 3118 1431 3203 inde
1460 3119 1600 3205 redeas
1622 3140 1668 3201 ur·

229 3256 314 3347 que
339 3234 390 3318 ad
419 3231 630 3318 adventum
657 3230 807 3318 Meffiae.
917 3236 965 3315 Et
1000 3229 1051 3315 stc
1084 3227 1240 3316 fadum.
1354 3234 1402 3316 In
1443 3231 1529 3318 alio
1570 3254 1665 3317 cent

231 3351 360 3443 mine,
395 3373 439 3432 ut
479 3350 519 3429 in
557 3338 631 3429 alia
670 3340 910 3431 revelatione
936 3340 1035 3429 infra
1072 3343 1225 3442 dicam,
1252 3340 1303 3427 fic
1327 3340 1456 3459 fregit
1485 3352 1587 3431 vites
1610 3346 1666 3431 lu·

231 3456 362 3558 ciseri,
390 3485 458 3559 ut,
487 3456 708 3545 dummodo
732 3458 913 3544 homiues
936 3452 1108 3557 vellent,
1134 3452 1249 3577 facile
1274 3484 1368 3544 cum
1395 3458 1562 3575 pollent
1582 3454 1664 3572 supe

228 3598 326 3661 rate.

351 3709 446 3786 37²·
473 3691 517 3771 B.
537 3688 587 3774 V.
604 3683 654 3770 ad
677 3711 742 3771 me
761 3684 875 3770 dixit:
904 3688 1002 3789 Non
1020 3681 1105 3772 sunt
1126 3681 1290 3770 fortiora
1311 3708 1424 3772 arma
1443 3710 1583 3774 corsua
1597 3682 1662 3769 dm

130 3821 136 3830 ’
233 3826 407 3899 monem,
431 3798 551 3912 quim
566 3798 604 3884 st
634 3804 758 3883 homo
784 3823 970 3914 tanquam
996 3797 1168 3913 superior
1200 3826 1248 3884 ex
1274 3798 1360 3884 fide
1392 3807 1440 3887 dt
1471 3800 1661 3891 fiduciait

229 3914 424 4019 coelestem
452 3914 559 4001 suum
578 3937 727 4025 patrem
745 3908 801 3999 illi
823 3919 1001 4027 imperet,
1024 3938 1066 4000 ut
1085 3913 1210 4020 abeat.

1591 4169 1655 4248 375·
