3796 4994
600 321 804 448 Revela.
827 329 881 431 de
903 280 1109 470 agnella
1124 322 1303 440 Parii.
1573 320 1704 445 asrf
1786 366 1809 433 ς

337 548 438 632 60'0.
462 539 585 628 Dona
596 539 757 656 Spiritus
771 542 899 627 Sancti
917 539 1074 627 fuerunt
1092 543 1132 626 in
1147 515 1305 629 Christo
1325 536 1565 655 tanquam'in
1582 538 1674 626 fon·

215 686 278 751 tes
318 657 385 747 sed
415 663 456 743 in
480 663 525 742 B.
558 662 718 772 Virgine
753 657 892 742 eadem
916 661 1058 769 pariter
1085 649 1448 771 fuerunt'tanquam
1469 659 1510 740 in
1537 656 1675 769 stagno

217 769 284 861 vel
310 778 419 875 mari,
452 799 501 859 ex
522 798 610 972 ffiuo
640 769 795 856 fuerunt
823 772 996 857 derivata
1022 776 1063 855 in
1099 797 1237 857 omues
1275 767 1478 860 creaturas.
1560 772 1674 859 Idem

214 890 423 977 insinuatur
449 894 490 972 in
525 893 533 907 ‘
565 915 592 971 o
621 910 738 972 textu·
759 891 875 971 Prov.
897 918 935 986 9·
962 885 1153 999 Sapientia
1186 883 1393 994 edificavit
1418 882 1492 994 fibi
1524 879 1677 972 domurn
1767 985 1769 989 ⁷

206 1000 369 1093 nullum
392 1009 495 1090 enim
516 996 816 1091 Catholicorum
838 996 954 1098 latet,
973 1003 1074 1086 hanc
1089 1000 1255 1087 domum
1270 1001 1345 1087 elle
1360 999 1544 1086 Mariam:
1578 1005 1621 1083 in
1641 1000 1676 1083 i·
1815 1026 1825 1035 ·
1878 1089 1881 1097 ,

215 1117 281 1233 psa
301 1125 402 1205 enin
423 1142 630 1234 preparata
650 1114 726 1203 fuit
751 1115 869 1221 nobis
891 1113 1032 1215 mensa,
1056 1139 1102 1204 ut
1124 1112 1343 1205 satiaremur
1364 1113 1512 1201 influxu
1528 1138 1574 1199 ac
1597 1113 1675 1201 do-
1750 1154 1753 1159 <
1820 1184 1829 1207 .

216 1239 279 1321 nis
306 1236 467 1348 Spiritus
494 1235 635 1319 Sancti.

336 1363 432 1434 602.
460 1345 655 1443 Infinitum
672 1371 785 1461 ,mate
802 1340 991 1458 sapientiae
1012 1344 1150 1433 divina
1168 1340 1206 1433 se
1226 1349 1457 1433 exoneravit
1470 1348 1510 1431 in
1529 1350 1573 1431 B.
1584 1344 1673 1434 Vir*
1709 1384 1715 1389 ·
1778 1354 1783 1371 ’

215 1464 374 1580 ginems
403 1470 444 1569 dt
472 1462 566 1547 ideo
596 1465 784 1574 cognovit
807 1452 943 1545 statum
966 1463 1126 1563 mundi3
1176 1466 1432 1575 proprietates
1454 1456 1686 1547 elemento-²
1827 1466 1837 1479 '

216 1607 323 1667 rums
352 1582 519 1673 initium,
548 1575 813 1672 medietatem,
836 1579 876 1658 δι
895 1573 1013 1666 finem
1038 1600 1283 1688 temporums
1312 1573 1458 1664 cursum
1477 1577 1671 1688 syderum.

217 1718 393 1779 naturam
409 1687 657 1787 animalium,
682 1693 784 1774 vires
803 1716 1037 1790 ventorum,
1068 1695 1327 1805 cogitationes
1351 1694 1569 1788 hominum,
1596 1692 1674 1774 vir·
1731 1732 1735 1737 ·

218 1834 322 1894 tutes
348 1804 575 1921 plantarum,
601 1805 782 1889 arborum
811 1801 1032 1895 fructuums
1060 1831 1106 1889 ac
1127 1805 1303 1918 denique
1323 1801 1419 1918 ipsas
1440 1807 1519 1888 vias
1538 1798 1672 1888 occul-

217 1948 275 2008 tas
304 1928 343 2006 δι
364 1923 542 2036 mysteria
565 1923 655 2007 Dei.
712 1925 806 2006 Hac
838 1924 970 2007 omnia
992 1924 1038 2005 B.
1065 1923 1189 2035 Virgo
1212 1924 1402 2035 cognovit
1425 1946 1495 2033 per
1518 1918 1671 2004 donum

213 2039 434 2152 Sapientiae.
1013 2095 1036 2105 „
1424 2038 1426 2042 ’

261 2240 264 2246 ,
335 2165 433 2248 609·
488 2154 552 2242 B„
575 2152 700 2262 Virgo
744 2149 796 2233 ad
831 2179 895 2236 me
940 2151 1064 2237 dixit:
1139 2151 1181 2235 Si
1223 2150 1404 2234 homines
1439 2169 1670 2239 evacuarent

215 2263 324 2352 suum
370 2293 439 2351 cor
487 2263 512 2348 a
553 2268 713 2348 terrenis
768 2261 1007 2367 affectibus,
1071 2262 1293 2350 infunderet
1340 2260 1379 2348 se
1427 2260 1483 2349 illi
1528 2266 1671 2346 fluvius

214 2380 373 2581 isnfinirae
420 2382 587 2466 Deitatis
634 2406 705 2493 pet
748 2378 855 2465 dona
894 2384 1056 2495 Spiritus
1095 2383 1225 2468 Sancti
1272 2378 1352 2464 stne
1398 2380 1510 2465 omni
1557 2404 1668 2461 men·

234 2521 314 2581 ura.

337 2623 432 2694 6η.ι
488 2605 687 2707 Vifiones‚
716 2604 994 2711 revelationes,
1024 2580 1066 2692 dc
1094 2606 1236 2696 edales
1261 2605 1410 2719 semper
1437 2603 1666 2690 ordinantur
1733 2569 1752 2593 ⁶

215 2726 258 2809 in
286 2723 466 2837 pondere
492 2728 530 2806 δι
552 2719 725 2808 mensura
755 2723 779 2810 a
805 2726 919 2808 DEO
938 2727 990 2808 ad
1012 2727 1123 2823 fines,
1149 2731 1218 2838 qui
1236 2727 1439 2836 exiguntur
1463 2721 1513 2804 ab
1535 2715 1671 2804 Eccle·

215 2837 281 2926 sia.
380 2853 477 2940 614.
513 2838 711 2922 Interdum
739 2862 867 2924 tamen
895 2835 1152 2926 revelationes
1180 2841 1407 2923 ordinantur
1433 2836 1486 2920 ad
1513 2835 1667 2920 bonum
1735 2938 1738 2943 ι

216 2948 445 3065 particulare
471 2946 599 3054 illius,
635 2957 704 3065 qui
735 2980 798 3035 eas
824 2958 979 3066 recipite
1021 2983 1165 3066 nempe
1186 2955 1238 3038 ad
1262 2949 1599 3037 sanctificationem
1626 2953 1669 3032 δε

215 3063 550 3153 illuminationem
639 3082 735 3168 615.
764 3069 823 3151 Εὸ
847 3069 960 3182 quod
979 3069 1171 3176 ejusmodi
1193 3071 1386 3180 raptus&
1410 3059 1671 3148 revelationes
1778 3115 1781 3121 -

218 3180 291 3268 fint
307 3182 479 3267 medium
496 3210 544 3265 ex
562 3177 625 3266 sua
649 3204 784 3266 natura
801 3186 922 3293 magis
953 3180 1148 3293 uniforme
1166 3209 1213 3271 ac
1240 3182 1587 3296 proportionatum
1614 3174 1668 3261 ad
1707 3184 1711 3197 '
1765 3190 1778 3203 ‘

215 3295 458 3382 infundenda
476 3297 668 3404 ejusmodi
693 3288 891 3408 singularia
911 3291 1067 3382 lumina.

337 3413 433 3509 617'.
458 3416 622 3498 Veritati
642 3406 737 3494 nihil
762 3409 940 3508 decedit,
960 3408 1104 3496 etiamst
1123 3409 1245 3526 aliqui
1262 3405 1513 3524 permiserint,
1535 3400 1573 3494 se
1592 3398 1664 3490 fal-
1709 3491 1726 3505 ,

216 3524 263 3611 srs
291 3521 592 3613 revelationibus
610 3524 752 3636 deripi.
836 3530 929 3609 Hac
952 3528 1135 3640 deceptio
1153 3523 1284 3639 sapius
1309 3532 1472 3640 contigit
1491 3520 1664 3612 foeminis

217 3640 276 3725 ob
308 3666 438 3726 earum
474 3629 801 3752 ignorantiam&
834 3634 1014 3730 affectui
1070 3635 1323 3725 nihilominus
1352 3646 1468 3726 etiam
1505 3641 1666 3734 multos·
1797 3725 1799 3728 ,

218 3779 409 3867 quantum
424 3754 649 3868 apparebat,
675 3753 798 3839 fortes
827 3760 867 3837 &
898 3755 1041 3868 doctos
1072 3758 1178 3840 vltos
1202 3750 1381 3840 involvit.
1466 3758 1510 3840 ln
1539 3753 1665 3894 pmni·

216 3868 444 3960 busautem
470 3896 517 3952 ex
547 3873 645 3953 mala
675 3869 805 3953 radice
839 3870 967 3953 ortum
995 3868 1143 3954 habuit.
1185 3872 1331 3968 *Non
1356 3865 1507 3983 loquor
1527 3869 1591 3952 hic
1613 3864 1667 3947 de

215 3986 277 4116 iis,
295 3988 364 4096 qui
386 3978 581 4067 diabolica
601 3979 742 4068 malitia
768 3980 874 4066 fallas
888 3982 1157 4070 revelationes
1187 3985 1481 4071 confinxeruntt
1520 3977 1586 4063 sed
1615 3977 1670 4061 de

168 4174 169 4178 t
217 4125 277 4199 us,
303 4102 372 4213 qui
399 4094 537 4181 fraude
562 4098 786 4199 doemonis,
815 4103 991 4210 quamvis
1022 4125 1107 4200 non
1138 4096 1217 4185 stne
1241 4095 1305 4185 sua
1333 4094 1469 4212 culpa,
1496 4093 1668 4204 decepti,
1725 4182 1731 4189 ,

243 4316 247 4321 ,
314 4213 377 4302 D.
390 4211 438 4299 Ε.
450 4214 507 4300 Α.
525 4207 764 4304 chevtlal.
780 4212 885 4301 Pars
904 4213 960 4303 Il.
1178 4215 1259 4302 Nn
1603 4229 1669 4290 eas
1745 4335 1747 4339 Ι
1839 4313 1843 4320 ἡ
