3796 4994
588 350 788 458 revelat.
812 351 865 452 de
888 353 1076 488 Agreda.
1106 361 1219 454 Pars
1244 326 1324 453 Ill.
1563 353 1673 482 '427

223 576 228 586 ·
346 569 440 645 tar.
464 555 556 644 Erat
577 554 705 673 puella
722 561 1037 673 baptizatainter
1062 561 1209 672 primos
1235 553 1372 644 fideles
1382 599 1405 658 ,·
1426 561 1489 643 'cui
1514 555 1668 644 Lucifer

227 677 401 785 apparuit
413 679 453 758 in
468 670 595 785 specie
612 671 764 760 alterius
783 671 964 775 mulieris,
988 674 1135 768 dicens,
1154 669 1192 757 se
1210 698 1426 759 curaturum
1443 669 1543 760 illius
1559 700 1668 760 mor·

226 785 336 886 bum,
359 815 444 902 quo
466 785 683 887 laborabat,
704 790 925 874 dummodo
949 813 1107 902 negaret
1121 788 1339 887 Christum,
1370 794 1409 870 dt
1429 786 1611 901 alienaret
1628 814 1670 869 a·

225 904 371 986 nimum
387 902 438 985 ab
458 901 538 999 eius
559 926 693 987 matre.
752 902 898 989 veriam
918 930 1001 987 non
1023 925 1244 1013 recuperata
1259 897 1417 987 sanitate
1432 899 1598 986 invisitur
1613 899 1665 984 ab
1730 928 1735 946 “
1792 965 1793 969 a

225 1041 312 1100 uno
331 1045 378 1100 ex
400 1013 611 1129 Discipulis,
632 1021 837 1101 cuitamen
857 1013 1030 1104 occludit
1045 1043 1168 1102 autes.
1225 1015 1378 1102 Eodem
1393 1016 1519 1101 modo
1534 1015 1668 1101 restitit
1775 1049 1776 1052 Ν

227 1135 342 1214 etiam
355 1135 394 1215 S.
408 1133 562 1234 Joanni‚
577 1135 649 1244 qui
669 1136 766 1215 circa
782 1128 950 1242 puellam
972 1132 1069 1218 vidit
1088 1154 1252 1217 turmam
1273 1132 1519 1216 doemonum.
1573 1134 1668 1214 Hac

217 1245 389 1330 audiens
421 1253 460 1329 B.
485 1249 610 1360 Virgo
643 1242 888 1357 provolvitur
915 1250 957 1330 in
986 1270 1152 1343 terram,
1173 1250 1213 1330 dt
1237 1269 1323 1331 orat
1336 1272 1411 1358 pro
1426 1238 1543 1330 salute
1562 1237 1665 1332 illius

224 1353 373 1473 puelle.
427 1368 574 1446 Verum
598 1362 793 1449 Dominus
810 1387 891 1446 non
909 1359 1107 1474 respondit
1124 1360 1176 1446 ad
1197 1361 1267 1446 has
1290 1367 1370 1471 ejus
1387 1385 1534 1472 preces.
1590 1359 1666 1471 Igi-

223 1499 284 1560 tur
301 1477 418 1558 minit
439 1473 490 1557 ad
512 1474 743 1558 obstinatam
771 1502 889 1559 unum
915 1504 964 1560 ex
983 1471 1056 1561 suis
1078 1501 1125 1560 an
1153 1470 1236 1575 elis,
1262 1499 1306 1560 ut
1322 1501 1460 1589 aegram
1477 1469 1666 1558 desende-

223 1614 283 1673 ret
303 1585 327 1672 d
353 1589 618 1674 doemonibus.
676 1593 821 1676 Verum
841 1585 999 1704 angelus
1018 1616 1061 1674 re
1078 1502 1221 1675 insecta
1239 1589 1364 1676 redux
1378 1591 1540 1686 nuntiat,
1554 1584 1665 1693 seni·

223 1700 279 1786 hil
332 1701 506 1787 roiicere.
589 1706 707 1815 Igitur
724 1705 873 1788 ,denuo
906 1706 1090 1816 prostrata
1114 1707 1159 1808 *in
1178 1727 1318 1789 tetram
1350 1727 1437 1787 orat
1453 1728 1527 1814 pro
1546 1696 1666 1788 salute

223 1842 279 1928 pu
302 1731 374 1901 lla.
433 1814 579 1902 Verum
602 1821 801 1902 Dominus
825 1845 876 1901 ne
898 1844 1003 1902 nunc
1020 1817 1180 1930 quidem
1197 1815 1468 1932 responditad
1487 1817 1555 1901 has
1576 1842 1666 1928 pte·

223 1957 303 2014 ces.
359 1932 498 2017 Statuit
516 1934 647 2043 proin,
663 1927 912 2043 personaliter
931 1927 1090 2016 invisere
1110 1958 1261 2044 aegram.
1316 1929 1462 2017 Venlm
1485 1926 1667 2016 dumali-

214 2070 326 2158 -quot
348 2042 472 2155 passus
496 2042 623 2157 posuit
640 2069 747 2131 extra
768 2041 1002 2144 cubiculum,
1018 2049 1201 2133 retinetur
1214 2044 1266 2132 ab
1282 2042 1440 2160 angelis.
1497 2042 1666 2131 Causam

223 2184 359 2271 petens
383 2160 538 2243 obtinet
558 2159 608 2242 ab
627 2154 772 2273 angelis
789 2155 1034 2270 responsumr
1063 2188 1145 2244 non
1170 2159 1323 2258 decere,
1345 2168 1389 2245 u't
1409 2153 1489 2271 ipsa
1506 2158 1664 2244 incede·

223 2297 283 2358 tet
312 2272 477 2381 pedibus
495 2301 574 2385 per
601 2276 763 2362 urbemr
792 2269 857 2356 sed
882 2270 1196 2387 Reginam'suarn
1219 2271 1301 2360 ise
1323 2272 1554 2387 portandam
1575 2268 1664 2361 eric.

212 2385 359 2472 Statim
383 2413 479 2498 ergo
494 2384 746 2472 collocantis.
759 2392 958 2500 Virginem
980 2394 1021 2473 in
1033 2389 1138 2474 nube
1154 2386 1367 2502 splendida,
1388 2415 1556 2500 eamque
1570 2414 1665 2502 pot·-

223 2524 306 2586 tant
324 2505 363 2584 in
385 2499 604 2585 cubiculum
626 2500 796 2585 infirmat.
848 2505 911 2586 Eo
932 2527 1138 2588 momento
1153 2505 1267 2588 instar
1281 2499 1441 2615 fulguris
1455 2497 1664 2614 diffugiunt

213 2615 446 2701 doemones.
509 2621 552 2699 Β.
572 2618 695 2728 Virgo
714 2618 760 2699 iis
786 2621 990 2728 precepit,
1017 2640 1061 2700 ut
1081 2611 1120 2700 se
1135 2618 1371 2729 praecipitent
1392 2619 1433 2701 in
1453 2612 1662 2714 infernum,

194 2737 196 2741 ’
223 2756 300 2813 nec
312 2730 478 2840 amplius
498 2728 661 2815 redeant
677 2728 757 2813 sane
775 2727 940 2815 licentia.
998 2733 1101 2814 Dein
1124 2733 1316 2816 convertit
1333 2725 1522 2840 puellam,
1542 2754 1666 2843 atque

224 2838 366 2939 effecit,
392 2867 434 2927 ut
456 2849 528 2928 iret
550 2842 629 2930 stne
646 2847 877 2959 Purgatorio
897 2842 948 2927 ad
969 2838 1125 2929 coelum.
1179 2845 1350 2930 abeunti
1370 2848 1411 2927 in
1433 2839 1577 2932 coelurn
1592 2843 1662 2930 de·
1759 2852 1762 2859 “

222 2957 280 3042 dit
308 2961 469 3041 comites
493 2957 706 3059 duodecim
725 2987 773 3042 ex
794 2953 868 3041 illis
893 2953 965 3044 suis
985 2953 1144 3070 angelis,
1163 2963 1233 3071 qui
1252 2960 1302 3044 ad
1318 2965 1449 3070 pedus
1464 2959 1665 3071 gestabant

219 3066 452 3184 Symbolum
469 3071 778 3183 Redemptionis,
799 3077 837 3154 δι
859 3077 899 3156 in
920 3072 1096 3157 manibus
1114 3070 1263 3158 Palmas
1280 3079 1319 3158 δι
1338 3075 1499 3159 Cruces.
1556 3074 1664 3156 Dein

220 3213 241 3270 r
293 3206 417 3271 ortata
439 3183 513 3270 fuit
530 3186 581 3270 ab
598 3180 743 3298 angelis
761 3191 801 3270 in
820 3186 926 3271 nube
943 3190 983 3270 in
1008 3182 1115 3272 suum
1138 3189 1374 3274 Oratotiurn
1432 3190 1522 3270 Hoc
1548 3190 1663 3270 mira·

221 3210 352 3384 ellum
376 3299 486 3384 Deus
515 3299 722 3397 ordinavit,
743 3324 786 3382 ut
806 3297 984 3412 apostoli,
1002 3305 1044 3385 dt
1066 3295 1261 3414 discipuli,
1284 3305 1324 3386 dt
1345 3296 1485 3413 angeli,
1513 3304 1552 3384 δι
1572 3297 1661 3384 doe·

219 3410 704 3613 risizssistr‘tiff·
717 3411 1358 3614 ,Villlulffi‘l‘ilsfflsffllm'
1381 3441 1468 3614 ‘lli
1486 3409 1663 3616 nousgg
1772 3558 1795 3599 .

162 3615 164 3619 ⁵
222 3642 267 3726 in
287 3630 407 3726 corde
427 3668 517 3756 erga
537 3557 587 3725 al
597 3645 647 3729 V.
666 3554 782 3740 falvit,
795 3555 891 3727 ’nlln
915 3637 988 3727 suit
1002 3557 1571 3763 claclulaultbaallxillaeotenallq

344 3770 438 3854 169.
464 3757 556 3842 Post
578 3757 658 3842 hoc
675 3752 902 3841 miraculum
923 3753 998 3842 fuit
1021 3759 1201 3844 Lucifero
1223 3753 1379 3848 licenda
1397 3753 1572 3843 concessa
1588 3761 1661 3844 ite·
1725 3793 1728 3797 >
1887 3862 1897 3877 ·

221 3893 309 3954 tum
331 3868 521 3955 redeundi
542 3874 584 3958 in
616 3868 820 3980 mundum.
898 3897 994 3971 170.
1021 3872 1209 3958 Petttahit
1235 3873 1337 3959 duos
1365 3866 1589 3957 &fidelibus
1606 3871 1660 3955 ad

220 3981 455 4092 apostasiam.
527 4012 620 4081 171.
647 3988 691 4068 B.
716 3987 840 4098 Virgo
859 3980 1069 4100 provoluta
1095 3989 1140 4074 in
1156 4008 1296 4074 tenatn
1321 4013 1397 4101 pro
1413 3989 1460 4074 iis
1479 4010 1592 4086 orat,
1620 3987 1659 4068 dr

219 4123 297 4210 pro
321 4101 366 4183 iis
383 4095 512 4183 fundit
537 4097 758 4213 sanguineas
773 4094 985 4186 lachrimas.
1629 4133 1633 4141 ·
1704 4116 1710 4128 ‘

895 4305 896 4308 γ
967 4213 1135 4303 Hhhs
1285 4270 1287 4274 »
1565 4235 1664 4327 17²³
