3796 4994
202 319 296 418 152
592 286 899 401 Revelarionet
931 301 976 399 S.
1017 298 1259 399 Gerrrudi's'.

114 475 118 483 ¹
312 533 408 618 xm.
463 502 524 613 ln
561 504 976 613 Revelationibus
1012 504 1058 610 S.
1097 458 1357 611 Gettrudis
1393 519 1645 644 reperiun-

91 637 100 656 ’
197 675 281 799 tut
333 650 707 786 propontiones
751 648 839 753 fibi
883 657 1106 803 invicem
1147 668 1207 795 ut
1256 648 1453 755 videtur
1500 653 1648 786 tepu-

197 808 425 934 gnantes.
1173 810 1297 841 ···’
1388 804 1398 837 ⁴
1505 805 1509 809 ·

317 1072 353 1129 ι.
408 1046 673 1133 Luc-ta.
712 1040 1649 1160 .ChtistmdeS.Gtmudeadqumdtmb

197 1181 346 1267 votum¹
359 1156 527 1275 loquens
551 1165 630 1245 ait:
672 1155 789 1257 Scito,
808 1158 978 1261 edestam
992 1182 1110 1259 marr
1136 1167 1249 1259 tenta
1277 1156 1498 1249 devotionis
1524 1158 1661 1270 deleo,
1687 1251 1692 1259 ,

198 1268 299 1369 diat,
320 1270 434 1383 'qui'm
461 1283 504 1360 itt
530 1271 637 1385 modo
657 1270 792 1387 sentis,
821 1278 998 1369 continue
1026 1270 1192 1383 unitari.
1279 1277 1328 1359 Et
1357 1300 1491 1375 tamen
1515 1273 1649 1390 saepiut
1690 1286 1693 1290 ’

200 1383 258 1471 illi
275 1384 500 1472 subtraciam
519 1384 626 1471 fuisse
642 1382 1079 1472 consolationis‘oivinae
1100 1379 1348 1471 dnlcedinem
1370 1392 1528 1475 constat.
1566 1396 1649 1476 ‚Sic

200 1503 242 1586 L.
269 1531 303 1585 t.
322 1504 378 1587 Cr
401 1531 463 1587 tt.
484 1503 645 1585 diciturt
691 1501 799 1584 'Non
821 1500 978 1612 gravati
1000 1499 1162 1598 serebat,
1192 1499 1217 1584 fi
1244 1498 1455 1589 sensibilem
1488 1512 1526 1600 ei
1562 1504 1649 1590 Do.

202 1622 328 1699 minus
351 1609 564 1727 aliquando
592 1620 749 1726 gratiam
775 1611 1019 1731 subtraxisset.
1075 1622 1119 1733 lit
1140 1618 1182 1697 L.
1205 1644 1237 1695 r.
1260 1618 1309 1699 C.
1333 1636 1395 1713 17.
1415 1616 1508 1701 dicit
1532 1620 1647 1706 Chri·

201 1733 284 1837 stus,
305 1730 365 1813 de·
381 1731 579 1831 Gettrude
602 1729 790 1842 loquens:
827 1731 866 1811 Si
890 1729 977 1847 posi
997 1723 1166 1839 aliquod
1188 1748 1344 1839 tempus
1368 1726 1523 1821 senserit
1550 1739 1590 1816 in
1613 1733 1651 1822 se

43 1938 50 1951 ,
201 1867 401 1957 acceptam
441 1849 601 1957 gratiam
634 1840 911 1955 aliquantulum
946 1838 1173 1952 tepescere,
1213 1867 1257 1926 ιιι
1283 1841 1328 1926 fit
1364 1872 1650 1962 nonnunquam

188 1974 366 2156 'iiiiii
398 1963 742 2169 sinisii
761 1960 899 2156 alls.
915 1948 1650 2183 .i.l⁹liiiii’il⁰liil²l.iil

204 2181 298 2271 esset
324 2184 483 2286 visitata,
505 2204 578 2268 nec
610 2210 739 2270 tamen
768 2187 921 2297 gravat?
942 2183 982 2268 id
1002 2180 1132 2280 ferret,
1159 2186 1321 2281 accidit,
1352 2211 1416 2282 ut,
1436 2188 1545 2273 unde
1573 2194 1651 2279 ltoc

205 2293 311 2393 esset,
343 2298 434 2383 data
458 2299 662 2393 occasione
698 2302 915 2383 Dominum
951 2305 1234 2410 interrogatur
1282 2305 1344 2384 cui
1371 2303 1571 2389 Dominus
1594 2332 1651 2390 re·

204 2400 382 2527 spondit
395 2494 403 2517 ,,
416 2414 587 2523 vicinitat
604 2417 722 2499 nimia
741 2412 984 2527 quandoque
1006 2416 1171 2522 impedit
1194 2418 1363 2515 amicos,
1387 2443 1438 2498 ne
1468 2415 1507 2501 se
1524 2417 1652 2532 perfe-

207 2527 270 2613 ἂὲ
301 2518 454 2643 ‘queant'
481 2532 669 2614 contueri.
727 2531 770 2612 L
794 2558 831 2611 a.
852 2530 902 2612 C.
922 2557 988 2612 ιι.
1027 2527 1196 2611 Christus
1225 2529 1338 2611 dicit:
1374 2528 1399 2611 st
1426 2532 1498 2616 tibi
1522 2535 1649 2617 dono·

182 2667 291 2725 tum
316 2668 493 2727 meorum
524 2636 703 2727 effectum
732 2642 781 2725 ad
808 2666 960 2752 tempus
984 2636 1231 2751 dispensative
1246 2638 1489 2742 subtraxero,
1515 2643 1650 2760 obligo

207 2783 272 2838 me
293 2757 336 2837 id
361 2757 610 2867 postmodum
634 2752 772 2866 triplici
804 2752 914 2838 lutto
947 2751 1239 2864 persoluturum.
1308 2759 1356 2839 lit
1377 2760 1419 2840 l.
1447 2789 1482 2841 2.
1510 2762 1563 2845 C.
1588 2792 1650 2864 ις.

207 2873 247 2963 8.
272 2870 486 2953 Getttudts
508 2875 579 2954 ait:
622 2871 796 2982 Qvando
829 2866 1076 2980 dispensative
1104 2865 1278 2978 saporem
1312 2867 1583 2958 ddeeiationn
1604 2903 1651 2958 en

98 3040 108 3049 -
207 3004 319 3094 parte
349 2977 612 3083 subtraheres,
642 2988 763 3069 statim
791 2983 902 3067 dona
923 3008 989 3067 tua
1017 2980 1122 3094 quast
1145 2978 1239 3065 nihil
1269 2978 1433 3069 valentia
1457 2985 1649 3074 oblivioni

209 3094 364 3183 tradidi.
418 3100 468 3181 lit
494 3102 537 3183 l..
564 3129 600 3201 3·
622 3100 671 3181 C.
695 3128 736 3198 4.
794 3101 850 3180 Ex
873 3098 1090 3181 inordinata
1111 3097 1280 3206 quadam
1298 3101 1440 3181 tristitia
1463 3106 1502 3183 dr
1531 3108 1650 3214 impa-

209 3202 341 3295 tientia
360 3235 483 3295 tantas
502 3216 659 3295 incurrit
678 3211 870 3311 tenebras,
889 3209 1002 3321 quod
1022 3238 1069 3292 ex
1090 3236 1228 3322 magna
1246 3234 1353 3320 parte
1373 3217 1651 3318 jucunditatem

211 3325 349 3407 divinat
375 3323 576 3434 praescntiae
607 3325 675 3407 stbi
700 3326 905 3409 videbatur
939 3319 1106 3407 amisisse.
1190 3330 1328 3435 ltaque
1350 3352 1429 3407 non
1459 3335 1648 3413 continui

209 3434 283 3520 fuit
305 3435 450 3520 visitata
468 3436 584 3524 tanid
599 3435 826 3537 dulcedine,
851 3462 995 3521 utnon
1019 3430 1257 3549 prevaluerit
1277 3440 1472 3522 interdum
1495 3446 1649 3529 tristitia.

208 3545 289 3633 s‘ed
328 3545 550 3660 responderi
599 3555 725 3663 potest
766 3554 810 3636 ιὸ
848 3546 1027 3638 continue
1065 3548 1290 3634 sumendum
1320 3550 1541 3652 moraliter,
1571 3585 1649 3641 non

209 3663 387 3778 physice,
417 3689 459 3748 ut
490 3662 613 3748 sensus
650 3667 716 3767 iit,
740 3664 946 3779 sapiffime,
984 3670 1037 3749 ita
1068 3689 1110 3748 ut
1140 3670 1368 3774 interruptio
1397 3691 1481 3749 non
1519 3669 1566 3754 fit
1594 3678 1651 3754 in·

208 3801 317 3978 :rema
352 3777 403 3863 ad
439 3775 706 3883 cessationem,
747 3779 815 3868 sed
840 3775 1150 3893 prosecutionem
1186 3773 1307 3892 paulo
1343 3781 1432 3893 post
1458 3778 1650 3872 resumen-

238 3917 312 3977 amt
1568 3936 1572 3943 ·

1449 4153 1489 4211 a.
1545 4131 1649 4213 Lt.
