3796 4994
724 36 869 109 le.
963 32 1000 39 ..

337 231 352 303 κ’
491 244 496 253 ’
532 269 878 408 ,Observationes
897 271 960 375 λλ
975 271 1128 377 nerea
1151 267 1206 374 de
1223 230 1415 410 Agredn
1596 309 1700 413 517

239 481 390 580 *constat
410 487 530 586 enim,
549 488 703 575 Canam
725 479 892 583 Galilaea·
904 484 1144 573 'Nazaretho
1169 481 1307 568 distare
1323 482 1375 568 ad
1392 478 1582 571 summum
1602 485 1701 576 dua:

238 607 313 690 bus
332 606 464 694 horisa
494 625 536 686 ut
557 626 663 714 patet
680 594 889 713 inspicienti
907 603 1076 712 Mappae
1089 598 1384 712 Geographicas
1400 605 1526 685 Terrae
1540 603 1699 693 aanor.

216 721 407 804 ‘Constat
431 721 547 804 etiarn
583 745 632 799 ex
658 716 718 799 his
734 714 831 826 -iphs
854 711 1175 798 Revelanonibus
1198 720 1298 798 Part.
1320 740 1357 797 2.
1384 716 1505 799 Num.
1530 742 1627 816 ²07·
1654 723 1696 804 be
1863 752 1867 758 ·

239 818 338 927 ios.
367 831 480 944 quod
503 836 547 935 n
566 834 705 943 Virgo,
727 832 975 943 quantumvis
992 826 1165 942 gravida,
1186 832 1284 912 intra
1306 851 1475 942 quatuor
1496 827 1580 914 dies
1599 855 1696 918 con-
1796 926 1800 933 ,

205 970 214 977 ’
234 947 372 1037 fecerit
390 953 463 1031 iter
484 947 711 1030 Nazarerbo
736 970 861 1057 usque
879 948 918 1027 in
936 942 1100 1027 domurn
1114 943 1315 1038 Zacharia,
1335 969 1422 1057 quae
1434 943 1592 1030 dnobus
1606 941 1695 1032 mil·
1711 1034 1728 1041 ,

233 1061 390 1148 liaribus
412 1071 517 1162 juxta
545 1058 828 1172 praecedentem
857 1052 1180 1143 observationem
1201 1062 1391 1142 remotior
1406 1059 1474 1155 est,
1489 1059 1609 1173 quim
1623 1067 1692 1167 Je-

174 1182 185 1191 ”
229 1172 549 1270 rosolima.item,
567 1169 1688 1289 constatexhisRevelationibusPart.2.Num.463,quod

232 1298 280 1378 B.
303 1294 438 1402 Virgo,
456 1291 705 1399 quantumvis
725 1295 904 1399 proxima
923 1292 1062 1398 partui,
1075 1290 1114 1369 ἃ
1136 1289 1176 1372 in
1198 1282 1371 1372 Solstitio
1390 1287 1572 1400 hyemali,
1589 1296 1691 1377 intra

265 1412 413 1517 uirque
437 1401 520 1486 dies
537 1403 766 1487 Nazaretho
787 1405 935 1488 venerit
951 1397 1222 1487 Bethlemium.
1277 1401 1363 1488 Cur
1388 1430 1485 1517 ergo
1511 1408 1608 1490 intra
1630 1407 1690 1492 bi·

231 1434 355 1606 luunt
375 1542 440 1601 aut
461 1517 633 1601 triduum
654 1544 735 1599 non
762 1521 938 1627 potuerit
959 1517 1130 1602 Christus
1150 1544 1199 1603 ex
1222 1513 1363 1602 sinibus
1381 1513 1549 1605 Galilaea
1570 1522 1688 1623 &Ju-

230 1634 323 1720 daeae
351 1639 483 1717 venire
504 1637 545 1716 in
565 1635 715 1716 Canam
739 1625 919 1732 Galilaeae,
947 1660 1033 1717 cum
1062 1634 1145 1716 haec
1171 1631 1344 1716 distantia
1366 1635 1430 1716 vix
1452 1632 1496 1717 stt
1525 1633 1686 1722 dimidia

231 1757 311 1850 dtas
335 1746 544 1842 distantia,
578 1773 664 1856 quae
683 1745 736 1826 est
760 1748 986 1830 Nazaretho
1006 1738 1291 1848 jerosolimam,
1317 1768 1385 1829 aut
1411 1742 1686 1848 Bethlemium,

229 1869 354 1952 autin
375 1861 539 1945 domum
563 1860 773 1959 zachariae,
794 1884 836 1942 ur
860 1883 967 1971 patet
987 1854 1200 1970 inspicienti
1225 1860 1291 1952 Ma
1322 1884 1422 1970 pam.
1435 1862 1686 1974 Geograpbi·

230 1990 316 2060 cain
337 1969 554 2059 Palaestina.
615 1974 742 2086 Quod
764 1973 868 2056 enim
888 1972 1027 2075 Judaeae
1052 1970 1256 2058 Provincia
1280 1886 1319 2057 se
1341 1972 1560 2060 extenderit
1585 1972 1685 2062 ultra
1799 1986 1803 1991 ’

225 2092 449 2185 Samariam,
473 2090 744 2200 quae'vicinior
761 2089 815 2170 est
833 2089 1074 2185 Nazarerho,
1097 2084 1218 2199 quim
1238 2081 1488 2191 Jerosolimae‚
1506 2112 1613 2201 patet
1630 2117 1680 2178 ex

224 2199 414 2313 Josepho,
434 2208 505 2316 qui
524 2200 693 2304 testatur,
716 2205 924 2287 Samariam
944 2197 1164 2318 pertinuisse
1188 2202 1238 2287 ad
1254 2203 1562 2311 jurisdieiionem
1580 2203 1683 2294 Pila·

226 2323 271 2418 ti,
288 2312 457 2418 Praefebii
481 2316 635 2421 Judaeae.

341 2425 491 2527 Tertii,
521 2425 735 2535 Affirmant,
758 2435 854 2515 Tres
881 2437 1010 2544 Reges
1039 2431 1137 2515 intra
1156 2457 1303 2516 novem
1325 2455 1392 2517 ant
1412 2432 1464 2518 ad
1489 2428 1681 2523 summurn

181 2571 194 2611 ³
223 2545 364 2632 elecem
382 2545 466 2629 dies
483 2542 624 2628 venisse
641 2549 681 2627 in
699 2540 927 2630 Bethlehem
948 2574 995 2628 ex
1008 2543 1145 2652 Persia,
1167 2573 1215 2631 ex
1233 2544 1348 2643 Saba,
1365 2547 1573 2634 &Arabia
1607 2555 1680 2636 Di·

224 2684 318 2745 cunt
339 2663 461 2756 enim,
483 2657 596 2770 quod
617 2655 785 2772 profecti
802 2658 873 2743 smt
900 2688 946 2762 25
972 2659 1214 2756 Decembris,
1235 2665 1274 2742 δι
1300 2663 1495 2774 attigerint
1520 2660 1680 2750 Bethle-

221 2778 343 2881 mium
363 2788 399 2859 6.
420 2775 601 2877 Ianuarii,
623 2773 908 2873 nonobstante,
926 2772 1041 2886 quod
1064 2777 1179 2857 etiam
1194 2768 1433 2877 Jerololimis
1447 2771 1485 2859 se
1503 2777 1679 2864 detinue·
1787 2821 1789 2825 ·

223 2890 396 2975 rintun'o
420 2888 481 2971 vel
503 2881 626 2971 altero
651 2887 727 2972 die.
750 2891 851 2973 Part.
875 2917 911 2971 a.
932 2891 1054 2971 Num.
1076 2912 1170 2989 554·
1200 2914 1293 2991 557.
1317 2903 1552 2992 568.1o35.
1582 2897 1674 2979 Hoc
1813 2946 1817 2952 -
1873 2970 1879 2979 .

222 3026 349 3088 totum
371 3003 426 3085 est
442 2996 610 3099 difficile,
639 3026 786 3086 certum
813 3006 915 3087 enirn
942 3003 1009 3102 est,
1036 3003 1214 3114 Regnum
1235 3004 1473 3103 Sabaeorum,
1490 3007 1605 3117 quod
1619 3005 1674 3093 sa·

220 3143 304 3202 turn
323 3117 377 3199 eu
399 3120 439 3198 in
456 3118 697 3199 extremitate
721 3110 854 3199 Felicis
872 3116 1025 3200 Arabiae
1049 3118 1100 3199 ad
1126 3119 1237 3202 Mare
1260 3117 1431 3212 rubrum,
1458 3117 1675 3223 dinareJe-

219 3224 403 3318 rosolimti
423 3229 474 3313 ad
495 3231 694 3313 minimum
717 3256 798 3330 300
819 3225 1042 3315 milliaribus
1067 3233 1321 3330 Germanicis,
1339 3225 1402 3314 seu
1420 3246 1515 3315 600.
1536 3230 1672 3317 millia·

219 3343 326 3431 ribus
350 3340 570 3440 Palaestinis,
602 3370 649 3427 ac
676 3373 788 3430 raoo
813 3338 981 3433 Italicisa
1016 3347 1079 3428 via
1101 3367 1228 3428 autern
1245 3367 1308 3428 tot
1333 3339 1549 3430 milliarium
1572 3352 1672 3434 intra

218 3459 357 3542 decern
377 3459 459 3543 dies
483 3452 629 3541 absolvi
653 3485 734 3543 non
758 3462 897 3571 potest.
951 3458 1076 3563 Quod
1101 3483 1229 3540 autem
1253 3484 1415 3571 regnum
1437 3461 1538 3545 Saba
1559 3461 1672 3562 satum

217 3571 263 3657 lit
282 3577 321 3655 in
345 3575 587 3656 extremitate
603 3569 737 3657 Felicis
757 3572 923 3669 Arabia,
944 3572 1092 3656 constat
1114 3598 1161 3656 ex
1178 3566 1411 3674 Ptolomaeo,
1435 3578 1475 3657 ἃ
1497 3573 1580 3660 aliie
1602 3601 1670 3660 an·

216 3684 629 3797 tiquislscriptoribue,
650 3691 734 3799 qui,
752 3685 847 3771 dum
868 3688 1084 3801 loquuntur
1102 3685 1154 3769 de
1174 3687 1326 3785 Sabaria,
1343 3689 1397 3771 de
1418 3689 1499 3774 hoc
1518 3689 1681 3778 tannim

216 3795 372 3913 populo
394 3796 621 3912 loquuntur.
682 3794 934 3915 Ptolomaeum
954 3806 1059 3905 cujus
1081 3805 1215 3911 patria,
1242 3825 1382 3912 utpote
1394 3806 1604 3916 AEgyptuu
1624 3835 1670 3890 e·

214 3937 276 3999 tat
305 3919 542 3998 contermina
574 3941 700 4026 regno
721 3914 968 4014 Sabaeorum,
987 3920 1125 4027 ponit
1159 3912 1402 4028 Metropolin
1427 3925 1535 4030 regni
1567 3922 1680 4005 Suba-

214 4025 285 4110 sub
313 4029 433 4140 gradu
466 4023 721 4142 longitudinis
758 4045 826 4128 76,
851 4027 1063 4116 latitudinis
1088 4057 1159 4129 aar
1198 4004 1277 4113 Ue
1299 4033 1357 4113 his
1382 4038 1498 4116 etiam
1525 4032 1678 4118 Sabaeis:

213 4135 393 4256 loquitur
416 4139 597 4261 Virgilius
620 4141 1073 4349 L21.Ge0rg.1l}olira
1094 4143 1173 4259 fita
1201 4139 1322 4234 ibura
1346 4144 1478 4239 Salei.
1502 4150 1606 4352 831„
1628 4174 1667 4234 a.
1753 4147 1756 4150 ’

953 4357 958 4365 ,
990 4286 1034 4348 aa
1065 4286 1104 4367 3.
1557 4286 1669 4378 eorg.
