3796 4994
217 322 310 429 ¹78
501 300 701 401 ueneni.
739 302 783 396 S.
821 287 1070 426 Esifirbetbae
1112 295 1363 430 Schdnaug.
1518 328 1527 353 ·

211 503 388 622 praefatus
427 442 513 589 sicit
535 490 604 587 de
641 505 763 617 patria
799 500 862 586 sua
905 502 1108 614 egrediens
1156 496 1285 585 secum
1334 495 1446 585 illurn
1493 498 1664 589 adduxe·

212 647 273 709 rtt.

197 730 201 737 ’
328 734 426 818 Item
466 757 555 813 cum
592 756 633 813 re
666 724 863 815 uisruissem
905 727 958 811 de
994 726 1200 842 quodam,
1245 733 1352 826 cuius
1391 726 1529 838 titulus
1565 753 1666 814 erat:

213 846 371 938 Sandus
398 840 612 930 Murcusus
635 758 843 957 <spiscopus
868 846 907 929 in
938 840 1101 927 Gracia.
1189 837 1424 953 Responsum
1458 837 1541 927 tale
1564 870 1668 927 arce·

213 968 255 1078 pi
284 959 332 1043 ab
364 952 532 1071 Angelo.
613 962 698 1040 Fuit
732 963 771 1038 in
808 956 937 1052 tirbe,
982 983 1069 1067 quae
1111 952 1477 1069 Constantinopolis
1515 958 1667 1054 dicitur,

213 1084 297 1164 Rex
317 1073 475 1185 quidam
502 1064 727 1156 Dorotheus
747 1073 907 1154 nomine
930 1070 982 1153 de
1001 1064 1128 1152 Sicilia
1148 1067 1359 1166 oriundus,
1389 1075 1428 1150 de
1452 1096 1602 1154 nomen
1629 1099 1668 1154 u·

216 1193 322 1276 xoris
350 1192 429 1292 ejus
456 1179 715 1278 sirmindina,
753 1208 914 1294 eratque
937 1188 972 1266 ei
996 1177 1073 1265 filia
1095 1189 1206 1266 unica
1231 1183 1334 1265 dista
1361 1181 1602 1293 Constantia,
1628 1189 1665 1266 dt

215 1303 358 1388 fautum
385 1299 452 1392 est,
478 1321 520 1380 ut
538 1323 780 1380 morerentur
803 1321 980 1406 parentes
1010 1295 1158 1391 ambo,
1188 1295 1281 1378 dum
1310 1295 1442 1380 adhuc
1471 1293 1553 1382 filia
1580 1295 1666 1381 esset

217 1398 370 1527 dbsque
393 1406 531 1495 solatio
566 1413 703 1493 manti.
775 1406 1110 1522 Desponsaverunt
1142 1436 1237 1522 ergo
1271 1436 1356 1492 eam
1388 1414 1564 1522 proximi
1590 1417 1685 1527 ejus·

219 1529 372 1615 cuidam
398 1519 633 1608 adolescenti
670 1517 822 1605 alterius
850 1530 948 1635 regis
971 1518 1054 1605 filio
1082 1529 1122 1606 in
1158 1527 1392 1634 conjugem,
1419 1529 1460 1606 dt
1486 1520 1559 1609 asse
1581 1548 1666 1608 ante

219 1641 439 1753 nuptiarum
461 1663 614 1748 tempus
645 1662 773 1718 morte
801 1661 990 1745 praeventa
1010 1638 1063 1718 est
1087 1642 1163 1718 &n
1186 1641 1262 1718 dec.
1302 1638 1406 1730 (huc
1432 1642 1578 1721 iterum
1601 1663 1665 1749 pet

217 1750 495 1857 revelationem
517 1746 607 1859 jussa
634 1751 688 1852 esi
708 1757 764 1832 ire
788 1753 967 1846 Romam,
989 1754 1029 1831 ἃ
1048 1744 1086 1833 se
1102 1744 1246 1832 sociare
1268 1751 1307 1833 S.
1330 1744 1472 1835 unolz
1494 1751 1553 1864 ed
1578 1778 1665 1845 ucu-

218 1878 371 1967 turae,)'
391 1861 521 1948 Missus
550 1864 675 1946 estad
704 1891 768 1947 me
789 1867 828 1944 dc
853 1864 1075 1967 hujusmodi
1103 1859 1252 1946 titulus:
1294 1862 1331 1949 S.
1362 1864 1563 1974 Gerafima
1585 1890 1667 1978 qut

220 1983 329 2067 duxit
347 1980 467 2063 sacras
497 1983 685 2088 Virgines.
711 1981 786 2061 dec.
842 1977 1022 2062 Tandem
1053 1977 1106 2058 ad
1133 2003 1206 2060 nos
1237 1972 1340 2059 missa
1366 1971 1453 2059 sunt
1483 1985 1558 2062 tria
1583 2005 1665 2063 cot·

83 2167 87 2173 .
218 2089 372 2212 puseusa
399 2090 535 2188 sanda,
560 2117 648 2202 quae
670 2087 822 2173 fuerant
840 2091 891 2173 de
910 2093 1105 2175 Societate
1125 2086 1255 2174 sanuae
1269 2087 1407 2174 Ursulae
1421 2097 1496 2174 &c
1528 2100 1566 2176 dt
1613 2092 1665 2175 os

218 2206 387 2294 triduum
414 2198 503 2288 mibi
533 2217 819 2313 appuueruni3
860 2230 937 2288 una
962 2204 1071 2312 dixit.
1128 2207 1214 2316 Ego
1235 2201 1387 2289 ‘Aldina
1412 2232 1555 2291 vocata
1571 2120 1663 2301 irum,

220 2329 259 2406 dr
284 2325 363 2402 haec
389 2344 476 2431 quae
504 2343 655 2399 mecum
679 2318 734 2399 est
761 2317 1062 2409 emerentianis
1098 2313 1250 2401 sorores
1283 2316 1496 2403 secundom
1520 2347 1665 2406 carnem

218 2426 436 2529 fueramus,
461 2422 546 2514 filia
567 2429 763 2535 cujusdam
796 2433 987 2529 Comitis,
1015 2436 1121 2537 cujus
1147 2456 1228 2514 erat
1257 2457 1401 2515 nomeu
1425 2432 1664 2520 Aurelianus

218 2555 295 2635 Hic
322 2544 450 2631 autem
480 2544 672 2656 Martyr,¹
690 2548 761 2656 qui
789 2543 993 2627 nobiscum
1031 2546 1150 2640 venit,
1178 2542 1381 2632 Adrianus
1409 2574 1577 2633 vocatus
1603 2549 1663 2644 esi,

220 2668 259 2745 ἀ
296 2686 375 2745 erat
409 2654 507 2741 filius
542 2663 680 2767 Regis,
708 2662 747 2739 de
781 2677 868 2741 curn
907 2655 999 2742 esset
1032 2658 1171 2740 decem
1206 2687 1416 2762 annorum,
1454 2662 1582 2774 passus
1607 2664 1665 2745 esi.

221 2778 397 2858 Medium
424 2798 565 2879 corpus
590 2773 644 2851 est
667 2773 840 2853 Adriani.
926 2777 1001 2852 Hic
1031 2771 1196 2882 egressus
1217 2774 1271 2855 esi
1303 2801 1390 2856 curn
1418 2789 1594 2888 quatuor
1613 2773 1634 2858 s
1653 2824 1662 2839 ·

218 2885 394 2983 roribus,
422 2888 460 2965 δι
491 2909 578 2964 cum
608 2887 661 2966 eis
696 2889 923 2996 Martyrium
955 2881 1144 2997 suscepits
1188 2891 1347 2970 nomina
1379 2913 1515 3005 autem
1543 2915 1663 2976 earum

219 2990 393 3086 sororum
421 2997 502 3078 hac
526 3020 652 3079 erant:
682 2996 835 3096 Babisu,
855 2996 1031 3105 (susiana,
1065 3003 1222 3097 Aurea,
1246 3008 1285 3082 dc
1317 3001 1531 3090 WsiotiaN
1577 3007 1663 3089 San·

220 3122 279 3199 dia
305 3110 501 3195 Gerastma
524 3107 597 3192 suit
623 3116 750 3221 regina
777 3111 971 3205 Siciliae&
999 3114 1089 3197 vere
1116 3139 1197 3198 erat
1217 3116 1268 3197 de
1292 3111 1399 3199 fideli
1433 3118 1568 3203 radice
1594 3119 1661 3200 Aa·

218 3256 306 3311 ron.
383 3228 521 3307 'Virum
541 3221 646 3306 suum
674 3231 926 3333 Quintianum
956 3229 1117 3337 Regem,
1148 3256 1234 3311 cum
1259 3227 1351 3313 esset
1380 3234 1514 3343 primo
1543 3259 1662 3344 tyran·

219 3332 292 3423 nus
313 3335 595 3436 crudeliffimus,
619 3345 822 3422 convertit.
909 3346 982 3423 Hic
1009 3366 1092 3422 eam
1113 3339 1303 3452 scripserat
1323 3346 1375 3427 de
1395 3350 1605 3442 Britannia,
1627 3351 1661 3425 dt

171 3436 180 3453 ”
219 3477 300 3568 erat
319 3446 428 3533 soror
443 3457 582 3534 *Sancti
603 3452 781 3535 Maurisiii
808 3449 984 3564 Episcopi
1008 3459 1045 3534 dt
1068 3455 1193 3538 Dariae
1212 3463 1340 3540 muris
1363 3460 1401 3539 S.
1422 3454 1570 3544 Ursule
1593 3465 1662 3542 Re-

218 3570 322 3676 g'inae.
378 3568 473 3647 Tres
502 3564 672 3647 habebat
699 3563 828 3662 filios,
856 3573 894 3650 dt
924 3563 1019 3650 filias
1050 3560 1112 3652 sex
1141 3574 1180 3651 dc
1216 3596 1296 3653 erat
1325 3575 1512 3655 minimus
1546 3579 1585 3654 in
1615 3573 1661 3655 eis

218 3682 257 3761 S.
285 3682 505 3774 Adrianus,
549 3675 665 3762 frater
702 3687 781 3785 ejus
818 3679 943 3764 senior
974 3707 1055 3765 erat
1095 3684 1325 3767 Dorotheus
1368 3686 1450 3766 Rex
1498 3691 1658 3779 Gracia,

251 3794 288 3873 ui
312 3815 391 3874 erat
413 3819 521 3899 pater
541 3795 579 3873 S.
606 3792 842 3877 Constantia
865 3800 938 3875 dcc.
981 3797 1171 3903 Quodam
1193 3799 1371 3908 tempore
1399 3796 1423 3881 ai
1448 3804 1495 3882 B.
1517 3805 1658 3906 Verena

170 3918 178 3930 “
215 3818 395 3988 ἓὶίεὶωτα
416 3905 519 4000 sum,
548 3911 726 4016 quisnam
757 3903 871 3990 fuerit
893 3910 1048 3990 uuthor
1070 3914 1240 4022 Martyris
1265 3908 1365 3993 illius
1390 3911 1497 3994 beati
1524 3915 1655 3995 exerci-

213 4021 310 4132 tus?
341 4013 556 4130 respondit:
586 4020 691 4103 Cum
715 4015 874 4108 essemus
897 4027 1044 4123 nona,
1063 4020 1219 4110 suerunt
1234 4024 1384 4112 ibidem
1409 4051 1463 4109 eo
1488 4048 1655 4222 tempiotg

975 4168 980 4180 ·
1607 4164 1627 4220 u
