3796 4994
481 438 483 445 ,
598 352 800 507 Repelat.
822 350 876 447 dr
902 335 1090 483 Agrrda.
1113 310 1294 455 Parsis
1557 386 1584 455 a
1593 387 1616 485 5
1627 386 1654 487 5
1790 459 1793 463 ,

332 579 425 656 aoa.
463 533 709 671 Eligebantur
729 557 768 639 in
788 579 968 669 parentes
989 559 1033 639 Β.
1054 554 1223 666 Virginis
1249 579 1298 639 ex
1315 503 1512 642 'omnibus
1532 557 1668 657 homi·

212 673 327 761 nibus
342 669 561 758 sandiffimi.
613 674 655 756 Si
678 674 780 754 enim
796 668 998 754 extitissent
1016 672 1056 753 in
1071 690 1169 752 terra
1182 665 1446 783 persediiores,
1464 696 1535 760 eos
1548 672 1655 763 haud
1789 685 1796 697 '

213 787 336 885 dubie
357 789 468 873 Deus
491 781 660 899 eleg'diet
676 786 716 902 in
733 808 909 897 parentes
928 780 999 867 suae
1021 785 1169 867 Matris.

334 947 429 1017 209.
460 918 637 1026 Quando
652 917 831 1022 Joachim
858 944 946 1001 cum
960 916 1075 1001 Anna
1098 919 1210 1002 inivit
1228 923 1545 1021 matrimonium,
1574 920 1665 1035 ipse.

217 1059 303 1121 erat
321 1050 402 1134 463
430 1036 511 1119 haec
533 1055 662 1116 autem
686 1060 739 1134 ⁸4
762 1057 966 1115 annorum.
1050 1033 1196 1142 Viginti
1211 1037 1317 1117 annis
1340 1040 1516 1122 vixerunt
1531 1040 1666 1131 iuste·
1758 1091 1761 1098 -

216 1147 370 1235 rilitatc.
452 1151 498 1231 ln
519 1149 780 1261 conceptione
803 1150 847 1235 B.
871 1144 1038 1258 Virginis
1061 1143 1198 1257 quoad
1225 1172 1365 1258 corpus
1386 1143 1545 1263 reliquit
1567 1159 1658 1267 qui.
1797 1207 1799 1211 ‚

217 1265 310 1349 dem
361 1263 471 1346 Deus
525 1285 666 1344 naturae
710 1242 889 1346 cursumr
944 1250 1095 1342 abstulit
1140 1283 1270 1343 tamen
1323 1287 1484 1346 omnem
1541 1265 1664 1351 deor·
1802 1339 1808 1361 .

215 1379 458 1462 dinationem
494 1378 534 1455 δι
569 1369 929 1484 imperfectionem,
967 1371 1018 1456 fic
1055 1395 1097 1458 ut
1135 1371 1279 1459 naturae
1304 1396 1455 1458 tantum
1483 1374 1659 1490 permissa

218 1490 362 1579 fuerint
410 1516 489 1588 ea,
543 1514 635 1601 ¹quae
675 1509 783 1571 erant
828 1481 1032 1572 neceffaria
1077 1485 1130 1572 ad
1178 1490 1492 1602 conceptionem.
1560 1521 1661 1581 aro.-

217 1635 313 1692 arr.

306 1787 309 1792 -
335 1763 383 1821 rr
396 1765 432 1838 3.
459 1735 503 1817 In
521 1733 779 1842 conceptione
799 1734 843 1814 B.
858 1735 908 1814 V.
922 1726 1101 1831 Joachit'n
1121 1733 1161 1814 dc
1182 1728 1304 1817 Anna'
1316 1733 1369 1817 ita
1384 1727 1546 1838 ‚fuerunt
1565 1767 1660 1850 prac-

216 1849 400 1938 servatid
430 1842 690 1930 delectatione
716 1840 1050 1954 concupiscentiae,
1075 1869 1121 1930 ac
1141 1849 1310 1944 remoti,
1341 1872 1384 1932 ut
1412 1845 1578 1936 abfuerit
1612 1872 1660 1937 ea

215 1960 459 2075 imperfedio
483 1960 688 2069 ipeccato
713 1955 891 2070 originali
920 1961 1174 2069 proveniens,
1202 1986 1290 2072 qua
1314 1955 1407 2048 alitis
1424 1958 1523 2049 solet
1541 1944 1666 2050 intetss
1701 2026 1704 2031 -

216 2083 363 2164 venite.
447 2080 548 2158 Hinc
573 2075 730 2155 materia
745 2070 879 2153 mansit
898 2098 993 2182 pura
1016 2070 1068 2154 ab
1089 2098 1135 2155 ea
1157 2071 1469 2184 imperfediioner
1498 2105 1544 2164 ac
1563 2107 1665 2166 con·

216 2194 419 2306 sequenter
443 2210 599 2300 poterat
621 2191 736 2270 etiam
758 2179 871 2270 facile
889 2189 931 2267 in
959 2210 1005 2271 ea
1028 2192 1289 2301 conceptione
1303 2186 1432 2280 ,abeffe
1455 2218 1659 2305 peccatum

217 2300 414 2418 originale.
471 2329 567 2396 217.

225 2498 237 2511 .
338 2466 432 2534 214.
448 2436 621 2544 Corpus
644 2432 688 2517 Β.
714 2434 881 2543 Virginis
909 2435 1060 2543 accepit
1084 2456 1431 2546 temperamentum
1462 2435 1660 2549 perfectis·

218 2552 352 2637 sumum
374 2578 422 2632 ex
440 2573 609 2660 quatuor
631 2548 871 2643 humoribus,
893 2541 1138 2660 sanguineo,
1153 2544 1437 2646 melancolico,
1460 2548 1666 2662 phiegrna·⁸
1697 2631 1700 2635 .

216 2671 313 2764 tico,
337 2659 529 2748 colericor
556 2668 595 2743 dr
611 2662 696 2744 hoc
706 2685 1051 2772 temperamentum
1073 2659 1124 2746 fic
1142 2667 1379 2745 continuavit
1396 2663 1560 2747 durante
1580 2668 1660 2749 vita
1768 2750 1773 2757 ,

215 2786 259 2866 Β.
274 2784 347 2874 V.,
369 2802 410 2858 ut
428 2771 553 2858 nulius
578 2802 713 2858 eorum
734 2777 941 2857 humorum
967 2801 1138 2886 unquam
1161 2777 1462 2886 praedominatur
1488 2778 1544 2861 [ιι.
1603 2781 1662 2864 Ex

216 2899 295 2979 hoc
322 2886 656 3000 consequebatur,
685 2886 799 3000 quod
838 2888 879 2970 hi
913 2909 1085 2999 quatuor
1108 2887 1292 2973 humores
1325 2918 1409 2974 non
1433 2895 1583 3004 egerint
1608 2891 1680 2976 ad‘
1790 2953 1793 2957 -

217 3010 507 3115 corruptionem
534 3027 705 3085 mutuam
733 3027 798 3083 aut
822 3006 1019 3112 corporisr
1067 2996 1133 3084 sed
1163 3008 1295 3112 potius
1326 3000 1377 3087 ad
1404 3006 1662 3089 conservatio·

217 3150 321 3207 nem.
403 3121 493 3200 Nec
522 3113 628 3198 calor
642 3141 827 3226 unquam
859 3113 1085 3211 excedebat,
1114 3141 1188 3198 nec
1213 3113 1347 3233 frigus.
1413 3114 1538 3202 Calor
1562 3144 1663 3200 nun·

218 3251 336 3348 qu'am
355 3255 435 3314 erat
458 3236 594 3335 major,
623 3255 742 3342 quarn
769 3254 870 3337 opus
899 3252 979 3311 erat
1002 3227 1052 3311 ad
1079 3231 1410 3313 conservationem
1445 3234 1484 3311 δι
1509 3256 1658 3312 conco·

218 3356 411 3443 ctionem3
439 3372 512 3428 nec
537 3341 656 3454 frigus
679 3346 799 3446 majus
818 3367 990 3454 uuquam
1007 3338 1093 3444 fuit,
1114 3369 1234 3455 quam·
1252 3369 1353 3455 opus
1378 3339 1453 3427 fuit
1473 3344 1526 3428 ad
1551 3341 1663 3443 refri-

218 3462 412 3576 gerandos
432 3453 605 3571 reliquos
629 3458 823 3540 humores.
1231 3556 1234 3561 Ι
1280 3502 1285 3511 ·
1760 3553 1765 3579 .

338 3607 432 3676 216.
455 3595 570 3692 Juxta
591 3591 762 3671 nostrum
779 3582 942 3672 modurn
962 3584 1155 3700 loquendi
1170 3615 1304 3672 verum
1326 3589 1393 3687 est,
1416 3589 1532 3787 pund
1550 3591 1664 3674 Deua

219 3714 404 3812 majorem
424 3732 551 3787 curam
571 3702 790 3786 adhibuerit
806 3705 845 3783 in
865 3699 1078 3786 formando
1094 3703 1175 3788 boc
1194 3696 1280 3786 solo
1297 3730 1420 3817 corpu
1436 3702 1527 3790 culo
1549 3710 1594 3791 Β.
1613 3705 1663 3791 V.

217 3822 338 3935 quim
357 3824 396 3901 in
417 3823 613 3901 creatione
632 3810 723 3899 coeli
746 3820 785 3895 dr
809 3834 929 3897 terrae.
1540 3806 1550 3835 ²

344 3960 435 4032 218.
459 3974 555 4040 219.
584 3971 678 4028 220.
706 3945 930 4054 Conceptio
953 3944 1128 4055 corporis
1153 3947 1198 4026 Β.
1224 3940 1275 4030 V.
1298 3948 1463 4058 contigit
1489 3945 1661 4032 dieDo·

220 4065 377 4162 mituico.
409 4108 428 4126 ·
486 4063 535 4145 Et
559 4062 742 4171 quamvis
759 4085 835 4170 pto
860 4055 1051 4142 infusione
1078 4061 1212 4144 anima
1241 4063 1282 4142 in
1308 4057 1479 4144 masculis
1515 4054 1662 4142 cirdter

315 4184 324 4205 ‘
1532 4175 1663 4282 requi·
1772 4233 1776 4243 .
