<?xml version="1.0" encoding="UTF-8"?>
<!DOCTYPE html PUBLIC "-//W3C//DTD XHTML 1.0 Transitional//EN"
    "http://www.w3.org/TR/xhtml1/DTD/xhtml1-transitional.dtd">
<html xmlns="http://www.w3.org/1999/xhtml" xml:lang="en" lang="en">
 <head>
  <title>
</title>
<meta http-equiv="Content-Type" content="text/html;charset=utf-8" />
  <meta name='ocr-system' content='tesseract 3.04.00' />
  <meta name='ocr-capabilities' content='ocr_page ocr_carea ocr_par ocr_line ocrx_word'/>
</head>
<body>
  <div class='ocr_page' id='page_1' title='image "./derevelationibu00amorgoog_0386.png"; bbox 0 0 3796 4994; ppageno 0'>
   <div class='ocr_carea' id='block_1_1' title="bbox 271 254 1328 380">
    <p class='ocr_par' dir='ltr' id='par_1_1' title="bbox 271 254 1328 380">
     <span class='ocr_line' id='line_1_1' title="bbox 271 254 1328 380; baseline 0.001 -11"><span class='ocrx_word' id='word_1_1' title='bbox 271 293 336 380; x_wconf 71' lang='lat' dir='ltr'><strong>aa</strong></span> <span class='ocrx_word' id='word_1_2' title='bbox 503 302 508 309; x_wconf 88' lang='lat'>·</span> <span class='ocrx_word' id='word_1_3' title='bbox 656 269 962 371; x_wconf 77' lang='lat' dir='ltr'><strong>Revelatr‘orres</strong></span> <span class='ocrx_word' id='word_1_4' title='bbox 997 273 1043 370; x_wconf 89' lang='lat' dir='ltr'><strong>S.</strong></span> <span class='ocrx_word' id='word_1_5' title='bbox 1084 254 1328 370; x_wconf 68' lang='lat' dir='ltr'><strong>mitratis.</strong></span> 
     </span>
    </p>
   </div>
   <div class='ocr_carea' id='block_1_2' title="bbox 108 470 1727 1045">
    <p class='ocr_par' dir='ltr' id='par_1_2' title="bbox 253 470 1727 709">
     <span class='ocr_line' id='line_1_2' title="bbox 253 470 1726 588; baseline 0.006 -30"><span class='ocrx_word' id='word_1_6' title='bbox 253 500 342 587; x_wconf 83' lang='lat' dir='ltr'><strong>pro</strong></span> <span class='ocrx_word' id='word_1_7' title='bbox 366 473 439 560; x_wconf 85' lang='lat' dir='ltr'><strong>illo</strong></span> <span class='ocrx_word' id='word_1_8' title='bbox 466 472 599 559; x_wconf 90' lang='lat' dir='ltr'><strong>mihia</strong></span> <span class='ocrx_word' id='word_1_9' title='bbox 629 497 737 559; x_wconf 90' lang='lat' dir='ltr'><strong>erent</strong></span> <span class='ocrx_word' id='word_1_10' title='bbox 754 477 906 587; x_wconf 80' lang='lat' dir='ltr'><strong>gratias.</strong></span> <span class='ocrx_word' id='word_1_11' title='bbox 989 473 1069 561; x_wconf 86' lang='lat' dir='ltr'><strong>Sed</strong></span> <span class='ocrx_word' id='word_1_12' title='bbox 1103 470 1207 560; x_wconf 89' lang='lat' dir='ltr'><strong>forte</strong></span> <span class='ocrx_word' id='word_1_13' title='bbox 1238 473 1576 588; x_wconf 87' lang='lat' dir='ltr'><strong>respondendum,</strong></span> <span class='ocrx_word' id='word_1_14' title='bbox 1604 477 1726 567; x_wconf 88' lang='lat' dir='ltr'><strong>Chri-</strong></span> 
     </span>
     <span class='ocr_line' id='line_1_3' title="bbox 267 499 1727 709; baseline 0.009 -38"><span class='ocrx_word' id='word_1_15' title='bbox 267 591 365 672; x_wconf 89' lang='lat' dir='ltr'><strong>stum</strong></span> <span class='ocrx_word' id='word_1_16' title='bbox 385 586 533 677; x_wconf 84' lang='lat' dir='ltr'><strong>tantum</strong></span> <span class='ocrx_word' id='word_1_17' title='bbox 564 499 664 673; x_wconf 77' lang='lat' dir='ltr'><strong>veIIe</strong></span> <span class='ocrx_word' id='word_1_18' title='bbox 687 589 834 675; x_wconf 84' lang='lat' dir='ltr'>dicere:</span> <span class='ocrx_word' id='word_1_19' title='bbox 852 588 951 703; x_wconf 72' lang='lat' dir='ltr'><strong>sepe</strong></span> <span class='ocrx_word' id='word_1_20' title='bbox 974 615 1041 676; x_wconf 91' lang='lat' dir='ltr'><strong>aut</strong></span> <span class='ocrx_word' id='word_1_21' title='bbox 1065 596 1223 709; x_wconf 64' lang='lat' dir='ltr'><strong>respectu</strong></span> <span class='ocrx_word' id='word_1_22' title='bbox 1245 590 1457 703; x_wconf 81' lang='lat' dir='ltr'><strong>aliquorum</strong></span> <span class='ocrx_word' id='word_1_23' title='bbox 1482 596 1551 704; x_wconf 92' lang='lat' dir='ltr'><strong>qui</strong></span> <span class='ocrx_word' id='word_1_24' title='bbox 1574 589 1727 707; x_wconf 89' lang='lat' dir='ltr'><strong>aliquid</strong></span> 
     </span>
    </p>

    <p class='ocr_par' dir='ltr' id='par_1_3' title="bbox 108 698 1726 1045">
     <span class='ocr_line' id='line_1_4' title="bbox 108 698 1724 818; baseline 0.014 -39"><span class='ocrx_word' id='word_1_25' title='bbox 108 752 114 779; x_wconf 77' lang='grc'><em>,</em></span> <span class='ocrx_word' id='word_1_26' title='bbox 264 698 417 817; x_wconf 64' lang='lat' dir='ltr'><strong>speciale</strong></span> <span class='ocrx_word' id='word_1_27' title='bbox 441 701 495 790; x_wconf 92' lang='lat' dir='ltr'><strong>sui</strong></span> <span class='ocrx_word' id='word_1_28' title='bbox 522 700 630 787; x_wconf 86' lang='lat' dir='ltr'><strong>causa</strong></span> <span class='ocrx_word' id='word_1_29' title='bbox 658 731 833 816; x_wconf 86' lang='lat' dir='ltr'><strong>egerunt,</strong></span> <span class='ocrx_word' id='word_1_30' title='bbox 859 707 902 789; x_wconf 92' lang='lat' dir='ltr'><strong>id</strong></span> <span class='ocrx_word' id='word_1_31' title='bbox 928 703 1029 794; x_wconf 79' lang='lat' dir='ltr'><strong>fierit</strong></span> <span class='ocrx_word' id='word_1_32' title='bbox 1070 717 1114 790; x_wconf 77' lang='lat' dir='ltr'><strong>ut</strong></span> <span class='ocrx_word' id='word_1_33' title='bbox 1139 734 1208 790; x_wconf 88' lang='lat' dir='ltr'><strong>eos</strong></span> <span class='ocrx_word' id='word_1_34' title='bbox 1234 713 1424 818; x_wconf 83' lang='lat' dir='ltr'><strong>poeniteat</strong></span> <span class='ocrx_word' id='word_1_35' title='bbox 1450 712 1487 788; x_wconf 75' lang='grc' dir='ltr'><strong>ἃ</strong></span> <span class='ocrx_word' id='word_1_36' title='bbox 1513 705 1724 802; x_wconf 77' lang='lat' dir='ltr'><strong>salventurr</strong></span> 
     </span>
     <span class='ocr_line' id='line_1_5' title="bbox 266 812 1726 933; baseline 0.008 -32"><span class='ocrx_word' id='word_1_37' title='bbox 266 844 350 901; x_wconf 90' lang='lat' dir='ltr'><strong>uon</strong></span> <span class='ocrx_word' id='word_1_38' title='bbox 373 822 477 903; x_wconf 92' lang='lat' dir='ltr'><strong>enim</strong></span> <span class='ocrx_word' id='word_1_39' title='bbox 509 821 595 901; x_wconf 84' lang='lat' dir='ltr'><strong>rard</strong></span> <span class='ocrx_word' id='word_1_40' title='bbox 624 819 727 928; x_wconf 93' lang='lat' dir='ltr'><strong>apud</strong></span> <span class='ocrx_word' id='word_1_41' title='bbox 758 821 975 933; x_wconf 84' lang='lat' dir='ltr'><strong>Scriptores</strong></span> <span class='ocrx_word' id='word_1_42' title='bbox 990 812 1135 907; x_wconf 71' lang='lat' dir='ltr'><strong>‘Surculi</strong></span> <span class='ocrx_word' id='word_1_43' title='bbox 1160 849 1224 925; x_wconf 84' lang='lat'><strong>¹3·</strong></span> <span class='ocrx_word' id='word_1_44' title='bbox 1250 826 1289 904; x_wconf 86' lang='lat' dir='ltr'><strong>dc</strong></span> <span class='ocrx_word' id='word_1_45' title='bbox 1325 851 1393 924; x_wconf 89' lang='lat'><strong>14,</strong></span> <span class='ocrx_word' id='word_1_46' title='bbox 1430 816 1534 933; x_wconf 79' lang='lat' dir='ltr'><strong>quod</strong></span> <span class='ocrx_word' id='word_1_47' title='bbox 1567 819 1726 913; x_wconf 81' lang='lat' dir='ltr'>sumitur</span> 
     </span>
     <span class='ocr_line' id='line_1_6' title="bbox 265 931 978 1045; baseline 0.008 -31"><span class='ocrx_word' id='word_1_48' title='bbox 265 941 417 1045; x_wconf 80' lang='lat' dir='ltr'><strong>prout,</strong></span> <span class='ocrx_word' id='word_1_49' title='bbox 442 960 480 1016; x_wconf 90' lang='lat' dir='ltr'><strong>v.</strong></span> <span class='ocrx_word' id='word_1_50' title='bbox 505 959 545 1044; x_wconf 87' lang='lat' dir='ltr'><strong>g.</strong></span> <span class='ocrx_word' id='word_1_51' title='bbox 567 931 670 1045; x_wconf 89' lang='lat' dir='ltr'><strong>apud</strong></span> <span class='ocrx_word' id='word_1_52' title='bbox 689 933 743 1015; x_wconf 89' lang='lat' dir='ltr'><strong>D.</strong></span> <span class='ocrx_word' id='word_1_53' title='bbox 766 936 978 1021; x_wconf 85' lang='lat' dir='ltr'><strong>Thomatn.</strong></span> 
     </span>
    </p>
   </div>
   <div class='ocr_carea' id='block_1_3' title="bbox 198 1148 1723 1434">
    <p class='ocr_par' dir='ltr' id='par_1_4' title="bbox 198 1148 1723 1434">
     <span class='ocr_line' id='line_1_7' title="bbox 404 1148 1721 1294; baseline 0.005 -37"><span class='ocrx_word' id='word_1_54' title='bbox 404 1149 560 1258; x_wconf 88' lang='lat' dir='ltr'><strong>XXII.</strong></span> <span class='ocrx_word' id='word_1_55' title='bbox 605 1149 661 1259; x_wconf 73' lang='lat'><strong>1.</strong></span> <span class='ocrx_word' id='word_1_56' title='bbox 702 1189 747 1277; x_wconf 85' lang='lat'><strong>3.</strong></span> <span class='ocrx_word' id='word_1_57' title='bbox 790 1148 852 1257; x_wconf 91' lang='lat' dir='ltr'><strong>C.</strong></span> <span class='ocrx_word' id='word_1_58' title='bbox 892 1188 973 1279; x_wconf 83' lang='lat'><strong>32.</strong></span> <span class='ocrx_word' id='word_1_59' title='bbox 1018 1149 1211 1269; x_wconf 87' lang='lat' dir='ltr'><strong>docet,</strong></span> <span class='ocrx_word' id='word_1_60' title='bbox 1259 1183 1479 1259; x_wconf 89' lang='lat' dir='ltr'><strong>omnem</strong></span> <span class='ocrx_word' id='word_1_61' title='bbox 1526 1169 1721 1294; x_wconf 85' lang='lat' dir='ltr'><strong>appeti-</strong></span> 
     </span>
     <span class='ocr_line' id='line_1_8' title="bbox 198 1291 1723 1434; baseline 0.006 -33"><span class='ocrx_word' id='word_1_62' title='bbox 198 1332 202 1339; x_wconf 75' lang='grc'>’</span> <span class='ocrx_word' id='word_1_63' title='bbox 261 1299 387 1402; x_wconf 73' lang='lat' dir='ltr'><strong>‘tum</strong></span> <span class='ocrx_word' id='word_1_64' title='bbox 431 1292 634 1426; x_wconf 79' lang='lat' dir='ltr'><strong>alieuius</strong></span> <span class='ocrx_word' id='word_1_65' title='bbox 685 1291 812 1399; x_wconf 90' lang='lat' dir='ltr'><strong>boni</strong></span> <span class='ocrx_word' id='word_1_66' title='bbox 857 1293 948 1399; x_wconf 84' lang='lat' dir='ltr'><strong>else</strong></span> <span class='ocrx_word' id='word_1_67' title='bbox 999 1303 1292 1434; x_wconf 87' lang='lat' dir='ltr'><strong>appetitum</strong></span> <span class='ocrx_word' id='word_1_68' title='bbox 1338 1299 1429 1404; x_wconf 67' lang='lat' dir='ltr'><strong>seu,</strong></span> <span class='ocrx_word' id='word_1_69' title='bbox 1485 1327 1723 1411; x_wconf 87' lang='lat' dir='ltr'><strong>amorem</strong></span> 
     </span>
    </p>
   </div>
   <div class='ocr_carea' id='block_1_4' title="bbox 74 1435 1720 3641">
    <p class='ocr_par' dir='ltr' id='par_1_5' title="bbox 164 1435 1720 1578">
     <span class='ocr_line' id='line_1_9' title="bbox 164 1435 1720 1578; baseline 0.004 -34"><span class='ocrx_word' id='word_1_70' title='bbox 164 1523 168 1531; x_wconf 83' lang='lat'>-</span> <span class='ocrx_word' id='word_1_71' title='bbox 266 1435 403 1554; x_wconf 79' lang='lat' dir='ltr'><strong>DEI,</strong></span> <span class='ocrx_word' id='word_1_72' title='bbox 439 1486 526 1574; x_wconf 82' lang='lat' dir='ltr'><strong>quae</strong></span> <span class='ocrx_word' id='word_1_73' title='bbox 553 1459 732 1544; x_wconf 71' lang='lat' dir='ltr'><strong>dodrina</strong></span> <span class='ocrx_word' id='word_1_74' title='bbox 761 1455 914 1540; x_wconf 87' lang='lat' dir='ltr'><strong>videtur</strong></span> <span class='ocrx_word' id='word_1_75' title='bbox 940 1450 1110 1567; x_wconf 72' lang='lat' dir='ltr'><strong>suspecta</strong></span> <span class='ocrx_word' id='word_1_76' title='bbox 1131 1457 1183 1541; x_wconf 89' lang='lat' dir='ltr'><strong>de</strong></span> <span class='ocrx_word' id='word_1_77' title='bbox 1212 1485 1343 1547; x_wconf 88' lang='lat' dir='ltr'><strong>errore</strong></span> <span class='ocrx_word' id='word_1_78' title='bbox 1364 1457 1576 1569; x_wconf 87' lang='lat' dir='ltr'><strong>Quesnelli,</strong></span> <span class='ocrx_word' id='word_1_79' title='bbox 1604 1466 1720 1578; x_wconf 81' lang='lat' dir='ltr'><strong>&#39;quod</strong></span> 
     </span>
    </p>

    <p class='ocr_par' dir='ltr' id='par_1_6' title="bbox 265 1564 1720 1676">
     <span class='ocr_line' id='line_1_10' title="bbox 265 1564 1720 1676; baseline -0.001 -10"><span class='ocrx_word' id='word_1_80' title='bbox 265 1584 516 1667; x_wconf 80' lang='lat' dir='ltr'><strong>omnis-aetus</strong></span> <span class='ocrx_word' id='word_1_81' title='bbox 536 1578 728 1659; x_wconf 85' lang='lat' dir='ltr'><strong>humanus</strong></span> <span class='ocrx_word' id='word_1_82' title='bbox 747 1570 793 1657; x_wconf 87' lang='lat' dir='ltr'><strong>fit</strong></span> <span class='ocrx_word' id='word_1_83' title='bbox 814 1564 877 1653; x_wconf 92' lang='lat' dir='ltr'><strong>vel</strong></span> <span class='ocrx_word' id='word_1_84' title='bbox 897 1596 1008 1655; x_wconf 88' lang='lat' dir='ltr'><strong>amor</strong></span> <span class='ocrx_word' id='word_1_85' title='bbox 1031 1574 1119 1656; x_wconf 82' lang='lat' dir='ltr'><strong>DEI</strong></span> <span class='ocrx_word' id='word_1_86' title='bbox 1144 1565 1359 1674; x_wconf 87' lang='lat' dir='ltr'><strong>laudabilis,</strong></span> <span class='ocrx_word' id='word_1_87' title='bbox 1387 1568 1584 1676; x_wconf 83' lang='lat' dir='ltr'><strong>velamur</strong></span> <span class='ocrx_word' id='word_1_88' title='bbox 1609 1609 1720 1664; x_wconf 91' lang='lat' dir='ltr'><strong>mun·</strong></span> 
     </span>
    </p>

    <p class='ocr_par' dir='ltr' id='par_1_7' title="bbox 265 1684 1718 1805">
     <span class='ocr_line' id='line_1_11' title="bbox 265 1684 1718 1805; baseline 0.001 -26"><span class='ocrx_word' id='word_1_89' title='bbox 265 1695 307 1779; x_wconf 93' lang='lat' dir='ltr'><strong>di</strong></span> <span class='ocrx_word' id='word_1_90' title='bbox 343 1684 615 1805; x_wconf 87' lang='lat' dir='ltr'><strong>vituperabilis.</strong></span> <span class='ocrx_word' id='word_1_91' title='bbox 703 1688 768 1771; x_wconf 89' lang='lat' dir='ltr'><strong>Sic</strong></span> <span class='ocrx_word' id='word_1_92' title='bbox 803 1684 949 1771; x_wconf 79' lang='lat' dir='ltr'><strong>habeta</strong></span> <span class='ocrx_word' id='word_1_93' title='bbox 1007 1685 1223 1771; x_wconf 85' lang='lat' dir='ltr'><strong>Gertrudes</strong></span> <span class='ocrx_word' id='word_1_94' title='bbox 1257 1688 1355 1771; x_wconf 84' lang='lat' dir='ltr'>dixit</span> <span class='ocrx_word' id='word_1_95' title='bbox 1393 1689 1444 1772; x_wconf 91' lang='lat' dir='ltr'><strong>ad</strong></span> <span class='ocrx_word' id='word_1_96' title='bbox 1478 1690 1718 1781; x_wconf 77' lang='lat' dir='ltr'><strong>Dominumr</strong></span> 
     </span>
    </p>

    <p class='ocr_par' dir='ltr' id='par_1_8' title="bbox 266 1794 1717 1916">
     <span class='ocr_line' id='line_1_12' title="bbox 266 1794 1717 1916; baseline 0.001 -23"><span class='ocrx_word' id='word_1_97' title='bbox 266 1815 356 1893; x_wconf 85' lang='lat' dir='ltr'><strong>Heu</strong></span> <span class='ocrx_word' id='word_1_98' title='bbox 381 1809 580 1900; x_wconf 82' lang='lat' dir='ltr'>Domine,</span> <span class='ocrx_word' id='word_1_99' title='bbox 605 1800 719 1916; x_wconf 88' lang='lat' dir='ltr'><strong>quod</strong></span> <span class='ocrx_word' id='word_1_100' title='bbox 743 1823 821 1884; x_wconf 84' lang='lat' dir='ltr'><strong>tam</strong></span> <span class='ocrx_word' id='word_1_101' title='bbox 844 1800 979 1910; x_wconf 89' lang='lat' dir='ltr'><strong>tepida</strong></span> <span class='ocrx_word' id='word_1_102' title='bbox 1001 1794 1085 1887; x_wconf 90' lang='lat' dir='ltr'><strong>sunt</strong></span> <span class='ocrx_word' id='word_1_103' title='bbox 1109 1799 1295 1887; x_wconf 84' lang='lat' dir='ltr'><strong>defideria</strong></span> <span class='ocrx_word' id='word_1_104' title='bbox 1325 1830 1413 1887; x_wconf 89' lang='lat' dir='ltr'><strong>mea</strong></span> <span class='ocrx_word' id='word_1_105' title='bbox 1437 1805 1488 1887; x_wconf 90' lang='lat' dir='ltr'><strong>ad</strong></span> <span class='ocrx_word' id='word_1_106' title='bbox 1516 1829 1558 1890; x_wconf 89' lang='lat' dir='ltr'><strong>te</strong></span> <span class='ocrx_word' id='word_1_107' title='bbox 1584 1835 1717 1894; x_wconf 88' lang='lat' dir='ltr'><strong>vetum</strong></span> 
     </span>
    </p>

    <p class='ocr_par' dir='ltr' id='par_1_9' title="bbox 74 1915 1717 2014">
     <span class='ocr_line' id='line_1_13' title="bbox 74 1915 1717 2014; baseline 0.001 -7"><span class='ocrx_word' id='word_1_108' title='bbox 74 1950 80 1960; x_wconf 90' lang='lat'><strong>·</strong></span> <span class='ocrx_word' id='word_1_109' title='bbox 144 1920 164 1951; x_wconf 77' lang='lat'><strong>&#39;¹</strong></span> <span class='ocrx_word' id='word_1_110' title='bbox 265 1922 419 2007; x_wconf 87' lang='lat' dir='ltr'><strong>bonum</strong></span> <span class='ocrx_word' id='word_1_111' title='bbox 444 1946 590 2014; x_wconf 90' lang='lat' dir='ltr'><strong>meum,</strong></span> <span class='ocrx_word' id='word_1_112' title='bbox 612 1916 720 2001; x_wconf 89' lang='lat' dir='ltr'><strong>unde</strong></span> <span class='ocrx_word' id='word_1_113' title='bbox 738 1939 817 2000; x_wconf 82' lang='lat' dir='ltr'><strong>tarn</strong></span> <span class='ocrx_word' id='word_1_114' title='bbox 853 1915 941 1998; x_wconf 82' lang='lat' dir='ltr'><strong>rard</strong></span> <span class='ocrx_word' id='word_1_115' title='bbox 971 1917 1157 2001; x_wconf 87' lang='lat' dir='ltr'><strong>convenit</strong></span> <span class='ocrx_word' id='word_1_116' title='bbox 1180 1917 1275 2001; x_wconf 92' lang='lat' dir='ltr'><strong>mihi</strong></span> <span class='ocrx_word' id='word_1_117' title='bbox 1301 1915 1432 2005; x_wconf 79' lang='lat' dir='ltr'>dicere</span> <span class='ocrx_word' id='word_1_118' title='bbox 1468 1918 1560 2004; x_wconf 87' lang='lat' dir='ltr'><strong>tibi:</strong></span> <span class='ocrx_word' id='word_1_119' title='bbox 1591 1924 1717 2009; x_wconf 87' lang='lat' dir='ltr'><strong>Sitivit</strong></span> 
     </span>
    </p>

    <p class='ocr_par' dir='ltr' id='par_1_10' title="bbox 264 2025 1715 2147">
     <span class='ocr_line' id='line_1_14' title="bbox 264 2025 1715 2147; baseline -0.001 -26"><span class='ocrx_word' id='word_1_120' title='bbox 264 2042 392 2121; x_wconf 85' lang='lat' dir='ltr'><strong>anIma</strong></span> <span class='ocrx_word' id='word_1_121' title='bbox 414 2061 500 2119; x_wconf 88' lang='lat' dir='ltr'><strong>mea</strong></span> <span class='ocrx_word' id='word_1_122' title='bbox 522 2033 573 2117; x_wconf 91' lang='lat' dir='ltr'><strong>ad</strong></span> <span class='ocrx_word' id='word_1_123' title='bbox 592 2056 645 2116; x_wconf 90' lang='lat' dir='ltr'><strong>te.</strong></span> <span class='ocrx_word' id='word_1_124' title='bbox 727 2033 777 2115; x_wconf 87' lang='lat' dir='ltr'><strong>Et</strong></span> <span class='ocrx_word' id='word_1_125' title='bbox 811 2031 1025 2115; x_wconf 81' lang='lat' dir='ltr'><strong>Dominus.</strong></span> <span class='ocrx_word' id='word_1_126' title='bbox 1111 2030 1209 2114; x_wconf 87' lang='lat' dir='ltr'><strong>Non</strong></span> <span class='ocrx_word' id='word_1_127' title='bbox 1235 2056 1338 2129; x_wconf 84' lang='lat' dir='ltr'><strong>raro,</strong></span> <span class='ocrx_word' id='word_1_128' title='bbox 1367 2025 1433 2113; x_wconf 90' lang='lat' dir='ltr'><strong>sed</strong></span> <span class='ocrx_word' id='word_1_129' title='bbox 1460 2030 1715 2147; x_wconf 83' lang='lat' dir='ltr'><strong>frequentius,</strong></span> 
     </span>
    </p>

    <p class='ocr_par' dir='ltr' id='par_1_11' title="bbox 266 2141 1716 2262">
     <span class='ocr_line' id='line_1_15' title="bbox 266 2141 1716 2262; baseline -0.014 -27"><span class='ocrx_word' id='word_1_130' title='bbox 266 2150 371 2236; x_wconf 86' lang='lat' dir='ltr'><strong>dicas</strong></span> <span class='ocrx_word' id='word_1_131' title='bbox 396 2152 504 2245; x_wconf 89' lang='lat' dir='ltr'><strong>mihi,</strong></span> <span class='ocrx_word' id='word_1_132' title='bbox 530 2146 642 2259; x_wconf 91' lang='lat' dir='ltr'><strong>quod</strong></span> <span class='ocrx_word' id='word_1_133' title='bbox 663 2171 728 2228; x_wconf 92' lang='lat' dir='ltr'><strong>me</strong></span> <span class='ocrx_word' id='word_1_134' title='bbox 748 2141 846 2228; x_wconf 78' lang='lat' dir='ltr'><strong>sitiat</strong></span> <span class='ocrx_word' id='word_1_135' title='bbox 860 2147 985 2226; x_wconf 90' lang='lat' dir='ltr'><strong>anima</strong></span> <span class='ocrx_word' id='word_1_136' title='bbox 1002 2168 1080 2244; x_wconf 89' lang='lat' dir='ltr'><strong>tua,</strong></span> <span class='ocrx_word' id='word_1_137' title='bbox 1101 2148 1192 2256; x_wconf 86' lang='lat' dir='ltr'><strong>quia</strong></span> <span class='ocrx_word' id='word_1_138' title='bbox 1212 2149 1333 2256; x_wconf 84' lang='lat' dir='ltr'><strong>pietas</strong></span> <span class='ocrx_word' id='word_1_139' title='bbox 1354 2153 1519 2247; x_wconf 89' lang='lat' dir='ltr'><strong>amoris,</strong></span> <span class='ocrx_word' id='word_1_140' title='bbox 1541 2149 1621 2262; x_wconf 74' lang='lat' dir='ltr'><strong>qui</strong></span> <span class='ocrx_word' id='word_1_141' title='bbox 1647 2153 1716 2235; x_wconf 91' lang='lat' dir='ltr'><strong>hu.</strong></span> 
     </span>
    </p>

    <p class='ocr_par' dir='ltr' id='par_1_12' title="bbox 263 2252 1715 2376">
     <span class='ocr_line' id='line_1_16' title="bbox 263 2252 1715 2376; baseline -0.001 -25"><span class='ocrx_word' id='word_1_142' title='bbox 263 2290 417 2352; x_wconf 80' lang='lat' dir='ltr'><strong>menam</strong></span> <span class='ocrx_word' id='word_1_143' title='bbox 435 2259 566 2376; x_wconf 82' lang='lat' dir='ltr'><strong>diligo.</strong></span> <span class='ocrx_word' id='word_1_144' title='bbox 585 2256 759 2355; x_wconf 88' lang='lat' dir='ltr'><strong>salutem,</strong></span> <span class='ocrx_word' id='word_1_145' title='bbox 784 2252 988 2369; x_wconf 86' lang='lat' dir='ltr'><strong>compellit</strong></span> <span class='ocrx_word' id='word_1_146' title='bbox 1013 2285 1092 2355; x_wconf 86' lang='lat' dir='ltr'><strong>me,</strong></span> <span class='ocrx_word' id='word_1_147' title='bbox 1115 2281 1158 2341; x_wconf 90' lang='lat' dir='ltr'><strong>ut</strong></span> <span class='ocrx_word' id='word_1_148' title='bbox 1175 2285 1420 2371; x_wconf 87' lang='lat' dir='ltr'><strong>quaecunque</strong></span> <span class='ocrx_word' id='word_1_149' title='bbox 1437 2259 1543 2345; x_wconf 89' lang='lat' dir='ltr'><strong>bona</strong></span> <span class='ocrx_word' id='word_1_150' title='bbox 1566 2263 1715 2349; x_wconf 87' lang='lat' dir='ltr'><strong>destdc·</strong></span> 
     </span>
    </p>

    <p class='ocr_par' dir='ltr' id='par_1_13' title="bbox 237 2365 1715 2487">
     <span class='ocr_line' id='line_1_17' title="bbox 237 2365 1715 2487; baseline -0.005 -18"><span class='ocrx_word' id='word_1_151' title='bbox 237 2402 322 2468; x_wconf 85' lang='lat' dir='ltr'><strong>·ret</strong></span> <span class='ocrx_word' id='word_1_152' title='bbox 341 2374 498 2479; x_wconf 74' lang='lat' dir='ltr'><strong>eledus,</strong></span> <span class='ocrx_word' id='word_1_153' title='bbox 520 2373 668 2487; x_wconf 86' lang='lat' dir='ltr'>semper</span> <span class='ocrx_word' id='word_1_154' title='bbox 689 2396 880 2486; x_wconf 89' lang='lat' dir='ltr'><strong>reputem,</strong></span> <span class='ocrx_word' id='word_1_155' title='bbox 902 2365 1010 2454; x_wconf 91' lang='lat' dir='ltr'><strong>illum</strong></span> <span class='ocrx_word' id='word_1_156' title='bbox 1035 2400 1100 2457; x_wconf 88' lang='lat' dir='ltr'><strong>me</strong></span> <span class='ocrx_word' id='word_1_157' title='bbox 1123 2369 1362 2468; x_wconf 87' lang='lat' dir='ltr'><strong>defideralse,</strong></span> <span class='ocrx_word' id='word_1_158' title='bbox 1386 2401 1472 2459; x_wconf 92' lang='lat' dir='ltr'><strong>cum</strong></span> <span class='ocrx_word' id='word_1_159' title='bbox 1506 2379 1547 2460; x_wconf 92' lang='lat' dir='ltr'><strong>in</strong></span> <span class='ocrx_word' id='word_1_160' title='bbox 1574 2405 1639 2462; x_wconf 93' lang='lat' dir='ltr'><strong>me</strong></span> <span class='ocrx_word' id='word_1_161' title='bbox 1661 2381 1715 2463; x_wconf 89' lang='lat' dir='ltr'><strong>Ia·</strong></span> 
     </span>
    </p>

    <p class='ocr_par' dir='ltr' id='par_1_14' title="bbox 263 2485 1715 2602">
     <span class='ocr_line' id='line_1_18' title="bbox 263 2485 1715 2602; baseline -0.002 -22"><span class='ocrx_word' id='word_1_162' title='bbox 263 2516 357 2593; x_wconf 88' lang='lat' dir='ltr'><strong>teat,</strong></span> <span class='ocrx_word' id='word_1_163' title='bbox 382 2497 421 2577; x_wconf 80' lang='lat' dir='ltr'><strong>dt</strong></span> <span class='ocrx_word' id='word_1_164' title='bbox 444 2518 493 2577; x_wconf 88' lang='lat' dir='ltr'><strong>ex</strong></span> <span class='ocrx_word' id='word_1_165' title='bbox 518 2517 583 2576; x_wconf 89' lang='lat' dir='ltr'><strong>me</strong></span> <span class='ocrx_word' id='word_1_166' title='bbox 599 2493 768 2602; x_wconf 85' lang='lat' dir='ltr'><strong>profluat</strong></span> <span class='ocrx_word' id='word_1_167' title='bbox 789 2513 907 2572; x_wconf 90' lang='lat' dir='ltr'><strong>omne</strong></span> <span class='ocrx_word' id='word_1_168' title='bbox 938 2485 1101 2571; x_wconf 89' lang='lat' dir='ltr'><strong>bonum.</strong></span> <span class='ocrx_word' id='word_1_169' title='bbox 1135 2514 1171 2570; x_wconf 89' lang='lat' dir='ltr'><strong>v.</strong></span> <span class='ocrx_word' id='word_1_170' title='bbox 1206 2514 1243 2598; x_wconf 83' lang='lat' dir='ltr'><strong>g.</strong></span> <span class='ocrx_word' id='word_1_171' title='bbox 1299 2489 1338 2571; x_wconf 87' lang='lat' dir='ltr'><strong>Si</strong></span> <span class='ocrx_word' id='word_1_172' title='bbox 1366 2489 1492 2575; x_wconf 88' lang='lat' dir='ltr'><strong>homo</strong></span> <span class='ocrx_word' id='word_1_173' title='bbox 1513 2491 1715 2578; x_wconf 76' lang='lat' dir='ltr'><strong>‘desiderat</strong></span> 
     </span>
    </p>

    <p class='ocr_par' dir='ltr' id='par_1_15' title="bbox 261 2599 1712 2712">
     <span class='ocr_line' id='line_1_19' title="bbox 261 2599 1712 2712; baseline -0.005 -16"><span class='ocrx_word' id='word_1_174' title='bbox 261 2605 488 2709; x_wconf 87' lang='lat' dir='ltr'><strong>sanitatem,</strong></span> <span class='ocrx_word' id='word_1_175' title='bbox 522 2600 788 2703; x_wconf 82' lang='lat' dir='ltr'><strong>securitatem,</strong></span> <span class='ocrx_word' id='word_1_176' title='bbox 832 2601 1115 2697; x_wconf 90' lang='lat' dir='ltr'><strong>commodum,</strong></span> <span class='ocrx_word' id='word_1_177' title='bbox 1143 2599 1391 2712; x_wconf 85' lang='lat' dir='ltr'><strong>sapientiam,</strong></span> <span class='ocrx_word' id='word_1_178' title='bbox 1418 2606 1457 2685; x_wconf 72' lang='grc' dir='ltr'>ἃ</span> <span class='ocrx_word' id='word_1_179' title='bbox 1487 2599 1642 2708; x_wconf 83' lang='lat' dir='ltr'><strong>fimilr&#39;a,</strong></span> <span class='ocrx_word' id='word_1_180' title='bbox 1671 2633 1712 2692; x_wconf 91' lang='lat' dir='ltr'><strong>ur</strong></span> 
     </span>
    </p>

    <p class='ocr_par' dir='ltr' id='par_1_16' title="bbox 212 2712 1712 2838">
     <span class='ocr_line' id='line_1_20' title="bbox 212 2712 1712 2838; baseline -0.001 -29"><span class='ocrx_word' id='word_1_181' title='bbox 212 2758 222 2785; x_wconf 95' lang='grc'><strong>-·</strong></span> <span class='ocrx_word' id='word_1_182' title='bbox 262 2729 383 2838; x_wconf 81' lang='lat' dir='ltr'><strong>magis</strong></span> <span class='ocrx_word' id='word_1_183' title='bbox 411 2748 554 2835; x_wconf 88' lang='lat' dir='ltr'><strong>queam</strong></span> <span class='ocrx_word' id='word_1_184' title='bbox 580 2714 775 2801; x_wconf 89' lang='lat' dir='ltr'><strong>cumulare</strong></span> <span class='ocrx_word' id='word_1_185' title='bbox 798 2719 978 2800; x_wconf 87' lang='lat' dir='ltr'><strong>meritum</strong></span> <span class='ocrx_word' id='word_1_186' title='bbox 1006 2715 1291 2811; x_wconf 83' lang='lat' dir='ltr'><strong>retributionis,</strong></span> <span class='ocrx_word' id='word_1_187' title='bbox 1318 2712 1541 2830; x_wconf 88' lang='lat' dir='ltr'><strong>frequenter</strong></span> <span class='ocrx_word' id='word_1_188' title='bbox 1570 2748 1712 2835; x_wconf 89' lang='lat' dir='ltr'><strong>reputo</strong></span> 
     </span>
    </p>

    <p class='ocr_par' dir='ltr' id='par_1_17' title="bbox 262 2823 1712 2941">
     <span class='ocr_line' id='line_1_21' title="bbox 262 2823 1712 2941; baseline -0.001 -18"><span class='ocrx_word' id='word_1_189' title='bbox 262 2866 353 2924; x_wconf 94' lang='lat' dir='ltr'><strong>eum</strong></span> <span class='ocrx_word' id='word_1_190' title='bbox 372 2828 599 2920; x_wconf 80' lang='lat' dir='ltr'><strong>desiderasse</strong></span> <span class='ocrx_word' id='word_1_191' title='bbox 620 2854 711 2924; x_wconf 70' lang='lat' dir='ltr'><strong>met</strong></span> <span class='ocrx_word' id='word_1_192' title='bbox 739 2853 921 2941; x_wconf 87' lang='lat' dir='ltr'><strong>excepto,</strong></span> <span class='ocrx_word' id='word_1_193' title='bbox 944 2827 972 2911; x_wconf 85' lang='lat' dir='ltr'><strong>st</strong></span> <span class='ocrx_word' id='word_1_194' title='bbox 994 2823 1247 2913; x_wconf 73' lang='lat' dir='ltr'><strong>deliberative</strong></span> <span class='ocrx_word' id='word_1_195' title='bbox 1267 2825 1476 2915; x_wconf 89' lang='lat' dir='ltr'><strong>declinaret</strong></span> <span class='ocrx_word' id='word_1_196' title='bbox 1502 2834 1522 2915; x_wconf 84' lang='lat' dir='ltr'><strong>l</strong></span> <span class='ocrx_word' id='word_1_197' title='bbox 1543 2824 1637 2933; x_wconf 89' lang='lat' dir='ltr'><strong>me,</strong></span> <span class='ocrx_word' id='word_1_198' title='bbox 1670 2860 1712 2922; x_wconf 92' lang='lat' dir='ltr'><strong>ut</strong></span> 
     </span>
    </p>

    <p class='ocr_par' dir='ltr' id='par_1_18' title="bbox 260 2941 1711 3061">
     <span class='ocr_line' id='line_1_22' title="bbox 260 2941 1711 3061; baseline -0.003 -21"><span class='ocrx_word' id='word_1_199' title='bbox 260 2946 402 3040; x_wconf 88' lang='lat' dir='ltr'><strong>scilicet</strong></span> <span class='ocrx_word' id='word_1_200' title='bbox 419 2953 472 3035; x_wconf 82' lang='lat' dir='ltr'><strong>ita</strong></span> <span class='ocrx_word' id='word_1_201' title='bbox 491 2945 721 3035; x_wconf 88' lang='lat' dir='ltr'><strong>defideraret</strong></span> <span class='ocrx_word' id='word_1_202' title='bbox 746 2941 969 3056; x_wconf 84' lang='lat' dir='ltr'><strong>sapientiam</strong></span> <span class='ocrx_word' id='word_1_203' title='bbox 993 2942 1163 3039; x_wconf 85' lang='lat' dir='ltr'><strong>habere,</strong></span> <span class='ocrx_word' id='word_1_204' title='bbox 1191 2965 1233 3028; x_wconf 94' lang='lat' dir='ltr'><strong>ut</strong></span> <span class='ocrx_word' id='word_1_205' title='bbox 1256 2942 1349 3028; x_wconf 92' lang='lat' dir='ltr'><strong>inde</strong></span> <span class='ocrx_word' id='word_1_206' title='bbox 1375 2943 1487 3057; x_wconf 87' lang='lat' dir='ltr'><strong>possrt</strong></span> <span class='ocrx_word' id='word_1_207' title='bbox 1505 2943 1711 3061; x_wconf 82' lang='lat' dir='ltr'><strong>superbire,</strong></span> 
     </span>
    </p>

    <p class='ocr_par' dir='ltr' id='par_1_19' title="bbox 260 3053 1711 3178">
     <span class='ocr_line' id='line_1_23' title="bbox 260 3053 1711 3178; baseline -0.013 -24"><span class='ocrx_word' id='word_1_208' title='bbox 260 3067 339 3156; x_wconf 79' lang='lat' dir='ltr'><strong>sive</strong></span> <span class='ocrx_word' id='word_1_209' title='bbox 354 3066 566 3161; x_wconf 80' lang='lat' dir='ltr'><strong>sanitatem,</strong></span> <span class='ocrx_word' id='word_1_210' title='bbox 594 3085 637 3145; x_wconf 92' lang='lat' dir='ltr'><strong>ut</strong></span> <span class='ocrx_word' id='word_1_211' title='bbox 655 3054 796 3144; x_wconf 92' lang='lat' dir='ltr'><strong>malum</strong></span> <span class='ocrx_word' id='word_1_212' title='bbox 819 3057 1006 3170; x_wconf 89' lang='lat' dir='ltr'><strong>perficere</strong></span> <span class='ocrx_word' id='word_1_213' title='bbox 1028 3053 1188 3170; x_wconf 59' lang='lat' dir='ltr'><strong>posset.</strong></span> <span class='ocrx_word' id='word_1_214' title='bbox 1223 3059 1304 3142; x_wconf 85' lang='lat' dir='ltr'><strong>Sed</strong></span> <span class='ocrx_word' id='word_1_215' title='bbox 1329 3057 1433 3145; x_wconf 71' lang='lat' dir='ltr'><strong>forte</strong></span> <span class='ocrx_word' id='word_1_216' title='bbox 1455 3064 1536 3145; x_wconf 86' lang='lat' dir='ltr'><strong>haec</strong></span> <span class='ocrx_word' id='word_1_217' title='bbox 1559 3092 1711 3178; x_wconf 83' lang='lat' dir='ltr'><strong>propo.</strong></span> 
     </span>
    </p>

    <p class='ocr_par' dir='ltr' id='par_1_20' title="bbox 261 3168 1709 3290">
     <span class='ocr_line' id='line_1_24' title="bbox 261 3168 1709 3290; baseline -0.003 -22"><span class='ocrx_word' id='word_1_218' title='bbox 261 3182 348 3270; x_wconf 85' lang='lat' dir='ltr'><strong>fitio</strong></span> <span class='ocrx_word' id='word_1_219' title='bbox 366 3181 409 3265; x_wconf 92' lang='lat' dir='ltr'><strong>id</strong></span> <span class='ocrx_word' id='word_1_220' title='bbox 431 3177 585 3290; x_wconf 77' lang='lat' dir='ltr'><strong>praeite</strong></span> <span class='ocrx_word' id='word_1_221' title='bbox 616 3168 699 3259; x_wconf 92' lang='lat' dir='ltr'><strong>vult</strong></span> <span class='ocrx_word' id='word_1_222' title='bbox 727 3173 868 3269; x_wconf 86' lang='lat' dir='ltr'><strong>dicere,</strong></span> <span class='ocrx_word' id='word_1_223' title='bbox 891 3172 1006 3286; x_wconf 91' lang='lat' dir='ltr'><strong>quod</strong></span> <span class='ocrx_word' id='word_1_224' title='bbox 1034 3177 1162 3255; x_wconf 89' lang='lat' dir='ltr'><strong>omnis</strong></span> <span class='ocrx_word' id='word_1_225' title='bbox 1184 3179 1292 3257; x_wconf 69' lang='lat' dir='ltr'><strong>acius</strong></span> <span class='ocrx_word' id='word_1_226' title='bbox 1313 3172 1355 3258; x_wconf 87' lang='lat' dir='ltr'><strong>stt</strong></span> <span class='ocrx_word' id='word_1_227' title='bbox 1376 3171 1583 3261; x_wconf 87' lang='lat' dir='ltr'><strong>virtualiter</strong></span> <span class='ocrx_word' id='word_1_228' title='bbox 1601 3181 1709 3265; x_wconf 92' lang='lat' dir='ltr'><strong>ordi·</strong></span> 
     </span>
    </p>

    <p class='ocr_par' dir='ltr' id='par_1_21' title="bbox 110 3286 1705 3401">
     <span class='ocr_line' id='line_1_25' title="bbox 110 3286 1705 3401; baseline -0.001 -19"><span class='ocrx_word' id='word_1_229' title='bbox 110 3312 137 3389; x_wconf 75' lang='lat'><strong>,²</strong></span> <span class='ocrx_word' id='word_1_230' title='bbox 261 3320 371 3381; x_wconf 87' lang='lat' dir='ltr'><strong>uatus</strong></span> <span class='ocrx_word' id='word_1_231' title='bbox 390 3296 441 3379; x_wconf 89' lang='lat' dir='ltr'><strong>ad</strong></span> <span class='ocrx_word' id='word_1_232' title='bbox 458 3295 604 3388; x_wconf 89' lang='lat' dir='ltr'><strong>Deum,</strong></span> <span class='ocrx_word' id='word_1_233' title='bbox 623 3312 810 3401; x_wconf 89' lang='lat' dir='ltr'><strong>tanquam</strong></span> <span class='ocrx_word' id='word_1_234' title='bbox 831 3286 949 3371; x_wconf 90' lang='lat' dir='ltr'><strong>finem</strong></span> <span class='ocrx_word' id='word_1_235' title='bbox 970 3286 1190 3371; x_wconf 86' lang='lat' dir='ltr'><strong>nostrorum</strong></span> <span class='ocrx_word' id='word_1_236' title='bbox 1210 3295 1364 3373; x_wconf 75' lang='lat' dir='ltr'><strong>acinum</strong></span> <span class='ocrx_word' id='word_1_237' title='bbox 1391 3286 1565 3374; x_wconf 90' lang='lat' dir='ltr'><strong>ultimum</strong></span> <span class='ocrx_word' id='word_1_238' title='bbox 1593 3294 1633 3376; x_wconf 92' lang='lat' dir='ltr'><strong>in</strong></span> <span class='ocrx_word' id='word_1_239' title='bbox 1656 3322 1705 3380; x_wconf 92' lang='lat' dir='ltr'><strong>eo</strong></span> 
     </span>
    </p>

    <p class='ocr_par' dir='ltr' id='par_1_22' title="bbox 194 3395 1707 3641">
     <span class='ocr_line' id='line_1_26' title="bbox 194 3395 1707 3525; baseline 0.001 -32"><span class='ocrx_word' id='word_1_240' title='bbox 194 3416 198 3423; x_wconf 89' lang='lat'>&#39;</span> <span class='ocrx_word' id='word_1_241' title='bbox 255 3410 430 3508; x_wconf 87' lang='lat' dir='ltr'><strong>homine,</strong></span> <span class='ocrx_word' id='word_1_242' title='bbox 445 3413 515 3520; x_wconf 92' lang='lat' dir='ltr'><strong>qui</strong></span> <span class='ocrx_word' id='word_1_243' title='bbox 536 3405 574 3489; x_wconf 89' lang='lat' dir='ltr'><strong>Ie</strong></span> <span class='ocrx_word' id='word_1_244' title='bbox 596 3428 724 3489; x_wconf 89' lang='lat' dir='ltr'><strong>totum</strong></span> <span class='ocrx_word' id='word_1_245' title='bbox 741 3407 781 3486; x_wconf 82' lang='lat' dir='ltr'><strong>dc</strong></span> <span class='ocrx_word' id='word_1_246' title='bbox 802 3406 937 3487; x_wconf 88' lang='lat' dir='ltr'><strong>omnia</strong></span> <span class='ocrx_word' id='word_1_247' title='bbox 959 3395 1024 3486; x_wconf 90' lang='lat' dir='ltr'><strong>sua</strong></span> <span class='ocrx_word' id='word_1_248' title='bbox 1042 3399 1238 3488; x_wconf 87' lang='lat' dir='ltr'><strong>ordinavit</strong></span> <span class='ocrx_word' id='word_1_249' title='bbox 1259 3406 1302 3489; x_wconf 82' lang='lat' dir='ltr'><strong>In</strong></span> <span class='ocrx_word' id='word_1_250' title='bbox 1325 3404 1472 3505; x_wconf 89' lang='lat' dir='ltr'><strong>Deum,</strong></span> <span class='ocrx_word' id='word_1_251' title='bbox 1499 3408 1615 3525; x_wconf 80' lang='lat' dir='ltr'><strong>quod</strong></span> <span class='ocrx_word' id='word_1_252' title='bbox 1630 3406 1707 3496; x_wconf 86' lang='lat' dir='ltr'><strong>fte-</strong></span> 
     </span>
     <span class='ocr_line' id='line_1_27' title="bbox 254 3514 931 3641; baseline -0.018 -31"><span class='ocrx_word' id='word_1_253' title='bbox 254 3545 426 3641; x_wconf 76' lang='lat' dir='ltr'><strong>quenter</strong></span> <span class='ocrx_word' id='word_1_254' title='bbox 447 3526 486 3605; x_wconf 81' lang='lat' dir='ltr'><strong>dt</strong></span> <span class='ocrx_word' id='word_1_255' title='bbox 510 3523 550 3605; x_wconf 92' lang='lat' dir='ltr'><strong>in</strong></span> <span class='ocrx_word' id='word_1_256' title='bbox 575 3514 705 3605; x_wconf 83' lang='lat' dir='ltr'><strong>multis</strong></span> <span class='ocrx_word' id='word_1_257' title='bbox 730 3519 931 3632; x_wconf 79' lang='lat' dir='ltr'><strong>contiugit.</strong></span> 
     </span>
    </p>
   </div>
   <div class='ocr_carea' id='block_1_5' title="bbox 254 3713 1700 3862">
    <p class='ocr_par' dir='ltr' id='par_1_23' title="bbox 254 3713 1700 3862">
     <span class='ocr_line' id='line_1_28' title="bbox 254 3713 1700 3862; baseline 0.007 -43"><span class='ocrx_word' id='word_1_258' title='bbox 254 3788 273 3819; x_wconf 77' lang='lat'><strong>.</strong></span> <span class='ocrx_word' id='word_1_259' title='bbox 396 3717 570 3830; x_wconf 87' lang='lat' dir='ltr'><strong>XXIII.</strong></span> <span class='ocrx_word' id='word_1_260' title='bbox 615 3716 672 3824; x_wconf 85' lang='lat' dir='ltr'><strong>I.</strong></span> <span class='ocrx_word' id='word_1_261' title='bbox 710 3756 755 3847; x_wconf 83' lang='lat'><strong>3.</strong></span> <span class='ocrx_word' id='word_1_262' title='bbox 800 3716 983 3846; x_wconf 71' lang='lat' dir='ltr'><strong>C.‘3a.</strong></span> <span class='ocrx_word' id='word_1_263' title='bbox 1030 3713 1214 3837; x_wconf 88' lang='lat' dir='ltr'><strong>docet,</strong></span> <span class='ocrx_word' id='word_1_264' title='bbox 1251 3728 1407 3825; x_wconf 86' lang='lat' dir='ltr'><strong>etiam</strong></span> <span class='ocrx_word' id='word_1_265' title='bbox 1450 3749 1543 3838; x_wconf 88' lang='lat' dir='ltr'><strong>ea,</strong></span> <span class='ocrx_word' id='word_1_266' title='bbox 1588 3754 1700 3862; x_wconf 81' lang='lat' dir='ltr'><strong>quae</strong></span> 
     </span>
    </p>
   </div>
   <div class='ocr_carea' id='block_1_6' title="bbox 254 3856 1699 4202">
    <p class='ocr_par' dir='ltr' id='par_1_24' title="bbox 254 3856 1699 4202">
     <span class='ocr_line' id='line_1_29' title="bbox 254 3856 1699 3995; baseline -0.003 -22"><span class='ocrx_word' id='word_1_267' title='bbox 254 3901 369 3979; x_wconf 81' lang='lat' dir='ltr'><strong>non</strong></span> <span class='ocrx_word' id='word_1_268' title='bbox 406 3871 518 3972; x_wconf 89' lang='lat' dir='ltr'><strong>sunt</strong></span> <span class='ocrx_word' id='word_1_269' title='bbox 539 3861 866 3995; x_wconf 80' lang='lat' dir='ltr'><strong>uoluntaria,</strong></span> <span class='ocrx_word' id='word_1_270' title='bbox 893 3856 1066 3966; x_wconf 85' lang='lat' dir='ltr'><strong>nobis</strong></span> <span class='ocrx_word' id='word_1_271' title='bbox 1112 3861 1285 3965; x_wconf 87' lang='lat' dir='ltr'><strong>cedere</strong></span> <span class='ocrx_word' id='word_1_272' title='bbox 1337 3860 1400 3966; x_wconf 93' lang='lat' dir='ltr'><strong>ad</strong></span> <span class='ocrx_word' id='word_1_273' title='bbox 1444 3869 1699 3969; x_wconf 88' lang='lat' dir='ltr'><strong>meritum</strong></span> 
     </span>
     <span class='ocr_line' id='line_1_30' title="bbox 254 3995 1696 4202; baseline -0.008 -104"><span class='ocrx_word' id='word_1_274' title='bbox 254 4015 320 4161; x_wconf 81' lang='lat' dir='ltr'><strong>Sit</strong></span> <span class='ocrx_word' id='word_1_275' title='bbox 345 4009 513 4110; x_wconf 75' lang='lat' dir='ltr'><strong>habete.</strong></span> <span class='ocrx_word' id='word_1_276' title='bbox 534 4001 858 4189; x_wconf 69' lang='lat' dir='ltr'><strong>Noctequadam</strong></span> <span class='ocrx_word' id='word_1_277' title='bbox 879 3995 1009 4115; x_wconf 84' lang='lat' dir='ltr'><strong>sopori</strong></span> <span class='ocrx_word' id='word_1_278' title='bbox 1034 4001 1168 4089; x_wconf 84' lang='lat' dir='ltr'><strong>dedita</strong></span> <span class='ocrx_word' id='word_1_279' title='bbox 1188 4027 1258 4117; x_wconf 90' lang='lat' dir='ltr'><strong>per</strong></span> <span class='ocrx_word' id='word_1_280' title='bbox 1281 3995 1459 4090; x_wconf 88' lang='lat' dir='ltr'><strong>somnum</strong></span> <span class='ocrx_word' id='word_1_281' title='bbox 1476 4001 1500 4089; x_wconf 76' lang='lat' dir='ltr'><strong>i</strong></span> <span class='ocrx_word' id='word_1_282' title='bbox 1521 4005 1696 4202; x_wconf 56' lang='lat' dir='ltr'><strong>Dsffl</strong></span> 
     </span>
    </p>
   </div>
   <div class='ocr_carea' id='block_1_7' title="bbox 0 0 1902 4994">
    <p class='ocr_par' dir='ltr' id='par_1_25' title="bbox 0 0 1902 4994">
     <span class='ocr_line' id='line_1_31' title="bbox 0 0 1902 4994; baseline 0 2"><span class='ocrx_word' id='word_1_283' title='bbox 0 0 1902 4994; x_wconf 95' lang='lat' dir='ltr'><strong> </strong></span> 
     </span>
    </p>
   </div>
  </div>
 </body>
</html>
