3772 4988
28 279 127 377 124
411 243 717 343 Revelationer
749 248 795 343 S.
828 238 1075 344 ‘Gmmdie

22 476 146 539 rarat3
184 445 292 531 unde
318 438 485 560 quilibet
502 446 649 533 eisdem
674 447 875 534 intendere
903 451 1028 560 potest
1050 449 1111 532 his
1137 440 1261 533 tribus
1286 448 1465 536 noenius

26 561 228 652 confidens
257 561 308 643 de
336 561 467 645 divina
493 562 682 662 bonitate,
742 562 824 645 uod
851 560 878 645 fi
907 562 1052 647 devote
1080 568 1118 646 in
1147 563 1286 646 talibus
1313 557 1466 648 labora·

26 681 152 775 verit,
181 667 417 757 consimilem
445 675 654 759 metebitur
682 590 873 758 edesium.
957 680 1172 788 Hucusque
1196 671 1465 761 revelationes.

26 800 70 878 ln
88 791 161 871 hac
181 787 424 897 providentia
455 813 611 898 peccata
637 814 716 872 non
752 792 993 872 remittuntur
1025 816 1096 898 per
1130 792 1467 872 condonationem

27 899 287 994 extrinsecam,
306 896 369 982 sed
398 905 601 1013 requiritur
620 905 837 985 retractatio
859 929 1008 998 eorum,
1031 929 1119 1014 quae
1147 906 1303 1014 propria
1325 897 1466 986 volun·

27 1039 108 1103 tate
127 1019 284 1097 tractata
303 1011 410 1103 sunta
436 1020 522 1126 quis
548 1040 676 1098 autem
703 1014 858 1111 credet,
879 1019 919 1097 in
942 1040 1030 1098 toto
1050 1016 1203 1098 mundo
1239 1041 1378 1100 omnes
1408 1041 1467 1099 re·

28 1123 199 1215 tractasse
222 1124 284 1208 sua
305 1151 461 1237 peccata
480 1132 521 1210 in
543 1155 625 1232 uno
648 1129 874 1239 eodemque
897 1151 1115 1224 momento,
1133 1154 1217 1240 quo
1238 1128 1278 1212 8.
1301 1133 1467 1213 Getaru-

32 1243 102 1326 des
127 1244 193 1324 ista
216 1246 374 1350 peregit
388 1245 451 1351 pia
474 1244 679 1325 exercitia?
724 1244 870 1350 Neque
903 1244 1018 1324 etiarn
1042 1241 1118 1325 dici
1145 1242 1293 1351 potest,
1321 1245 1363 1323 in
1383 1265 1467 1325 tota

28 1348 195 1442 Ecclesia
218 1353 396 1436 omnibus
419 1351 581 1436 remissas
604 1350 678 1437 esse
698 1379 835 1463 poenas
853 1378 1120 1462 peccatorum,
1146 1357 1239 1466 quia
1261 1380 1336 1437 nec
1354 1355 1467 1439 Chri·

29 1471 120 1564 stus,
142 1493 215 1550 nec
237 1463 429 1577 Apostoli,
449 1493 524 1549 nec
543 1470 689 1551 Summi
709 1464 916 1549 Pontifices
936 1469 977 1548 id
1001 1493 1170 1578 unquam
1188 1463 1368 1567 fecerunt
1389 1465 1467 1552 fine

28 1584 170 1666 merito
190 1573 271 1663 ullo
293 1605 339 1662 ac
355 1577 603 1691 dispositione
631 1604 800 1691 congrua
824 1582 1103 1690 recipientium.
1156 1580 1236 1664 Sed
1256 1578 1464 1692 responde·

28 1695 214 1805 tipntest,
238 1690 302 1776 hic
325 1694 472 1777 tantum
493 1689 601 1777 fuisse
624 1692 827 1778 obtentam
861 1690 1117 1777 remissionem
1143 1697 1185 1776 in
1209 1698 1297 1776 ablu
1322 1697 1463 1804 primo,

26 1804 91 1893 seu
123 1802 240 1890 solam
263 1810 576 1917 praeparationem
598 1811 725 1921 gratie
745 1802 937 1891 renimvae
955 1832 1030 1919 pro
1047 1831 1133 1891 eam
1147 1805 1262 1919 digne
1278 1808 1350 1891 luo
1369 1831 1465 1892 tem·

25 1948 124 2037 pore
147 1945 367 2032 recepturis.

142 2107 189 2185 X.
246 2103 290 2184 1.
318 2130 358 2199 4.
387 2098 436 2183 C
469 2111 535 2182 26.
594 2099 766 2182 Christus
796 2097 846 2182 ad
869 2099 908 2183 8.
937 2099 1172 2185 Gertrudem
1196 2104 1236 2185 in
1261 2101 1328 2186 die
1354 2105 1465 2185 Para·

25 2214 154 2305 sceves
183 2217 258 2295 ait:
298 2217 383 2324 Ego
409 2239 494 2294 cum
517 2237 596 2294 tam
618 2239 761 2324 magno
798 2209 990 2298 desiderio
1017 2215 1156 2298 festino
1190 2224 1240 2299 ad
1270 2239 1334 2312 te,
1360 2210 1467 2326 quast

26 2357 93 2417 me
117 2327 300 2409 cohibere
319 2351 399 2408 non
422 2320 564 2424 valens,
584 2352 670 2406 cum
695 2328 822 2428 jamin
847 2325 967 2408 finum
992 2355 1121 2412 meum
1149 2331 1463 2440 congregaverim

28 2437 215 2536 universa,
232 2467 318 2551 quae
339 2438 459 2520 hodie
484 2465 553 2550 per
583 2462 704 2520 rotam
725 2435 925 2522 Ecclesiam
951 2443 990 2522 in
1011 2447 1235 2523 memoriam
1258 2469 1357 2526 meae
1381 2465 1463 2547 pas·

26 2557 141 2645 lionis
166 2580 235 2663 per
252 2557 505 2664 cogitationes
533 2552 649 2633 verba
678 2556 715 2633 dr
743 2577 863 2661 opera
885 2552 969 2634 sunt
991 2550 1180 2661 perfecta,
1205 2580 1247 2637 ut
1270 2557 1403 2636 omnia
1421 2548 1461 2634 fi·

26 2664 107 2755 mul
133 2666 203 2749 tibi
224 2670 263 2748 in
291 2669 540 2750 sacramento
567 2668 740 2774 corporis
766 2669 843 2745 mei
868 2662 1068 2748 infundam
1093 2667 1144 2748 ad
1170 2692 1350 2750 eternam
1373 2659 1463 2750 salu·

24 2805 106 2869 tem
129 2803 248 2862 tuam.
332 2779 398 2860 Ad
424 2778 538 2890 quod
564 2775 798 2860 Gertrudes:
839 2779 991 2861 Gratias
1007 2777 1078 2861 tibi
1100 2805 1178 2891 ago
1195 2783 1383 2876 Domine,
1399 2776 1462 2863 sed

25 2889 167 2980 vellem
196 2915 339 2987 tamen,
361 2891 510 2975 donum
533 2885 629 2972 illud
652 2887 701 2972 fic
728 2892 821 2973 mibi
845 2890 949 2987 dari,
972 2914 1014 2975 ut
1036 2918 1111 3004 ego
1131 2888 1227 2977 ultra
1256 2890 1403 3001 possem
1420 2887 1461 2975 il·

23 3003 97 3092 lud
118 3006 210 3089 dare
232 2998 417 3117 pluribus,
435 3004 733 3116 quibuscunque
752 3004 844 3085 mihi
862 2998 1043 3113 placeret.
1103 3006 1218 3088 Tunc
1244 3009 1459 3089 Dominus:

23 3116 135 3209 Nihil
166 3112 271 3202 aliud
290 3119 451 3231 requiro
480 3115 587 3217 alte,
617 3115 736 3230 quim
760 3117 874 3229 quod
901 3141 1086 3204 evacuata
1123 3122 1253 3204 venias
1284 3118 1337 3203 ad
1368 3121 1461 3203 reci·

17 3235 219 3351 piendum.
551 3278 557 3285 ·
939 3231 978 3273 ”

138 3393 202 3474 xl.
261 3391 302 3474 1.
331 3420 371 3489 4.
394 3388 445 3474 C.
465 3415 532 3485 ²7·
588 3389 628 3472 8.
646 3385 866 3472 Gertrudes
889 3388 940 3472 ad
959 3386 1152 3472 Christum
1177 3392 1252 3473 aitr
1287 3393 1405 3487 Pero,
1419 3412 1459 3473 ut

23 3493 222 3587 absolvere
239 3505 383 3583 animas
401 3497 570 3612 digneris
591 3506 765 3583 omnium
791 3496 1006 3611 specialium
1026 3527 1194 3584 tuorum.
1250 3507 1365 3586 Tunc
1378 3508 1459 3585 Do·

23 3617 150 3698 minus
176 3609 230 3694 illi
250 3613 417 3695 ostendit
435 3609 717 3696 multitudinem
741 3614 992 3698 animarumd
1017 3619 1143 3724 poenis
1167 3610 1381 3699 absolutam
1403 3617 1459 3698 di·

21 3751 131 3810 ceos:
163 3730 261 3808 Ecce
280 3753 351 3834 pro
371 3724 469 3809 dote
485 3723 646 3836 sponsali
658 3728 727 3810 bas
737 3754 876 3811 omnes
887 3725 1030 3840 assigno
1050 3752 1123 3810 tue
1140 3723 1355 3823 dilectioni,
1369 3732 1460 3841 quia

20 3835 248 3925 eternaliter
271 3840 471 3948 apparebit
492 3845 532 3922 in
560 3835 696 3936 coelis,
727 3840 840 3954 quod
864 3840 936 3925 lint
967 3848 1042 3924 tuis
1071 3840 1244 3950 precibus
1276 3835 1460 3924 liberata·

19 3957 132 4040 Tunc
152 3953 378 4038 Gutrudea
412 3955 481 4038 -lit
500 3977 666 4067 quantus
687 3957 740 4041 est
758 3979 889 4037 earum
905 3957 1116 4040 nummus?
1144 3948 1356 4067 Respondit
1374 3955 1463 4036 Do‘·

1320 4090 1466 4150 miuus.
