3796 4994
95 402 99 419 ,
235 310 337 408 '202'
550 306 657 435 Reg.
674 295 818 402 Prasl.
839 333 896 400 ex
921 252 965 403 8
974 305 1118 442 ¹Joaa.
1141 302 1193 402 de
1216 308 1363 406 Cruce.

236 505 399 604 utilitas3
432 510 473 593 in
499 502 564 591 illa
586 508 682 593 verb
704 511 1063 595 communicatione
1088 509 1139 593 ad
1163 506 1287 596 sensus
1315 523 1499 598 externos
1519 507 1692 635 plcgunr·

237 653 320 741 quc
335 628 523 737 reperitur
542 617 755 734 periculum
785 629 823 706 dr
846 625 1045 739 deceptio.
1104 629 1210 710 Nam
1233 624 1259 710 fi
1293 627 1477 739 judicium
1502 631 1556 714 de
1577 631 1695 719 rebus

236 736 489 855 spiritualibus
509 733 603 821 relin
639 744 739 821 uitur
755 733 920 823 senfibus
944 742 1137 830 externiss
1171 740 1345 848 judicant
1366 768 1427 828 cas
1451 771 1541 827 com
1573 746 1698 856 aratas

236 853 312 944 csse
339 853 466 937 modo
494 767 677 941 sensrblir
707 852 810 935 adeo
845 879 895 935 ue
918 878 1056 939 errant.
1117 858 1222 938 Hinc
1249 852 1366 949 valde
1387 882 1513 942 errant
1531 773 1602 955 illi,
1626 857 1696 973 qui

237 971 430 1080 ejusmodi
461 970 722 1081 apparitiones
748 993 796 1052 ac
814 882 1053 1055 lensaoones
1075 970 1275 1059 aestimants
1319 999 1389 1083 per
1416 973 1497 1056 hoc
1523 969 1693 1060 enimse

236 1106 439 1197 exponunt
452 1078 627 1194 periculo
655 1081 918 1195 deceptioniss
948 1109 1014 1167 aut
1040 1084 1146 1168 certe
1168 1086 1325 1169 incurrit
1346 1086 1690 1199 impedimentum,

233 1226 320 1317 quo
340 1193 458 1282 valde
482 1195 695 1308 impeditur
718 1195 741 1281 i
765 1193 945 1308 proseliti
965 1203 1005 1281 in
1022 1192 1290 1308 spiritualibus,
1313 1227 1400 1286 curn
1420 1203 1487 1285 ista
1506 1199 1693 1289 senfiblia

234 1309 380 1401 nullam
411 1312 586 1423 habeant
612 1302 899 1396 similitudinem
934 1338 1022 1396 carm
1050 1306 1314 1425 spiritualibus.
1369 1319 1473 1400 Hinc
1497 1318 1691 1419 eiusmodi

139 1490 142 1497 -
235 1424 406 1543 personis
424 1427 656 1523 timendum,
684 1452 735 1507 ne
756 1421 860 1511 sorte
883 1421 979 1510 tales
998 1455 1058 1511 res
1079 1432 1210 1538 potius
1233 1421 1466 1537 proveniant
1489 1429 1690 1517 aidoemo·

234 1572 298 1644 ne,
328 1542 448 1656 quim
476 1540 645 1641 aiDe03
675 1564 765 1625 nam
793 1543 835 1623 in
862 1540 979 1624 rebus
1003 1545 1168 1624 externis
1191 1568 1236 1624 ac
1259 1538 1493 1627 sensibilibus
1522 1544 1689 1630 doemon

233 1672 422 1766 majorem
479 1656 679 1739 otcstatem
703 1654 845 1752 habet,
874 1649 1107 1767 faciliusque
1129 1655 1303 1768 decipit‚·
1320 1657 1441 1769 quim
1467 1662 1507 1741 in
1532 1662 1690 1745 intemis

233 1799 279 1859 ac
302 1685 566 1887 spiritualibus.
619 1774 807 1854 Praeterea
830 1771 897 1855 isia
925 1763 1111 1853 sensbilia
1138 1773 1265 1854 minus
1295 1773 1525 1857 conducunt
1547 1771 1699 1886 adspi·.

231 1882 393 1995 ritualia,
416 1890 507 1998 quia
536 1879 653 1968 valde
672 1883 809 1969 distant
831 1877 1051 1997 corporalia
1077 1877 1350 1996 &spiritualia
1405 1889 1522 1997 Nam„
1540 1881 1634 1973 licet
1648 1915 1700 1973 a·-

230 1999 422 2116 liquando
442 1999 493 2083 ab
515 2003 561 2084 iis
581 2004 725 2084 oriatur
747 1991 895 2111 aliquid
919 1998 1145 2083 devotionis
1161 2004 1199 2081 ἃ
1222 1994 1384 2110 spiritus,
1405 2000 1576 2113 quando·
1594 2030 1687 2113 pro·

230 2113 435 2226 veniuntd
458 2117 570 2201 Deos
599 2109 745 2197 studius
768 2136 896 2196 tamen
912 2106 979 2197 ille
1002 2109 1124 2227 longe
1152 2117 1282 2197 minor
1306 2115 1381 2210 est,
1402 2113 1524 2228 quim
1553 2115 1583 2200 fi
1610 2117 1687 2200 ob·

132 2254 136 2261 “
227 2237 326 2342 jesba
352 2225 506 2313 fuissent
535 2221 803 2340 intelligibilia.
863 2229 920 2312 Ex
957 2226 1070 2312 dctis
1094 2225 1290 2342 sequitur,
1317 2229 1434 2341 quod
1463 2233 1505 2311 dc
1536 2233 1688 2342 aptiora

117 2360 125 2381 ”
228 2346 301 2432 srnt
328 2345 379 2428 ad
406 2338 637 2427 causandum
661 2347 702 2425 in
726 2345 856 2425 anima
887 2367 1085 2443 errorem,
1112 2337 1268 2456 praesum
1298 2347 1446 2427 tionem
1471 2348 1510 2426 dt
1537 2349 1685 2431 vanita-

227 2460 328 2548 tcms
369 2484 458 2543 nam
482 2484 571 2541 cum
593 2481 672 2541 tam
700 2452 814 2542 crassa
837 2461 878 2539 dt
904 2453 1114 2542 materialia
1136 2455 1207 2540 srnt
1219 2518 1236 2558 ‚
1261 2371 1403 2542 siarum
1427 2481 1684 2547 commovent

227 2571 397 2662 sensum3
438 2575 571 2656 anima
604 2597 734 2655 autem
758 2571 939 2656 videntur
959 2566 1035 2654 else
1062 2599 1124 2657 res
1147 2565 1289 2684 aliquae
1312 2599 1485 2684 magnas
1510 2573 1610 2658 idco
1629 2570 1651 2659 s
1666 2623 1683 2643 ·

228 2693 360 2806 quitur
384 2682 481 2789 illas,
511 2689 724 2771 existimans
747 2710 942 2802 praeunte
968 2688 1048 2769 hoc
1065 2679 1236 2784 lumine,
1259 2686 1361 2770 duce
1375 2742 1389 2782 ,
1414 2712 1460 2769 ac
1479 2688 1620 2773 medio
1645 2685 1683 2775 sc

224 2807 428 2919 pervenire
458 2798 567 2914 polle
589 2801 638 2885 ad
662 2798 768 2885 suum
801 2797 976 2911 scopum,
1002 2827 1145 2912 nempe
1168 2803 1219 2886 ad
1253 2804 1441 2885 unionem
1462 2828 1552 2887 cum
1573 2806 1678 2891 Deo.

226 2926 325 3034 Quo
353 2902 441 3030 plus
467 2941 597 3000 aurem
622 2911 712 3000 talia
738 2916 904 2999 attendit
939 2919 980 2997 dt
1009 2917 1196 3016 aestimat,
1223 2915 1274 2999 eb
1315 2909 1470 3028 longius
1497 2912 1633 3003 deviat
1655 2918 1678 3005 i

222 3029 395 3150 perfecia
410 3036 487 3132 via,
510 3036 547 3114 dt
568 3027 784 3144 igenuino
804 3031 962 3126 medio,
985 3030 1098 3144 quod
1121 3031 1176 3112 cst
1198 3027 1322 3127 fides„
1363 3031 1413 3113 Er
1436 3034 1532 3143 quia
1553 3035 1689 3118 aninia.

221 3152 332 3235 videt
363 3146 432 3235 fibi
465 3144 693 3259 contingere
718 3169 827 3229 tanta
856 3141 1066 3243 mirabilia,
1096 3141 1228 3256 saepius
1258 3137 1523 3228 insensabiliter
1546 3148 1679 3260 irrepit

223 3291 325 3351 certa
349 3266 545 3348 estimatio
580 3257 774 3372 suiipsius,
795 3266 846 3344 ita
873 3284 915 3343 ut
939 3258 1007 3344 srbi
1036 3260 1215 3343 videatur
1236 3255 1385 3372 aliquid
1417 3254 1547 3345 valere
1570 3261 1676 3373 apud

220 3382 367 3477 Deum,
386 3377 501 3492 quod
525 3378 579 3460 est
599 3400 733 3458 contra
751 3370 1018 3460 htunilitatem.
1076 3379 1262 3459 Praeterea
1288 3380 1402 3457 etiam
1422 3374 1594 3459 doemon
1606 3375 1677 3460 bc·

220 3496 273 3580 n'e
287 3497 397 3576 novit
414 3497 548 3575 anima
564 3483 742 3601 inspirare
759 3484 1080 3601 complacentiam
1097 3493 1136 3572 δι
1158 3485 1452 3573 satisfactionem
1463 3487 1518 3573 de
1539 3487 1685 3604 seipso.

133 3608 142 3619 ’
218 3636 306 3724 quae
331 3611 496 3691 tentatio
513 3605 758 3719 quandoque
784 3604 868 3688 latis
891 3596 992 3688 clara
1024 3608 1219 3715 &aperta
1244 3605 1320 3701 est,
1347 3603 1443 3687 dum
1481 3603 1676 3712 ejusmodi

216 3727 369 3828 objedia
394 3727 434 3807 in
452 3716 617 3804 sensrbus
640 3726 793 3803 excitat.
850 3721 957 3804 Nam
977 3712 1102 3802 oculis
1119 3718 1278 3802 exhibet
1299 3721 1562 3830 apparitiones
1574 3721 1673 3805 San·

215 3845 367 3925 dorum
396 3864 483 3920 cum
510 3831 715 3948 splendore
744 3829 1050 3948 elegantiflimor
1084 3834 1231 3918 auditui
1251 3837 1393 3947 ingerit
1420 3833 1538 3918 verba
1561 3829 1727 3920 blan·.'

216 3955 317 4040 ditiis
339 3947 497 4040 melleas
527 3950 737 4033 odoratum
762 3942 959 4033 demulcet
979 3946 1250 4032 odoramentis
1268 3943 1504 4037 suavissimus
1534 3953 1673 4036 inore
1703 3990 1706 3995 ·

213 4062 337 4159 causat
360 4067 488 4184 gustus
507 4056 767 4159 dulciffimoss
794 4069 833 4147 dt
860 4068 901 4148 iu
922 4070 1025 4149 tadu
1045 4058 1229 4148 diffundit
1248 4057 1507 4176 voluptatem,
1524 4089 1569 4149 ut
1588 4069 1692 4155 am.

1566 4206 1672 4266 mam
