3796 4994
615 258 915 397 ”Regularum
940 262 1262 365 summarium.
1568 272 1665 391 2'7'5

334 463 488 587 Regula.
522 479 584 555 io.
641 468 752 554 Idem
780 467 993 556 dicendum
1012 469 1074 557 ege
1098 463 1400 557 revelationibus
1417 461 1668 579 personarunt
1701 544 1705 549 .

215 581 442 668 habentium
472 612 560 668 curn
594 589 871 697 imaginatione
909 584 1020 672 forti·
1039 582 1381 673 extraordinariam
1419 578 1666 670 subtilitatem

214 696 311 782 visus
332 695 394 783 vel
415 699 580 785 audictis.
640 701 736 783 Ibrd.
755 702 799 784 R.
823 731 860 803 3.

328 828 485 948 Regula.
521 862 583 916 rr.
642 833 750 916 Idem
778 829 989 917 dicendum
1006 824 1064 919 'de
1087 829 1389 935 revelfl'onibus
1417 826 1665 944 personarum

213 941 320 1028 fimul
343 974 430 1030 cum
446 952 723 1061 imaginatione
736 950 963 1031 habentium
982 974 1154 1034 naturam
1170 947 1429 1036 immoderate
1442 941 1669 1050 melantho-¹

213 1054 666 1160 Icam,aotfivmfine,
692 1058 932 1148 muliebrem.
974 1062 1092 1152 Ibin.
1118 1069 1160 1150 R.
1184 1080 1244 1166 4.
1607 1085 1610 1093 '

225 1200 229 1207 '
328 1190 487 1314 Regula.
522 1225 583 1280 tt.
640 1193 750 1279 Idem
778 1194 985 1280 dicendum
1006 1196 1070 1280 'de
1099 1177 1400 1282 revelationibus
1444 1192 1688 1295 mulierum,-

213 1333 310 1421 quas
335 1313 483 1395 constat
506 1308 580 1397 else
605 1312 863 1394 inconstantes
882 1312 1076 1409 inbono,
1097 1316 1135 1396 δι
1160 1339 1303 1426 pronas
1321 1313 1373 1397 ad
1396 1308 1665 1425 aucupandam
1803 1408 1809 1413 ⁴

211 1449 348 1508 vanam
369 1421 547 1538 gloriam.
600 1425 658 1509 lb.
682 1428 776 1540 Reg.
807 1457 841 1528 ς.

326 1552 483 1674 Regula.
515 1584 581 1659 ¹3·
638 1557 747 1642 Idem
772 1555 980 1642 dicendum
1001 1556 1053 1645 dc
1073 1552 1377 1647 revelationibus
1400 1542 1661 1670 personarum,

216 1698 302 1784 quae
323 1673 499 1755 nondum
522 1668 748 1756 transierunt
798 1700 838 1756 cr
855 1676 953 1764 viam
969 1678 1208 1785 purgatIvam
1225 1669 1504 1758 'mortificando
1526 1667 1664 1784 passeo-

212 1813 294 1883 ncs,
316 1783 381 1871 sed
403 1815 473 1899 per
491 1781 624 1870 saltum
650 1701 883 1870 acceerunt
913 1787 963 1872 ad
982 1790 1162 1877 montem
1184 1780 1543 1901 contemplationis,
1570 1813 1665 1905 proe7
1779 1831 1788 1841 »

213 1895 339 1986 sertIm
366 1900 454 1988 fise
480 1929 561 1997 non
590 1897 831 2015 subjecerunt
868 1902 1065 1989 Ditesiori
1103 1897 1283 2016 spirituali
1315 1895 1425 1989 samul
1455 1900 1587 2014 probo
1621 1898 1662 1991 tu

186 2017 349 2102 douo.
408 2016 464 2102 lb.
487 2019 582 2130 Reg.
602 2048 638 2116 9.

327 2141 482 2261 Regula.
515 2175 580 2244 14.
638 2143 749 2228 Idem
767 2142 978 2229 dicendum
1002 2141 1055 2228 de
1077 2137 1379 2231 revelationibus
1401 2138 1665 2258 personarum,

213 2284 300 2372 quae
326 2255 411 2343 sunt
447 2255 772 2370 praesumptuosa,
804 2265 844 2343 dt
872 2257 1119 2371 ,confidentes
1145 2263 1187 2342 iu
1207 2255 1280 2344 suis
1306 2264 1473 2363 meritis,
1496 2263 1548 2346 ita
1576 2283 1618 2346 ut
1639 2258 1664 2347 ὲ

215 2371 320 2458 coelo
349 2368 567 2486 exspedlent
603 2370 883 2471 revelationes,
906 2378 945 2458 &
974 2374 1242 2468 Instruciiones
1269 2374 1474 2493 angelicas.
1561 2374 1720 2461 lbids

213 2490 308 2602 Reg.
337 2520 400 2592 ¹4·
460 2490 562 2573 Vide
585 2485 694 2602 supra
717 2492 811 2601 Reg.
834 2519 869 2591 5.
1759 2490 1764 2497 ’

327 2622 482 2728 Περαία.
517 2654 582 2727 ¹5·
640 2626 748 2708 Idem
767 2622 979 2709 dIcendum
1001 2623 1054 2709 de
1075 2620 1377 2711 revelationibus
1399 2621 1662 2738 personarum,

214 2764 299 2851 quac
324 2729 405 2822 non
429 2735 513 2824 sunt
534 2741 709 2825 radicatae
727 2743 768 2822 in
793 2733 914 2823 solida
937 2732 1163 2838 humilitate,
1190 2737 1287 2827 serib
1318 2769 1365 2825 ex
1384 2745 1586 2856 agnitione
1608 2737 1663 2825 lui
1739 2836 1742 2841 ,

215 2859 253 2936 dc
276 2855 461 2939 mundani
491 2852 599 2940 nihili
627 2858 837 2967 comparati
860 2853 910 2937 ad
930 2856 1071 2939 DEum
1103 2855 1317 2969 querendo
1344 2856 1584 2943 abscondere
1606 2850 1662 2939 fa·

213 2996 342 3064 votes,
366 2974 405 3052 δε
430 2968 566 3084 fugere
585 2966 743 3054 famam.
796 2970 853 3054 lb.
873 2971 917 3054 R.
942 2986 1007 3055 16.
1028 2973 1141 3056 Gers.
1165 2971 1208 3053 R.
1230 3002 1268 3070 7.
1289 2990 1327 3064 8.

321 3083 477 3202 Regula.
512 3103 574 3171 16.
634 3087 743 3168 Idem
767 3085 976 3169 dicendum
998 3085 1050 3171 de
1070 3079 1373 3171 revelationibus
1398 3080 1661 3199 personarum,

213 3226 301 3313 quae
328 3203 373 3293 ¹In
407 3204 469 3286 via
502 3195 681 3314 spirituali
717 3199 847 3285 adhuc
878 3194 963 3285 sunt
993 3224 1165 3316 tyrones.
1222 3201 1282 3288 lb.
1314 3205 1414 3314 Reg.
1439 3230 1516 3300 ιγ.
1548 3205 1663 3287 Gers.
1803 3293 1806 3299 ,

213 3317 270 3400 Re
299 3347 371 3414 .9.
1676 3344 1679 3350 ·
1817 3330 1822 3337 ’

272 3343 298 3428 g
328 3426 481 3546 Regula.
510 3456 530 3535 ,¹
541 3458 580 3528 7.
637 3427 748 3512 Idem
771 3426 983 3515 dicendum
1008 3429 1061 3517 de
1094 3423 1395 3522 revelationibus
1418 3457 1490 3517 nec
1508 3453 1663 3539 antece·

215 3544 366 3642 denter,
393 3571 466 3629 nec
488 3549 809 3641 concomitantcr,
835 3572 908 3628 nec
928 3540 1203 3658 subsequenter
1227 3550 1440 3650 coniunctis
1464 3574 1552 3632 cum
1578 3573 1663 3631 ctu-

214 3687 272 3758 ce,
294 3656 577 3773 persecutione,
595 3653 812 3757 tolerantia,
830 3665 869 3742 δι
890 3663 969 3744 vita
986 3657 1227 3745 mortificata.
1286 3661 1341 3744 lb.
1361 3663 1406 3748 R.
1433 3678 1512 3759 ιε.

329 3771 487 3893 Regula.
520 3796 584 3870 ιε.
641 3773 750 3871 Idem
776 3773 986 3857 dicendum
1009 3775 1061 3859 de
1080 3770 1382 3861 revelation'rbus
1400 3772 1664 3890 personarum,
1769 3874 1779 3881 g

213 3917 303 4003 quac
327 3885 585 3973 revelationes
613 3887 759 3972 habere
784 3913 937 4002 optent,
958 3915 1024 3974 aut
1041 3888 1189 3974 habitas
1210 3887 1340 4000 passim
1368 3886 1575 4004 evulg'cnt,
1597 3910 1664 3973 aut

215 4008 517 4091 communicent.
585 4002 685 4089 Ibid.
721 4005 817 4118 Reg.
858 4033 923 4105 19.
1015 4005 1120 4091 Vide
1160 4002 1270 4118 supra
1306 4000 1575 4092 limitationem
1616 4027 1666 4085 ex

148 4128 153 4132 ’
213 4123 304 4237 Reg.
333 4149 370 4224 5.

890 4234 988 4319 Mm
1020 4262 1043 4320 a
1105 4322 1111 4344 ,
1506 4224 1664 4351 Regula.
1804 4306 1808 4311 .
