<?xml version="1.0" encoding="UTF-8"?>
<!DOCTYPE html PUBLIC "-//W3C//DTD XHTML 1.0 Transitional//EN"
    "http://www.w3.org/TR/xhtml1/DTD/xhtml1-transitional.dtd">
<html xmlns="http://www.w3.org/1999/xhtml" xml:lang="en" lang="en">
 <head>
  <title>
</title>
<meta http-equiv="Content-Type" content="text/html;charset=utf-8" />
  <meta name='ocr-system' content='tesseract 3.04.00' />
  <meta name='ocr-capabilities' content='ocr_page ocr_carea ocr_par ocr_line ocrx_word'/>
</head>
<body>
  <div class='ocr_page' id='page_1' title='image "./derevelationibu00amorgoog_0097.png"; bbox 0 0 3690 4988; ppageno 0'>
   <div class='ocr_carea' id='block_1_1' title="bbox 480 322 1623 487">
    <p class='ocr_par' dir='ltr' id='par_1_1' title="bbox 480 258 1623 487">
     <span class='ocr_line' id='line_1_1' title="bbox 480 322 1623 487; baseline 0.052 -72"><span class='ocrx_word' id='word_1_1' title='bbox 480 401 499 409; x_wconf 90' lang='lat'><strong>..</strong></span> <span class='ocrx_word' id='word_1_2' title='bbox 574 338 679 466; x_wconf 67' lang='lat' dir='ltr'><strong>Rtg.</strong></span> <span class='ocrx_word' id='word_1_3' title='bbox 700 322 852 430; x_wconf 66' lang='lat' dir='ltr'><strong>Praei.</strong></span> <span class='ocrx_word' id='word_1_4' title='bbox 874 360 933 432; x_wconf 80' lang='lat' dir='ltr'><strong>ex</strong></span> <span class='ocrx_word' id='word_1_5' title='bbox 952 334 1008 430; x_wconf 80' lang='lat' dir='ltr'><strong>P.</strong></span> <span class='ocrx_word' id='word_1_6' title='bbox 1029 334 1248 487; x_wconf 65' lang='lat' dir='ltr'><strong>Gravina·</strong></span> <span class='ocrx_word' id='word_1_7' title='bbox 1556 374 1623 472; x_wconf 91' lang='lat'><strong>77</strong></span> 
     </span>
    </p>
   </div>
   <div class='ocr_carea' id='block_1_2' title="bbox 191 531 1633 1112">
    <p class='ocr_par' dir='ltr' id='par_1_2' title="bbox 191 531 1633 1112">
     <span class='ocr_line' id='line_1_2' title="bbox 204 531 1627 656; baseline 0.001 -25"><span class='ocrx_word' id='word_1_8' title='bbox 204 543 315 631; x_wconf 72' lang='lat' dir='ltr'><strong>diuus</strong></span> <span class='ocrx_word' id='word_1_9' title='bbox 341 536 647 628; x_wconf 79' lang='lat' dir='ltr'>revelationibus</span> <span class='ocrx_word' id='word_1_10' title='bbox 665 531 834 635; x_wconf 69' lang='lat' dir='ltr'><strong>solvere,</strong></span> <span class='ocrx_word' id='word_1_11' title='bbox 862 563 918 636; x_wconf 90' lang='lat' dir='ltr'><strong>ut,</strong></span> <span class='ocrx_word' id='word_1_12' title='bbox 941 567 991 622; x_wconf 80' lang='lat' dir='ltr'><strong>an</strong></span> <span class='ocrx_word' id='word_1_13' title='bbox 1015 536 1106 625; x_wconf 86' lang='lat' dir='ltr'><strong>coeli</strong></span> <span class='ocrx_word' id='word_1_14' title='bbox 1133 542 1269 625; x_wconf 81' lang='lat' dir='ltr'><strong>decem</strong></span> <span class='ocrx_word' id='word_1_15' title='bbox 1295 536 1379 638; x_wconf 84' lang='lat' dir='ltr'><strong>fint,</strong></span> <span class='ocrx_word' id='word_1_16' title='bbox 1394 536 1456 626; x_wconf 89' lang='lat' dir='ltr'><strong>vel</strong></span> <span class='ocrx_word' id='word_1_17' title='bbox 1481 539 1627 656; x_wconf 84' lang='lat' dir='ltr'><strong>plures,</strong></span> 
     </span>
     <span class='ocr_line' id='line_1_3' title="bbox 202 651 1626 768; baseline 0.002 -26"><span class='ocrx_word' id='word_1_18' title='bbox 202 653 321 743; x_wconf 77' lang='lat' dir='ltr'><strong>dulia</strong></span> <span class='ocrx_word' id='word_1_19' title='bbox 347 656 545 761; x_wconf 82' lang='lat' dir='ltr'><strong>ejusmodi</strong></span> <span class='ocrx_word' id='word_1_20' title='bbox 570 655 622 737; x_wconf 90' lang='lat' dir='ltr'><strong>de</strong></span> <span class='ocrx_word' id='word_1_21' title='bbox 648 653 793 767; x_wconf 78' lang='lat' dir='ltr'><strong>quibus</strong></span> <span class='ocrx_word' id='word_1_22' title='bbox 826 651 871 735; x_wconf 81' lang='lat' dir='ltr'><strong>iit</strong></span> <span class='ocrx_word' id='word_1_23' title='bbox 897 659 1044 737; x_wconf 85' lang='lat' dir='ltr'><strong>mentio</strong></span> <span class='ocrx_word' id='word_1_24' title='bbox 1071 659 1177 767; x_wconf 84' lang='lat' dir='ltr'><strong>apud</strong></span> <span class='ocrx_word' id='word_1_25' title='bbox 1206 659 1270 739; x_wconf 86' lang='lat' dir='ltr'><strong>SS.</strong></span> <span class='ocrx_word' id='word_1_26' title='bbox 1299 656 1555 768; x_wconf 84' lang='lat' dir='ltr'><strong>Augullinum</strong></span> <span class='ocrx_word' id='word_1_27' title='bbox 1584 668 1626 745; x_wconf 81' lang='grc' dir='ltr'><strong>δι</strong></span> 
     </span>
     <span class='ocr_line' id='line_1_4' title="bbox 197 763 1624 879; baseline 0.001 -21"><span class='ocrx_word' id='word_1_28' title='bbox 197 776 381 858; x_wconf 76' lang='lat' dir='ltr'><strong>ibenium.</strong></span> <span class='ocrx_word' id='word_1_29' title='bbox 437 774 553 854; x_wconf 78' lang='lat' dir='ltr'><strong>Ratio</strong></span> <span class='ocrx_word' id='word_1_30' title='bbox 578 795 708 851; x_wconf 77' lang='lat' dir='ltr'><strong>utitem</strong></span> <span class='ocrx_word' id='word_1_31' title='bbox 737 769 812 868; x_wconf 88' lang='lat' dir='ltr'><strong>est,</strong></span> <span class='ocrx_word' id='word_1_32' title='bbox 836 770 929 879; x_wconf 84' lang='lat' dir='ltr'><strong>quia</strong></span> <span class='ocrx_word' id='word_1_33' title='bbox 956 773 1061 851; x_wconf 81' lang='lat' dir='ltr'><strong>Deus</strong></span> <span class='ocrx_word' id='word_1_34' title='bbox 1084 798 1168 852; x_wconf 91' lang='lat' dir='ltr'><strong>non</strong></span> <span class='ocrx_word' id='word_1_35' title='bbox 1196 763 1297 854; x_wconf 80' lang='lat' dir='ltr'><strong>solet</strong></span> <span class='ocrx_word' id='word_1_36' title='bbox 1320 767 1624 860; x_wconf 85' lang='lat' dir='ltr'>revelationibus</span> 
     </span>
     <span class='ocr_line' id='line_1_5' title="bbox 193 879 1633 986; baseline 0 -13"><span class='ocrx_word' id='word_1_37' title='bbox 193 884 312 972; x_wconf 84' lang='lat' dir='ltr'><strong>lervire</strong></span> <span class='ocrx_word' id='word_1_38' title='bbox 343 885 554 986; x_wconf 80' lang='lat' dir='ltr'><strong>curinfirnri</strong></span> <span class='ocrx_word' id='word_1_39' title='bbox 583 885 791 966; x_wconf 88' lang='lat' dir='ltr'><strong>bominum</strong></span> <span class='ocrx_word' id='word_1_40' title='bbox 831 882 1012 965; x_wconf 77' lang='lat' dir='ltr'><strong>in&#39;rebus</strong></span> <span class='ocrx_word' id='word_1_41' title='bbox 1043 883 1093 965; x_wconf 85' lang='lat' dir='ltr'><strong>ad</strong></span> <span class='ocrx_word' id='word_1_42' title='bbox 1124 882 1244 967; x_wconf 84' lang='lat' dir='ltr'><strong>fidem</strong></span> <span class='ocrx_word' id='word_1_43' title='bbox 1269 908 1336 967; x_wconf 79' lang='lat' dir='ltr'><strong>aut</strong></span> <span class='ocrx_word' id='word_1_44' title='bbox 1362 879 1518 970; x_wconf 77' lang='lat' dir='ltr'><strong>salutem</strong></span> <span class='ocrx_word' id='word_1_45' title='bbox 1542 896 1633 983; x_wconf 73' lang='lat' dir='ltr'><strong>ani·,</strong></span> 
     </span>
     <span class='ocr_line' id='line_1_6' title="bbox 191 991 1219 1112; baseline -0.003 -25"><span class='ocrx_word' id='word_1_46' title='bbox 191 1022 324 1087; x_wconf 74' lang='lat' dir='ltr'><strong>uarum</strong></span> <span class='ocrx_word' id='word_1_47' title='bbox 344 1028 391 1084; x_wconf 80' lang='lat' dir='ltr'><strong>uc</strong></span> <span class='ocrx_word' id='word_1_48' title='bbox 415 1000 627 1112; x_wconf 81' lang='lat' dir='ltr'><strong>Religionis</strong></span> <span class='ocrx_word' id='word_1_49' title='bbox 654 991 800 1080; x_wconf 88' lang='lat' dir='ltr'><strong>cultum</strong></span> <span class='ocrx_word' id='word_1_50' title='bbox 822 1023 903 1080; x_wconf 87' lang='lat' dir='ltr'><strong>non</strong></span> <span class='ocrx_word' id='word_1_51' title='bbox 925 998 1219 1109; x_wconf 81' lang='lat' dir='ltr'><strong>pertinentibus.</strong></span> 
     </span>
    </p>
   </div>
   <div class='ocr_carea' id='block_1_3' title="bbox 280 1137 1626 1280">
    <p class='ocr_par' dir='ltr' id='par_1_3' title="bbox 280 1137 1626 1280">
     <span class='ocr_line' id='line_1_7' title="bbox 280 1137 1626 1280; baseline 0.007 -35"><span class='ocrx_word' id='word_1_52' title='bbox 280 1147 450 1280; x_wconf 78' lang='lat' dir='ltr'><strong>Regula</strong></span> <span class='ocrx_word' id='word_1_53' title='bbox 491 1170 569 1275; x_wconf 81' lang='lat'><strong>²9·</strong></span> <span class='ocrx_word' id='word_1_54' title='bbox 606 1139 988 1263; x_wconf 75' lang='lat' dir='ltr'><strong>Revelationes,</strong></span> <span class='ocrx_word' id='word_1_55' title='bbox 1030 1170 1251 1278; x_wconf 79' lang='lat' dir='ltr'><strong>quarum</strong></span> <span class='ocrx_word' id='word_1_56' title='bbox 1284 1137 1479 1271; x_wconf 78' lang='lat' dir='ltr'><strong>objeua</strong></span> <span class='ocrx_word' id='word_1_57' title='bbox 1515 1178 1626 1256; x_wconf 89' lang='lat' dir='ltr'><strong>non</strong></span> 
     </span>
    </p>
   </div>
   <div class='ocr_carea' id='block_1_4' title="bbox 188 1280 1628 1770">
    <p class='ocr_par' dir='ltr' id='par_1_4' title="bbox 188 1280 1628 1770">
     <span class='ocr_line' id='line_1_8' title="bbox 189 1280 1628 1427; baseline 0.001 -31"><span class='ocrx_word' id='word_1_58' title='bbox 189 1306 470 1427; x_wconf 81' lang='lat' dir='ltr'><strong>congruunt</strong></span> <span class='ocrx_word' id='word_1_59' title='bbox 501 1281 684 1426; x_wconf 47' lang='lat' dir='ltr'><strong>divinaeg</strong></span> <span class='ocrx_word' id='word_1_60' title='bbox 715 1280 989 1419; x_wconf 78' lang='lat' dir='ltr'><strong>sapientiae,</strong></span> <span class='ocrx_word' id='word_1_61' title='bbox 1019 1281 1316 1416; x_wconf 77' lang='lat' dir='ltr'><strong>recipiendae</strong></span> <span class='ocrx_word' id='word_1_62' title='bbox 1352 1317 1463 1389; x_wconf 91' lang='lat' dir='ltr'><strong>non</strong></span> <span class='ocrx_word' id='word_1_63' title='bbox 1497 1289 1628 1398; x_wconf 87' lang='lat' dir='ltr'><strong>sunt.</strong></span> 
     </span>
     <span class='ocr_line' id='line_1_9' title="bbox 188 1418 1627 1538; baseline 0.004 -26"><span class='ocrx_word' id='word_1_64' title='bbox 188 1430 317 1527; x_wconf 76' lang='lat' dir='ltr'><strong>Patet,</strong></span> <span class='ocrx_word' id='word_1_65' title='bbox 356 1431 452 1538; x_wconf 79' lang='lat' dir='ltr'><strong>quia</strong></span> <span class='ocrx_word' id='word_1_66' title='bbox 492 1452 580 1527; x_wconf 79' lang='lat' dir='ltr'><strong>oon</strong></span> <span class='ocrx_word' id='word_1_67' title='bbox 619 1427 674 1509; x_wconf 88' lang='lat' dir='ltr'><strong>est</strong></span> <span class='ocrx_word' id='word_1_68' title='bbox 708 1451 808 1536; x_wconf 87' lang='lat' dir='ltr'><strong>opus</strong></span> <span class='ocrx_word' id='word_1_69' title='bbox 845 1418 1009 1535; x_wconf 80' lang='lat' dir='ltr'><strong>aliquod</strong></span> <span class='ocrx_word' id='word_1_70' title='bbox 1055 1450 1220 1532; x_wconf 56' lang='lat' dir='ltr'><strong>uanum</strong></span> <span class='ocrx_word' id='word_1_71' title='bbox 1259 1420 1442 1535; x_wconf 72' lang='lat' dir='ltr'><strong>sapientiai</strong></span> <span class='ocrx_word' id='word_1_72' title='bbox 1483 1426 1627 1518; x_wconf 72' lang='lat' dir='ltr'><strong>divini.</strong></span> 
     </span>
     <span class='ocr_line' id='line_1_10' title="bbox 189 1534 1626 1649; baseline 0.001 -23"><span class='ocrx_word' id='word_1_73' title='bbox 189 1545 293 1641; x_wconf 87' lang='lat' dir='ltr'><strong>Hinc,</strong></span> <span class='ocrx_word' id='word_1_74' title='bbox 316 1567 361 1627; x_wconf 90' lang='lat' dir='ltr'><strong>ut</strong></span> <span class='ocrx_word' id='word_1_75' title='bbox 380 1547 421 1625; x_wconf 84' lang='lat' dir='ltr'><strong>P.</strong></span> <span class='ocrx_word' id='word_1_76' title='bbox 441 1544 611 1627; x_wconf 77' lang='lat' dir='ltr'><strong>Grouina</strong></span> <span class='ocrx_word' id='word_1_77' title='bbox 643 1539 685 1622; x_wconf 88' lang='lat' dir='ltr'>L</span> <span class='ocrx_word' id='word_1_78' title='bbox 707 1538 803 1622; x_wconf 82' lang='lat' dir='ltr'><strong>CC.</strong></span> <span class='ocrx_word' id='word_1_79' title='bbox 822 1534 1106 1648; x_wconf 75' lang='lat' dir='ltr'><strong>exemplificat,</strong></span> <span class='ocrx_word' id='word_1_80' title='bbox 1128 1534 1262 1649; x_wconf 78' lang='lat' dir='ltr'><strong>siquis</strong></span> <span class='ocrx_word' id='word_1_81' title='bbox 1287 1539 1446 1638; x_wconf 87' lang='lat' dir='ltr'><strong>diceret,</strong></span> <span class='ocrx_word' id='word_1_82' title='bbox 1473 1541 1541 1624; x_wconf 80' lang='lat' dir='ltr'><strong>fibi</strong></span> <span class='ocrx_word' id='word_1_83' title='bbox 1564 1572 1626 1627; x_wconf 88' lang='lat' dir='ltr'><strong>re·</strong></span> 
     </span>
     <span class='ocr_line' id='line_1_11' title="bbox 190 1652 1628 1770; baseline 0.002 -31"><span class='ocrx_word' id='word_1_84' title='bbox 190 1652 361 1754; x_wconf 70' lang='lat' dir='ltr'><strong>uelitum,</strong></span> <span class='ocrx_word' id='word_1_85' title='bbox 391 1661 503 1770; x_wconf 85' lang='lat' dir='ltr'><strong>quod</strong></span> <span class='ocrx_word' id='word_1_86' title='bbox 534 1675 640 1739; x_wconf 76' lang='lat' dir='ltr'><strong>totus</strong></span> <span class='ocrx_word' id='word_1_87' title='bbox 666 1653 832 1737; x_wconf 90' lang='lat' dir='ltr'><strong>mundus</strong></span> <span class='ocrx_word' id='word_1_88' title='bbox 866 1652 1088 1736; x_wconf 84' lang='lat' dir='ltr'><strong>movebitur</strong></span> <span class='ocrx_word' id='word_1_89' title='bbox 1115 1677 1226 1734; x_wconf 88' lang='lat' dir='ltr'><strong>motu</strong></span> <span class='ocrx_word' id='word_1_90' title='bbox 1249 1660 1376 1742; x_wconf 70' lang='lat' dir='ltr'><strong>rebius</strong></span> <span class='ocrx_word' id='word_1_91' title='bbox 1424 1652 1485 1739; x_wconf 80' lang='lat' dir='ltr'><strong>uel</strong></span> <span class='ocrx_word' id='word_1_92' title='bbox 1510 1661 1628 1768; x_wconf 90' lang='lat' dir='ltr'><strong>quod</strong></span> 
     </span>
    </p>
   </div>
   <div class='ocr_carea' id='block_1_5' title="bbox 191 1759 1630 1999">
    <p class='ocr_par' dir='ltr' id='par_1_5' title="bbox 191 1759 1630 1999">
     <span class='ocr_line' id='line_1_12' title="bbox 191 1759 1630 1884; baseline -0.001 -25"><span class='ocrx_word' id='word_1_93' title='bbox 191 1768 316 1884; x_wconf 72' lang='lat' dir='ltr'><strong>aliquis</strong></span> <span class='ocrx_word' id='word_1_94' title='bbox 332 1772 545 1867; x_wconf 65' lang='lat' dir='ltr'><strong>creabirun.</strong></span> <span class='ocrx_word' id='word_1_95' title='bbox 560 1771 630 1883; x_wconf 88' lang='lat' dir='ltr'><strong>qui</strong></span> <span class='ocrx_word' id='word_1_96' title='bbox 648 1795 744 1853; x_wconf 81' lang='lat' dir='ltr'><strong>mox</strong></span> <span class='ocrx_word' id='word_1_97' title='bbox 764 1764 809 1852; x_wconf 87' lang='lat' dir='ltr'><strong>fir</strong></span> <span class='ocrx_word' id='word_1_98' title='bbox 831 1763 1113 1869; x_wconf 63' lang='lat' dir='ltr'><strong>annihilamus,</strong></span> <span class='ocrx_word' id='word_1_99' title='bbox 1127 1759 1218 1850; x_wconf 82' lang='lat' dir='ltr'><strong>talia</strong></span> <span class='ocrx_word' id='word_1_100' title='bbox 1239 1763 1492 1853; x_wconf 76' lang='lat' dir='ltr'><strong>deliramenta</strong></span> <span class='ocrx_word' id='word_1_101' title='bbox 1506 1769 1630 1859; x_wconf 78' lang='lat' dir='ltr'><strong>client</strong></span> 
     </span>
     <span class='ocr_line' id='line_1_13' title="bbox 193 1881 640 1999; baseline -0.004 -30"><span class='ocrx_word' id='word_1_102' title='bbox 193 1881 326 1999; x_wconf 80' lang='lat' dir='ltr'><strong>prorsus</strong></span> <span class='ocrx_word' id='word_1_103' title='bbox 349 1883 583 1997; x_wconf 77' lang='lat' dir='ltr'><strong>objieiendu.</strong></span> <span class='ocrx_word' id='word_1_104' title='bbox 632 1976 640 1998; x_wconf 26' lang='grc' dir='ltr'>ὁ</span> 
     </span>
    </p>
   </div>
   <div class='ocr_carea' id='block_1_6' title="bbox 286 2006 1625 2171">
    <p class='ocr_par' dir='ltr' id='par_1_6' title="bbox 286 2006 1625 2171">
     <span class='ocr_line' id='line_1_14' title="bbox 286 2006 1625 2171; baseline 0.008 -34"><span class='ocrx_word' id='word_1_105' title='bbox 286 2042 454 2171; x_wconf 82' lang='lat' dir='ltr'><strong>Regula</strong></span> <span class='ocrx_word' id='word_1_106' title='bbox 491 2063 568 2161; x_wconf 86' lang='lat'><strong>30.</strong></span> <span class='ocrx_word' id='word_1_107' title='bbox 594 2006 1000 2160; x_wconf 53' lang='lat' dir='ltr'><strong>&#39;Revelationem</strong></span> <span class='ocrx_word' id='word_1_108' title='bbox 1029 2063 1249 2167; x_wconf 86' lang='lat' dir='ltr'><strong>quarum</strong></span> <span class='ocrx_word' id='word_1_109' title='bbox 1286 2032 1480 2163; x_wconf 68' lang='lat' dir='ltr'><strong>obiedla</strong></span> <span class='ocrx_word' id='word_1_110' title='bbox 1509 2039 1625 2148; x_wconf 89' lang='lat' dir='ltr'><strong>sunt</strong></span> 
     </span>
    </p>
   </div>
   <div class='ocr_carea' id='block_1_7' title="bbox 202 2172 1630 3234">
    <p class='ocr_par' dir='ltr' id='par_1_7' title="bbox 202 2172 1630 3234">
     <span class='ocr_line' id='line_1_15' title="bbox 202 2172 1625 2310; baseline 0.008 -29"><span class='ocrx_word' id='word_1_111' title='bbox 202 2178 391 2291; x_wconf 82' lang='lat' dir='ltr'><strong>curiosa,</strong></span> <span class='ocrx_word' id='word_1_112' title='bbox 427 2200 522 2282; x_wconf 84' lang='lat' dir='ltr'><strong>aut</strong></span> <span class='ocrx_word' id='word_1_113' title='bbox 542 2172 1097 2310; x_wconf 65' lang='lat' dir='ltr'><strong>.inutilia,‚recipiendae</strong></span> <span class='ocrx_word' id='word_1_114' title='bbox 1134 2207 1244 2278; x_wconf 89' lang='lat' dir='ltr'><strong>non</strong></span> <span class='ocrx_word' id='word_1_115' title='bbox 1279 2177 1404 2283; x_wconf 88' lang='lat' dir='ltr'><strong>sunt.</strong></span> <span class='ocrx_word' id='word_1_116' title='bbox 1511 2208 1625 2294; x_wconf 81' lang='lat' dir='ltr'><strong>uano</strong></span> 
     </span>
     <span class='ocr_line' id='line_1_16' title="bbox 203 2313 1630 2435; baseline 0.004 -28"><span class='ocrx_word' id='word_1_117' title='bbox 203 2319 253 2421; x_wconf 79' lang='lat' dir='ltr'><strong>eil,</strong></span> <span class='ocrx_word' id='word_1_118' title='bbox 279 2316 369 2433; x_wconf 73' lang='lat' dir='ltr'><strong>quii</strong></span> <span class='ocrx_word' id='word_1_119' title='bbox 396 2316 573 2432; x_wconf 82' lang='lat' dir='ltr'><strong>seriptum</strong></span> <span class='ocrx_word' id='word_1_120' title='bbox 604 2315 781 2434; x_wconf 66' lang='lat' dir='ltr'><strong>‘estuE&#39;go</strong></span> <span class='ocrx_word' id='word_1_121' title='bbox 806 2314 921 2404; x_wconf 80' lang='lat' dir='ltr'><strong>Deus</strong></span> <span class='ocrx_word' id='word_1_122' title='bbox 939 2313 1076 2402; x_wconf 83' lang='lat' dir='ltr'><strong>docens</strong></span> <span class='ocrx_word' id='word_1_123' title='bbox 1092 2323 1129 2403; x_wconf 77' lang='lat' dir='ltr'><strong>ie</strong></span> <span class='ocrx_word' id='word_1_124' title='bbox 1147 2313 1273 2404; x_wconf 78' lang='lat' dir='ltr'><strong>utilia.</strong></span> <span class='ocrx_word' id='word_1_125' title='bbox 1326 2324 1437 2404; x_wconf 84' lang='lat' dir='ltr'><strong>Hanc</strong></span> <span class='ocrx_word' id='word_1_126' title='bbox 1454 2319 1630 2435; x_wconf 80' lang='lat' dir='ltr'><strong>regulum</strong></span> 
     </span>
     <span class='ocr_line' id='line_1_17' title="bbox 204 2427 1626 2550; baseline 0.006 -35"><span class='ocrx_word' id='word_1_127' title='bbox 204 2432 235 2516; x_wconf 84' lang='lat' dir='ltr'><strong>P.</strong></span> <span class='ocrx_word' id='word_1_128' title='bbox 249 2436 416 2519; x_wconf 64' lang='lat' dir='ltr'><strong>Gravior</strong></span> <span class='ocrx_word' id='word_1_129' title='bbox 435 2434 478 2518; x_wconf 87' lang='lat' dir='ltr'><strong>l..</strong></span> <span class='ocrx_word' id='word_1_130' title='bbox 495 2431 588 2518; x_wconf 78' lang='lat' dir='ltr'><strong>CC.</strong></span> <span class='ocrx_word' id='word_1_131' title='bbox 618 2429 786 2517; x_wconf 86' lang='lat' dir='ltr'><strong>deducit·</strong></span> <span class='ocrx_word' id='word_1_132' title='bbox 805 2427 1054 2544; x_wconf 68' lang='lat' dir='ltr'><strong>sequentibus</strong></span> <span class='ocrx_word' id='word_1_133' title='bbox 1085 2429 1212 2515; x_wconf 86' lang='lat' dir='ltr'><strong>verbis</strong></span> <span class='ocrx_word' id='word_1_134' title='bbox 1232 2466 1241 2515; x_wconf 77' lang='lat' dir='ltr'><em>z</em></span> <span class='ocrx_word' id='word_1_135' title='bbox 1298 2439 1456 2547; x_wconf 76' lang='lat' dir='ltr'><strong>Quare,</strong></span> <span class='ocrx_word' id='word_1_136' title='bbox 1482 2442 1626 2550; x_wconf 89' lang='lat' dir='ltr'><strong>inquit,</strong></span> 
     </span>
     <span class='ocr_line' id='line_1_18' title="bbox 203 2539 1627 2665; baseline 0.004 -32"><span class='ocrx_word' id='word_1_137' title='bbox 203 2548 581 2661; x_wconf 78' lang='lat' dir='ltr'><strong>iuterdmn&#39;peccatur</strong></span> <span class='ocrx_word' id='word_1_138' title='bbox 601 2544 624 2632; x_wconf 69' lang='lat' dir='ltr'><strong>i</strong></span> <span class='ocrx_word' id='word_1_139' title='bbox 645 2539 774 2630; x_wconf 80' lang='lat' dir='ltr'><strong>multis</strong></span> <span class='ocrx_word' id='word_1_140' title='bbox 795 2544 1070 2657; x_wconf 87' lang='lat' dir='ltr'><strong>impostoribus</strong></span> <span class='ocrx_word' id='word_1_141' title='bbox 1094 2568 1173 2627; x_wconf 84' lang='lat' dir='ltr'><strong>tam</strong></span> <span class='ocrx_word' id='word_1_142' title='bbox 1199 2548 1382 2645; x_wconf 84' lang='lat' dir='ltr'><strong>maribus,</strong></span> <span class='ocrx_word' id='word_1_143' title='bbox 1409 2548 1528 2665; x_wconf 73' lang='lat' dir='ltr'><strong>quim</strong></span> <span class='ocrx_word' id='word_1_144' title='bbox 1550 2547 1627 2639; x_wconf 80' lang='lat' dir='ltr'><strong>foe·</strong></span> 
     </span>
     <span class='ocr_line' id='line_1_19' title="bbox 203 2661 1629 2781; baseline 0.005 -35"><span class='ocrx_word' id='word_1_145' title='bbox 203 2667 311 2764; x_wconf 77' lang='lat' dir='ltr'><strong>uiuis,</strong></span> <span class='ocrx_word' id='word_1_146' title='bbox 337 2692 427 2778; x_wconf 85' lang='lat' dir='ltr'><strong>quae</strong></span> <span class='ocrx_word' id='word_1_147' title='bbox 455 2665 506 2747; x_wconf 92' lang='lat' dir='ltr'><strong>de</strong></span> <span class='ocrx_word' id='word_1_148' title='bbox 534 2661 690 2745; x_wconf 80' lang='lat' dir='ltr'><strong>statibus</strong></span> <span class='ocrx_word' id='word_1_149' title='bbox 721 2666 929 2744; x_wconf 81' lang='lat' dir='ltr'><strong>animarum</strong></span> <span class='ocrx_word' id='word_1_150' title='bbox 953 2663 1226 2769; x_wconf 72' lang='lat' dir='ltr'><strong>pronuntiant,</strong></span> <span class='ocrx_word' id='word_1_151' title='bbox 1252 2687 1345 2745; x_wconf 91' lang='lat' dir='ltr'><strong>num</strong></span> <span class='ocrx_word' id='word_1_152' title='bbox 1370 2662 1443 2748; x_wconf 84' lang='lat' dir='ltr'><strong>fint</strong></span> <span class='ocrx_word' id='word_1_153' title='bbox 1467 2671 1510 2750; x_wconf 92' lang='lat' dir='ltr'><strong>in·</strong></span> <span class='ocrx_word' id='word_1_154' title='bbox 1535 2695 1629 2781; x_wconf 88' lang='lat' dir='ltr'><strong>pur·</strong></span> 
     </span>
     <span class='ocr_line' id='line_1_20' title="bbox 204 2769 1627 2888; baseline 0.005 -27"><span class='ocrx_word' id='word_1_155' title='bbox 204 2785 351 2885; x_wconf 74' lang='lat' dir='ltr'><strong>garneio,</strong></span> <span class='ocrx_word' id='word_1_156' title='bbox 369 2773 433 2862; x_wconf 86' lang='lat' dir='ltr'><strong>vel</strong></span> <span class='ocrx_word' id='word_1_157' title='bbox 448 2785 523 2879; x_wconf 81' lang='lat' dir='ltr'><strong>jam</strong></span> <span class='ocrx_word' id='word_1_158' title='bbox 543 2774 713 2888; x_wconf 68' lang='lat' dir='ltr'><strong>iponis</strong></span> <span class='ocrx_word' id='word_1_159' title='bbox 736 2769 932 2872; x_wconf 76' lang='lat' dir='ltr'><strong>absolutus,</strong></span> <span class='ocrx_word' id='word_1_160' title='bbox 958 2800 1056 2856; x_wconf 88' lang='lat' dir='ltr'><strong>num</strong></span> <span class='ocrx_word' id='word_1_161' title='bbox 1079 2771 1150 2859; x_wconf 81' lang='lat' dir='ltr'><strong>sint</strong></span> <span class='ocrx_word' id='word_1_162' title='bbox 1174 2778 1218 2858; x_wconf 89' lang='lat' dir='ltr'><strong>in</strong></span> <span class='ocrx_word' id='word_1_163' title='bbox 1239 2773 1369 2875; x_wconf 68' lang='lat' dir='ltr'><strong>cerlo,</strong></span> <span class='ocrx_word' id='word_1_164' title='bbox 1401 2775 1468 2863; x_wconf 90' lang='lat' dir='ltr'><strong>vel·</strong></span> <span class='ocrx_word' id='word_1_165' title='bbox 1487 2786 1527 2866; x_wconf 87' lang='lat' dir='ltr'><strong>in</strong></span> <span class='ocrx_word' id='word_1_166' title='bbox 1550 2807 1627 2868; x_wconf 84' lang='lat' dir='ltr'><strong>tar·</strong></span> 
     </span>
     <span class='ocr_line' id='line_1_21' title="bbox 204 2886 1626 3003; baseline 0.007 -31"><span class='ocrx_word' id='word_1_167' title='bbox 204 2898 296 2976; x_wconf 77' lang='lat' dir='ltr'><strong>oreis</strong></span> <span class='ocrx_word' id='word_1_168' title='bbox 320 2893 471 3003; x_wconf 65' lang='lat' dir='ltr'><strong>thymi,</strong></span> <span class='ocrx_word' id='word_1_169' title='bbox 487 2898 529 2974; x_wconf 88' lang='lat'>&amp;</span> <span class='ocrx_word' id='word_1_170' title='bbox 550 2919 646 2974; x_wconf 88' lang='lat' dir='ltr'><strong>num</strong></span> <span class='ocrx_word' id='word_1_171' title='bbox 671 2889 741 2977; x_wconf 84' lang='lat' dir='ltr'><strong>sint</strong></span> <span class='ocrx_word' id='word_1_172' title='bbox 762 2891 820 2976; x_wconf 85' lang='lat' dir='ltr'><strong>hae</strong></span> <span class='ocrx_word' id='word_1_173' title='bbox 848 2891 900 2974; x_wconf 87' lang='lat' dir='ltr'><strong>de</strong></span> <span class='ocrx_word' id='word_1_174' title='bbox 919 2890 992 2973; x_wconf 84' lang='lat' dir='ltr'><strong>hac</strong></span> <span class='ocrx_word' id='word_1_175' title='bbox 1012 2886 1233 2974; x_wconf 83' lang='lat' dir='ltr'><strong>infirmitate</strong></span> <span class='ocrx_word' id='word_1_176' title='bbox 1254 2889 1516 2994; x_wconf 67' lang='lat' dir='ltr'><strong>convalium,</strong></span> <span class='ocrx_word' id='word_1_177' title='bbox 1532 2924 1626 2983; x_wconf 92' lang='lat' dir='ltr'><strong>num</strong></span> 
     </span>
     <span class='ocr_line' id='line_1_22' title="bbox 203 2999 1628 3117; baseline 0.005 -27"><span class='ocrx_word' id='word_1_178' title='bbox 203 3004 425 3095; x_wconf 80' lang='lat' dir='ltr'><strong>deduceudae</strong></span> <span class='ocrx_word' id='word_1_179' title='bbox 456 3004 510 3090; x_wconf 69' lang='lat' dir='ltr'><strong>ad&#39;</strong></span> <span class='ocrx_word' id='word_1_180' title='bbox 542 3030 680 3117; x_wconf 81' lang='lat' dir='ltr'><strong>poenas</strong></span> <span class='ocrx_word' id='word_1_181' title='bbox 707 3009 854 3089; x_wconf 79' lang='lat' dir='ltr'><strong>mortis.</strong></span> <span class='ocrx_word' id='word_1_182' title='bbox 924 2999 1122 3088; x_wconf 77' lang='lat' dir='ltr'><strong>Revelnvit</strong></span> <span class='ocrx_word' id='word_1_183' title='bbox 1154 3007 1264 3089; x_wconf 82' lang='lat' dir='ltr'><strong>Deus</strong></span> <span class='ocrx_word' id='word_1_184' title='bbox 1288 3001 1411 3091; x_wconf 74' lang='lat' dir='ltr'><strong>multu</strong></span> <span class='ocrx_word' id='word_1_185' title='bbox 1434 3011 1628 3116; x_wconf 87' lang='lat' dir='ltr'><strong>ejusmodi</strong></span> 
     </span>
     <span class='ocr_line' id='line_1_23' title="bbox 203 3114 1629 3234; baseline 0.003 -28"><span class='ocrx_word' id='word_1_186' title='bbox 203 3145 276 3206; x_wconf 76' lang='lat' dir='ltr'><strong>ortu</strong></span> <span class='ocrx_word' id='word_1_187' title='bbox 291 3124 477 3234; x_wconf 80' lang='lat' dir='ltr'><strong>expedire</strong></span> <span class='ocrx_word' id='word_1_188' title='bbox 495 3121 745 3228; x_wconf 69' lang='lat' dir='ltr'><strong>judicaverim</strong></span> <span class='ocrx_word' id='word_1_189' title='bbox 771 3115 835 3204; x_wconf 83' lang='lat' dir='ltr'><strong>sed</strong></span> <span class='ocrx_word' id='word_1_190' title='bbox 857 3117 983 3202; x_wconf 89' lang='lat' dir='ltr'><strong>modo</strong></span> <span class='ocrx_word' id='word_1_191' title='bbox 1005 3121 1086 3202; x_wconf 83' lang='lat' dir='ltr'><strong>baec</strong></span> <span class='ocrx_word' id='word_1_192' title='bbox 1105 3114 1200 3231; x_wconf 77' lang='lat' dir='ltr'><strong>stipe</strong></span> <span class='ocrx_word' id='word_1_193' title='bbox 1215 3118 1410 3234; x_wconf 85' lang='lat' dir='ltr'><strong>finguntur</strong></span> <span class='ocrx_word' id='word_1_194' title='bbox 1437 3124 1488 3207; x_wconf 81' lang='lat' dir='ltr'><strong>ad</strong></span> <span class='ocrx_word' id='word_1_195' title='bbox 1508 3121 1629 3226; x_wconf 85' lang='lat' dir='ltr'><strong>luera,</strong></span> 
     </span>
    </p>
   </div>
   <div class='ocr_carea' id='block_1_8' title="bbox 202 3233 1799 3375">
    <p class='ocr_par' dir='ltr' id='par_1_8' title="bbox 202 3233 1799 3375">
     <span class='ocr_line' id='line_1_24' title="bbox 202 3233 1799 3375; baseline 0.006 -59"><span class='ocrx_word' id='word_1_196' title='bbox 202 3234 445 3375; x_wconf 58' lang='lat' dir='ltr'><strong>&amp;gloriolam</strong></span> <span class='ocrx_word' id='word_1_197' title='bbox 470 3236 715 3347; x_wconf 80' lang='lat' dir='ltr'><strong>captandam,</strong></span> <span class='ocrx_word' id='word_1_198' title='bbox 742 3233 962 3346; x_wconf 81' lang='lat' dir='ltr'><strong>foventque</strong></span> <span class='ocrx_word' id='word_1_199' title='bbox 978 3237 1107 3344; x_wconf 86' lang='lat' dir='ltr'><strong>potius</strong></span> <span class='ocrx_word' id='word_1_200' title='bbox 1129 3236 1336 3318; x_wconf 84' lang='lat' dir='ltr'><strong>humanam</strong></span> <span class='ocrx_word' id='word_1_201' title='bbox 1358 3237 1628 3339; x_wconf 74' lang='lat' dir='ltr'><strong>curiositatem,</strong></span> <span class='ocrx_word' id='word_1_202' title='bbox 1793 3277 1799 3282; x_wconf 92' lang='lat'><em>·</em></span> 
     </span>
    </p>
   </div>
   <div class='ocr_carea' id='block_1_9' title="bbox 202 3342 1630 3466">
    <p class='ocr_par' dir='ltr' id='par_1_9' title="bbox 202 3342 1630 3466">
     <span class='ocr_line' id='line_1_25' title="bbox 202 3342 1630 3466; baseline -0.001 -33"><span class='ocrx_word' id='word_1_203' title='bbox 202 3377 305 3463; x_wconf 79' lang='lat' dir='ltr'><strong>quam</strong></span> <span class='ocrx_word' id='word_1_204' title='bbox 328 3342 494 3465; x_wconf 79' lang='lat' dir='ltr'><strong>aliquod</strong></span> <span class='ocrx_word' id='word_1_205' title='bbox 521 3374 740 3461; x_wconf 85' lang='lat' dir='ltr'><strong>reportetur</strong></span> <span class='ocrx_word' id='word_1_206' title='bbox 769 3342 1094 3443; x_wconf 83' lang='lat' dir='ltr'><strong>emolumentum.</strong></span> <span class='ocrx_word' id='word_1_207' title='bbox 1177 3351 1217 3433; x_wconf 80' lang='lat' dir='ltr'><strong>si</strong></span> <span class='ocrx_word' id='word_1_208' title='bbox 1248 3352 1352 3435; x_wconf 88' lang='lat' dir='ltr'><strong>enim</strong></span> <span class='ocrx_word' id='word_1_209' title='bbox 1381 3356 1515 3439; x_wconf 80' lang='lat' dir='ltr'><strong>animoe</strong></span> <span class='ocrx_word' id='word_1_210' title='bbox 1537 3384 1630 3466; x_wconf 84' lang='lat' dir='ltr'><strong>pro.</strong></span> 
     </span>
    </p>
   </div>
   <div class='ocr_carea' id='block_1_10' title="bbox 198 3457 1757 3578">
    <p class='ocr_par' dir='ltr' id='par_1_10' title="bbox 198 3457 1757 3578">
     <span class='ocr_line' id='line_1_26' title="bbox 198 3457 1757 3578; baseline 0.009 -33"><span class='ocrx_word' id='word_1_211' title='bbox 198 3461 353 3550; x_wconf 79' lang='lat' dir='ltr'><strong>ferantur</strong></span> <span class='ocrx_word' id='word_1_212' title='bbox 376 3468 405 3551; x_wconf 81' lang='grc' dir='ltr'><strong>ὲ·</strong></span> <span class='ocrx_word' id='word_1_213' title='bbox 427 3471 654 3578; x_wconf 75' lang='lat' dir='ltr'><strong>purgatoriis</strong></span> <span class='ocrx_word' id='word_1_214' title='bbox 682 3467 811 3571; x_wconf 84' lang='lat' dir='ltr'><strong>poenis</strong></span> <span class='ocrx_word' id='word_1_215' title='bbox 848 3489 1013 3574; x_wconf 84' lang='lat' dir='ltr'><strong>ereprae,</strong></span> <span class='ocrx_word' id='word_1_216' title='bbox 1049 3457 1160 3548; x_wconf 88' lang='lat' dir='ltr'><strong>illico</strong></span> <span class='ocrx_word' id='word_1_217' title='bbox 1217 3459 1389 3570; x_wconf 62' lang='lat' dir='ltr'><strong>rudentes</strong></span> <span class='ocrx_word' id='word_1_218' title='bbox 1427 3462 1489 3552; x_wconf 87' lang='lat' dir='ltr'><strong>vel</strong></span> <span class='ocrx_word' id='word_1_219' title='bbox 1513 3475 1628 3571; x_wconf 75' lang='lat' dir='ltr'><strong>amici</strong></span> <span class='ocrx_word' id='word_1_220' title='bbox 1753 3550 1757 3559; x_wconf 89' lang='lat'>.</span> 
     </span>
    </p>
   </div>
   <div class='ocr_carea' id='block_1_11' title="bbox 193 3574 1634 4371">
    <p class='ocr_par' dir='ltr' id='par_1_11' title="bbox 193 3574 1634 4354">
     <span class='ocr_line' id='line_1_27' title="bbox 199 3574 1630 3692; baseline 0.004 -27"><span class='ocrx_word' id='word_1_221' title='bbox 199 3581 285 3665; x_wconf 79' lang='lat' dir='ltr'><strong>ituri</strong></span> <span class='ocrx_word' id='word_1_222' title='bbox 315 3581 463 3665; x_wconf 72' lang='lat' dir='ltr'><strong>fiducie</strong></span> <span class='ocrx_word' id='word_1_223' title='bbox 486 3577 642 3692; x_wconf 73' lang='lat' dir='ltr'><strong>pluuii</strong></span> <span class='ocrx_word' id='word_1_224' title='bbox 669 3574 850 3691; x_wconf 82' lang='lat' dir='ltr'><strong>suffragiis</strong></span> <span class='ocrx_word' id='word_1_225' title='bbox 872 3575 1102 3661; x_wconf 77' lang='lat' dir='ltr'><strong>exhibendis</strong></span> <span class='ocrx_word' id='word_1_226' title='bbox 1126 3605 1148 3661; x_wconf 89' lang='lat' dir='ltr'><strong>e</strong></span> <span class='ocrx_word' id='word_1_227' title='bbox 1223 3604 1279 3677; x_wconf 83' lang='lat' dir='ltr'><strong>nt,</strong></span> <span class='ocrx_word' id='word_1_228' title='bbox 1309 3585 1349 3664; x_wconf 81' lang='lat' dir='ltr'><strong>de</strong></span> <span class='ocrx_word' id='word_1_229' title='bbox 1368 3585 1408 3666; x_wconf 90' lang='lat' dir='ltr'><strong>in</strong></span> <span class='ocrx_word' id='word_1_230' title='bbox 1428 3580 1630 3671; x_wconf 74' lang='lat' dir='ltr'><strong>executio-⁹</strong></span> 
     </span>
     <span class='ocr_line' id='line_1_28' title="bbox 198 3688 1632 3812; baseline 0.006 -34"><span class='ocrx_word' id='word_1_231' title='bbox 198 3719 239 3778; x_wconf 90' lang='lat' dir='ltr'><strong>ue</strong></span> <span class='ocrx_word' id='word_1_232' title='bbox 262 3701 579 3780; x_wconf 78' lang='lat' dir='ltr'><strong>testamentorum</strong></span> <span class='ocrx_word' id='word_1_233' title='bbox 597 3690 696 3776; x_wconf 87' lang='lat' dir='ltr'><strong>fiunt</strong></span> <span class='ocrx_word' id='word_1_234' title='bbox 723 3688 1021 3805; x_wconf 80' lang='lat' dir='ltr'><strong>negligentes,li</strong></span> <span class='ocrx_word' id='word_1_235' title='bbox 1048 3699 1318 3779; x_wconf 74' lang='lat' dir='ltr'><strong>executionem</strong></span> <span class='ocrx_word' id='word_1_236' title='bbox 1338 3720 1524 3812; x_wconf 82' lang='lat' dir='ltr'><strong>tanquam</strong></span> <span class='ocrx_word' id='word_1_237' title='bbox 1547 3728 1632 3787; x_wconf 91' lang='lat' dir='ltr'><strong>non</strong></span> 
     </span>
     <span class='ocr_line' id='line_1_29' title="bbox 197 3803 1631 3924; baseline 0.004 -32"><span class='ocrx_word' id='word_1_238' title='bbox 197 3807 423 3898; x_wconf 76' lang='lat' dir='ltr'><strong>uereilariam</strong></span> <span class='ocrx_word' id='word_1_239' title='bbox 447 3809 672 3916; x_wconf 79' lang='lat' dir='ltr'><strong>dijudicant</strong></span> <span class='ocrx_word' id='word_1_240' title='bbox 727 3807 882 3913; x_wconf 77' lang='lat' dir='ltr'><strong>Quibus</strong></span> <span class='ocrx_word' id='word_1_241' title='bbox 904 3808 1003 3890; x_wconf 81' lang='lat' dir='ltr'><strong>verb</strong></span> <span class='ocrx_word' id='word_1_242' title='bbox 1025 3813 1108 3889; x_wconf 80' lang='lat' dir='ltr'><strong>vitae</strong></span> <span class='ocrx_word' id='word_1_243' title='bbox 1135 3803 1307 3892; x_wconf 84' lang='lat' dir='ltr'><strong>mortalis</strong></span> <span class='ocrx_word' id='word_1_244' title='bbox 1336 3807 1476 3897; x_wconf 81' lang='lat' dir='ltr'><strong>dilatio·</strong></span> <span class='ocrx_word' id='word_1_245' title='bbox 1496 3841 1631 3924; x_wconf 87' lang='lat' dir='ltr'><strong>repro·</strong></span> 
     </span>
     <span class='ocr_line' id='line_1_30' title="bbox 197 3915 1634 4038; baseline 0 -26"><span class='ocrx_word' id='word_1_246' title='bbox 197 3931 363 4024; x_wconf 83' lang='lat' dir='ltr'><strong>mittitur,</strong></span> <span class='ocrx_word' id='word_1_247' title='bbox 394 3927 513 4011; x_wconf 79' lang='lat' dir='ltr'><strong>adeo&#39;</strong></span> <span class='ocrx_word' id='word_1_248' title='bbox 530 3917 717 4005; x_wconf 85' lang='lat' dir='ltr'><strong>socoides</strong></span> <span class='ocrx_word' id='word_1_249' title='bbox 750 3919 848 4004; x_wconf 82' lang='lat' dir='ltr'><strong>fiunt</strong></span> <span class='ocrx_word' id='word_1_250' title='bbox 882 3921 937 4004; x_wconf 89' lang='lat' dir='ltr'><strong>de</strong></span> <span class='ocrx_word' id='word_1_251' title='bbox 963 3915 1214 4030; x_wconf 86' lang='lat' dir='ltr'><strong>dispofitione</strong></span> <span class='ocrx_word' id='word_1_252' title='bbox 1238 3929 1373 4009; x_wconf 80' lang='lat' dir='ltr'><strong>nnimae</strong></span> <span class='ocrx_word' id='word_1_253' title='bbox 1401 3925 1634 4038; x_wconf 76' lang='lat' dir='ltr'><strong>profutura</strong></span> 
     </span>
     <span class='ocr_line' id='line_1_31' title="bbox 196 4031 1633 4152; baseline 0.003 -30"><span class='ocrx_word' id='word_1_254' title='bbox 196 4044 269 4143; x_wconf 82' lang='lat' dir='ltr'><strong>nn,</strong></span> <span class='ocrx_word' id='word_1_255' title='bbox 294 4067 336 4128; x_wconf 89' lang='lat' dir='ltr'><strong>ut</strong></span> <span class='ocrx_word' id='word_1_256' title='bbox 366 4035 467 4126; x_wconf 81' lang='lat' dir='ltr'><strong>nibil</strong></span> <span class='ocrx_word' id='word_1_257' title='bbox 499 4043 676 4150; x_wconf 72' lang='lat' dir='ltr'><strong>cogitent</strong></span> <span class='ocrx_word' id='word_1_258' title='bbox 706 4036 757 4120; x_wconf 89' lang='lat' dir='ltr'><strong>de</strong></span> <span class='ocrx_word' id='word_1_259' title='bbox 779 4031 855 4119; x_wconf 84' lang='lat' dir='ltr'><strong>illa.</strong></span> <span class='ocrx_word' id='word_1_260' title='bbox 931 4032 1064 4143; x_wconf 58' lang='lat' dir='ltr'><strong>Multo</strong></span> <span class='ocrx_word' id='word_1_261' title='bbox 1091 4032 1172 4121; x_wconf 82' lang='lat' dir='ltr'><strong>eliae</strong></span> <span class='ocrx_word' id='word_1_262' title='bbox 1208 4033 1379 4150; x_wconf 70' lang='lat' dir='ltr'><strong>persone</strong></span> <span class='ocrx_word' id='word_1_263' title='bbox 1413 4043 1565 4152; x_wconf 83' lang='lat' dir='ltr'><strong>fingunt</strong></span> <span class='ocrx_word' id='word_1_264' title='bbox 1592 4040 1633 4136; x_wconf 80' lang='lat' dir='ltr'><strong>se</strong></span> 
     </span>
     <span class='ocr_line' id='line_1_32' title="bbox 193 4145 1631 4354; baseline -0.004 -112"><span class='ocrx_word' id='word_1_265' title='bbox 193 4151 318 4247; x_wconf 73' lang='lat' dir='ltr'><strong>hune</strong></span> <span class='ocrx_word' id='word_1_266' title='bbox 333 4151 631 4248; x_wconf 76' lang='lat' dir='ltr'><strong>revelationem</strong></span> <span class='ocrx_word' id='word_1_267' title='bbox 654 4152 710 4239; x_wconf 89' lang='lat' dir='ltr'><strong>de</strong></span> <span class='ocrx_word' id='word_1_268' title='bbox 729 4145 908 4250; x_wconf 75' lang='lat' dir='ltr'><strong>demitis,</strong></span> <span class='ocrx_word' id='word_1_269' title='bbox 926 4175 1073 4354; x_wconf 54' lang='lat' dir='ltr'><strong>neknpe</strong></span> <span class='ocrx_word' id='word_1_270' title='bbox 1089 4151 1190 4238; x_wconf 82' lang='lat' dir='ltr'><strong>bane</strong></span> <span class='ocrx_word' id='word_1_271' title='bbox 1219 4146 1404 4240; x_wconf 73' lang='lat' dir='ltr'><strong>velillum</strong></span> <span class='ocrx_word' id='word_1_272' title='bbox 1425 4147 1631 4351; x_wconf 53' lang='lat' dir='ltr'><strong>personasqr</strong></span> 
     </span>
    </p>

    <p class='ocr_par' dir='ltr' id='par_1_12' title="bbox 1037 4291 1634 4371">
     <span class='ocr_line' id='line_1_33' title="bbox 1037 4291 1634 4371; baseline 0.002 -18"><span class='ocrx_word' id='word_1_273' title='bbox 1037 4291 1059 4371; x_wconf 78' lang='lat'>3</span> <span class='ocrx_word' id='word_1_274' title='bbox 1558 4297 1579 4351; x_wconf 88' lang='lat' dir='ltr'><strong>e</strong></span> <span class='ocrx_word' id='word_1_275' title='bbox 1610 4298 1634 4354; x_wconf 88' lang='lat' dir='ltr'><strong>e</strong></span> 
     </span>
    </p>
   </div>
   <div class='ocr_carea' id='block_1_12' title="bbox 0 0 1855 4988">
    <p class='ocr_par' dir='ltr' id='par_1_13' title="bbox 0 0 1855 4988">
     <span class='ocr_line' id='line_1_34' title="bbox 0 0 1855 4988; baseline 0 0"><span class='ocrx_word' id='word_1_276' title='bbox 0 0 1855 4988; x_wconf 95' lang='lat' dir='ltr'><strong> </strong></span> 
     </span>
    </p>
   </div>
  </div>
 </body>
</html>
