3772 4988
419 228 423 237 Ι
561 453 567 471 ,
604 300 708 445 lieg.
735 298 844 410 Gen.
877 336 935 406 ex
963 307 1016 405 P.
1050 299 1266 408 Graoina.
1588 341 1613 427 3
1625 340 1649 438 5

212 510 359 601 'liebus
383 516 436 597 ³&
466 510 762 626 Inquifitoribus
782 517 825 595 in
841 519 920 597 hac
946 537 989 595 re
1021 534 1123 623 opus
1147 511 1201 593 est
1243 511 1382 594 intiba
1411 497 1653 614 fortitudine,

213 654 264 712 ne
274 635 474 713 veritatem
493 629 663 738 prodant
683 632 722 709 vi
738 651 808 708 aut
825 652 944 720 metu,
969 619 1036 706 sed
1058 624 1240 733 detegant
1254 619 1431 706 falstates
1444 651 1509 706 aut
1526 631 1653 735 impof

209 745 466 851 liuram-quas
493 745 536 820 in
566 734 773 850 Religionis
800 741 956 822 materia
982 736 1197 818 obtrudere
1225 732 1325 818 velle
1353 738 1653 845 pernitiosissima

207 881 268 935 res
294 857 366 952 est,
394 858 435 933 δι
463 856 630 934 immane
656 848 900 961 sacrilegium.
969 847 1280 932 Irnmobilitatem
1312 857 1424 932 etiam
1454 853 1651 962 quandam

207 970 252 1048 iis
281 966 575 1048 subministrabit
596 966 737 1058 DEus,
777 989 819 1047 ut
841 963 1129 1046 contradicente
1160 967 1198 1042 δι
1234 955 1482 1072 obloquente
1516 967 1649 1076 vulgo,

207 1077 411 1163 vistonistis
430 1078 657 1180 huiusmodi
689 1071 855 1170 affesio,
889 1100 970 1158 non
1000 1069 1196 1157 declinent
1216 1075 1267 1155 ad
1291 1102 1462 1157 murmur
1500 1101 1650 1162 eorum.

207 1194 311 1274 Non
332 1215 470 1273 curent
487 1217 587 1302 ergo
620 1184 725 1301 vulgi
757 1190 940 1283 dicteria,
969 1185 1113 1271 etiamst
1139 1189 1350 1298 praetextati
1380 1193 1420 1268 δι
1448 1191 1650 1279 candidati

208 1302 278 1386 sint
301 1299 567 1413 applausoress
605 1308 646 1386 in
679 1301 895 1408 judicandis
922 1304 1023 1382 enim
1053 1302 1111 1383 his
1147 1302 1313 1413 personis
1342 1300 1486 1383 habent
1512 1308 1650 1387 certius

211 1410 355 1513 lumen,
384 1444 470 1527 quo
495 1415 656 1500 visiones
683 1410 791 1497 falsas
814 1411 839 1497 ὲ
865 1418 963 1496 veris
984 1409 1208 1497 discernant
1268 1414 1392 1524 Qrod
1418 1413 1443 1495 st
1466 1411 1650 1499 inclinant

212 1530 261 1610 ad
286 1529 478 1630 ejusmodi
500 1523 680 1638 personas
695 1523 909 1617 laudandas
927 1523 990 1613 vel
1008 1526 1292 1636 approbandas,
1314 1520 1561 1611 nihilominus
1586 1556 1649 1614 eas

212 1645 412 1750 increpent
429 1640 481 1723 ad
500 1640 746 1751 probandum
777 1666 913 1723 ιοιιιιιι
936 1636 1104 1749 spiritum
1135 1640 1185 1721 ad
1205 1642 1461 1723 imbutionem
1487 1646 1648 1733 Patriae·

214 1757 292 1835 cha·
315 1752 458 1853 Jacob,
487 1757 557 1866 qui
582 1750 795 1864 Josephurn
825 1776 1039 1837 narrantem
1066 1746 1130 1835 sua
1157 1750 1303 1836 somnia
1328 1754 1563 1864 increpavit,
1588 1761 1648 1839 in·

213 1889 314 1951 terea
335 1867 430 1949 verit
446 1861 575 1949 secum
600 1868 839 1952 remiacitur
862 1859 1128 1975 cntrfiderabat.

315 2046 486 2177 Regula
515 2044 560 2145 6.
596 2037 647 2142 Si
669 2037 857 2158 forma,
892 2036 1101 2157 modus,
1138 2032 1535 2164 circumstantiae,
1559 2072 1650 2160 aut

215 2183 415 2319 effebus
447 2186 779 2319 apparitionis
808 2190 1075 2291 continent
1110 2178 1332 2318 aliquam
1356 2185 1650 2300 deformita-

217 2348 348 2442 tem,
382 2332 708 2437 vanitatem,
744 2322 1053 2458 superbiam,
1087 2326 1491 2456 turpitudinem
1543 2363 1649 2438 cera

215 2488 329 2569 'tum
366 2465 461 2580 est,
495 2465 741 2565 vifionem
777 2461 868 2566 esse
904 2463 932 2566 a
967 2459 1257 2587 Doemone3
1301 2493 1393 2600 qm
1419 2487 1544 2601 angeli
1572 2493 1684 2579 bo·

217 2611 253 2690 ni
270 2628 474 2715 nunquam
491 2606 530 2684 in
547 2601 773 2709 hujusmodi
793 2604 988 2685 imitantur
1009 2597 1146 2684 malos.
1227 2603 1444 2686 Ecotttrast
1470 2610 1509 2686 in
1535 2606 1648 2691 visio·

217 2749 262 2802 ne
288 2714 386 2801 absit
413 2720 539 2798 omnis
569 2717 809 2815 inhonestas,
843 2741 909 2798 aut
945 2712 1192 2812 deformitas,
1224 2744 1309 2803 non
1335 2713 1470 2826 eoipso
1499 2738 1649 2806 certum

217 2834 278 2927 est,
307 2829 496 2915 visionem
523 2824 599 2910 esse
622 2830 644 2910 i
668 2827 781 2911 bono
809 2824 965 2939 angelo,
985 2833 1081 2941 quia
1099 2827 1228 2941 angeli
1249 2825 1338 2912 mali
1361 2832 1553 2916 imitantur
1574 2835 1650 2918 bo·

216 2973 296 3029 nos.
361 2988 376 3001 -
408 2942 473 3024 Ad
500 2943 599 3024 banc
632 2934 803 3054 reguiam
831 2935 1125 3053 intelligendam
1159 2940 1380 3038 sciendum,
1412 2947 1526 3055 quod
1554 2948 1649 3032 visto

215 3049 431 3174 sttriplex5
458 3050 638 3137 videlicet
656 3049 881 3164 corpoialis,
903 3057 1135 3167 imaginaria,
1158 3061 1198 3137 δι
1219 3050 1499 3140 intellectualis.
1558 3061 1650 3146 Cor-

209 3168 352 3282 patalis
374 3170 442 3264 est,
471 3167 566 3249 dum
587 3171 841 3251 exterioribus
866 3164 1032 3250 sensibus
1055 3167 1233 3272 objicitur
1260 3196 1322 3253 res
1344 3171 1493 3253 babens
1511 3171 1652 3286 signifi-
1711 3198 1714 3203 ·

216 3290 406 3368 cntionem
425 3281 652 3394 mysticam,
691 3305 735 3363 ut
766 3280 859 3363 dum
885 3279 1081 3365 Abraham
1113 3281 1367 3372 exterioribus
1403 3278 1525 3368 oculis
1554 3291 1652 3373 vidit

216 3420 286 3481 tres
310 3390 486 3508 angelos.
546 3394 803 3510 'Imaginaria
828 3395 901 3494 est,
934 3393 1031 3476 ‹lurn
1058 3399 1101 3479 in
1129 3400 1405 3508 imaginatione
1429 3404 1653 3510 imprimun-

216 3534 272 3594 tur
299 3502 361 3593 vel
390 3511 605 3591 excitantur
628 3503 772 3618 species
807 3502 1068 3618 corporalium
1106 3536 1232 3592 rerum
1261 3509 1485 3611 habentium
1522 3544 1566 3596 m
1596 3520 1655 3599 sti·

219 3651 293 3707 crm
335 3621 689 3734 fignificationem3
746 3641 789 3702 ut
822 3621 916 3702 dum
957 3620 1084 3723 Jacob
1115 3625 1157 3705 in
1185 3617 1324 3704 somno
1358 3624 1455 3707 uidit
1489 3547 1653 3713 scalam.

215 3731 475 3823 Intestiiualis
498 3734 575 3828 est,
604 3731 696 3814 dum
722 3737 842 3815 menti
867 3740 1086 3843 aperiuntur
1117 3762 1177 3818 tes
1203 3758 1271 3818 aut
1301 3741 1478 3820 veritates
1510 3739 1655 3833 nullam

215 3848 397 3936 habentes
423 3843 598 3929 sormam
619 3840 859 3942 sensibilem,
889 3870 932 3930 ut
950 3846 1048 3930 dum
1074 3845 1300 3962 fignificatio
1327 3850 1481 3935 visionis
1512 3880 1654 3966 corpo-
1692 3924 1707 3939 ,

217 3960 291 4052 talis
310 3990 380 4053 aut
403 3961 646 4072 imaginaria
669 3961 848 4071 aperitur.
977 3957 993 3981 ‘

950 4200 1037 4291 Ea
1228 4284 1240 4313 -.
1374 4234 1378 4241 ·
1536 4204 1653 4288 Circa
