3772 4988
598 345 707 471 Reg.-
726 326 883 434 Praei,
898 364 955 430 ex
976 338 1030 432 P.
1056 333 1287 485 Graviora,
1579 371 1651 467 47

230 558 242 584 ‘
314 547 477 638 Odava
503 537 614 657 causti
649 546 726 639 est,
773 545 865 654 quia
897 541 1066 624 doemon
1089 568 1158 651 per
1188 530 1365 624 mulieres
1392 540 1652 630 mediantibus
1730 526 1733 537 ¹

209 664 393 768 eiusmodi
430 656 640 743 visonibus
679 654 821 741 multas·
849 652 964 739 sellas
1003 663 1042 736 δε
1083 683 1229 737 errores
1269 656 1497 740 introduxit.
1571 662 1651 759 Sic,

207 809 314 893 prout
340 772 524 862 observat
551 779 813 885 Hieronymus
833 771 882 852 ad
903 768 1371 878 Ctesiphontem,Simon·
1389 796 1522 882 magus
1547 768 1651 860 satam

209 893 358 980 heresin
400 888 582 973 condidit
619 888 770 991 adjutus
805 880 949 966 auxilio
984 880 1147 967 Helenor
1186 888 1394 966 meretricis
1430 885 1653 976 vifionariaa

211 1015 381 1094 Marcion
404 1009 571 1089 Romam
591 1000 765 1112 premisit
783 996 984 1082 unalierem
1007 997 1260 1111 vistonariam‚
1287 1025 1373 1111 quae
1398 998 1654 1111 decipiendos

211 1131 355 1208 animos
376 1142 615 1231 praepararet.
680 1111 838 1225 Apelles
863 1110 1011 1196 litatum
1034 1112 1298 1195 doctrinarum
1316 1118 1506 1197 comitem·
1521 1118 1658 1203 babuit

213 1234 476 1323 philomenam
508 1229 762 1313 visionariam.
821 1233 1033 1310 Montanus
1059 1254 1127 1338 per
1152 1223 1312 1310 Priscam
1339 1232 1377 1307 δε
1403 1229 1656 1318 Maximillam

192 1348 345 1436 ¹multas
366 1347 547 1432 foeminas
577 1343 705 1427 h'aerefi
733 1335 884 1454 polluit.
957 1344 1013 1423 lta
1039 1347 1159 1425 etiam
1186 1341 1355 1454 begardi·
1377 1369 1448 1453 per
1466 1349 1659 1461 Beguinas
1730 1389 1733 1395 ·

217 1466 428 1553 tillouarias
445 1457 528 1544 suas
551 1453 840 1541 disseminarunt
864 1457 1036 1539 haereses,

321 1615 486 1722 Itaque,
511 1609 690 1720 quamvis
715 1598 854 1716 aliqua
885 1595 1062 1686 mulieres
1090 1601 1297 1688 videantur·
1314 1598 1388 1691 esse
1416 1611 1491 1719 pire
1511 1636 1557 1694 ac
1575 1610 1664 1698 reli.

223 1724 339 1839 giosae,
366 1751 448 1808 non
470 1747 676 1836 propterea
703 1717 1004 1831 negligendum,
1032 1720 1127 1828 quin
1151 1714 1285 1830 eoipso
1312 1719 1481 1806 debeant
1515 1734 1663 1815 cautius

227 1842 449 1933 examinari,
492 1840 585 1947 quia
621 1831 690 1917 sub
724 1828 849 1946 specie
884 1837 977 1916 redii
1009 1832 1215 1943 pernitiosa
1249 1832 1459 1945 muscipula
1493 1848 1665 1951 ponitur.

229 1963 320 2039 Hinc
346 1959 384 2035 &
416 1947 595 2034 diabolus
623 1975 694 2061 per
729 1940 908 2031 mulieres
932 1943 1126 2058 religiosas
1154 1963 1288 2031 conua
1320 1949 1479 2034 Paulum
1504 1960 1543 2037 dt
1574 1964 1671 2044 Bar·¹
1803 2022 1819 2069 -x

231 2071 360 2152 trabam
386 2064 615 2148 seditionem
645 2060 805 2145 movisse
825 2061 980 2174 legitur,
1002 2087 1044 2143 ut
1068 2061 1233 2145 babetur
1256 2059 1346 2148 Ass.
1368 2095 1431 2168 ¹3·
1450 2063 1581 2178 judei
1598 2101 1670 2159 au.

233 2192 293 2268 iem
312 2184 608 2268 concitaverunt
628 2173 800 2263 mulieres
825 2175 1015 2290 religiosas
1031 2172 1089 2270 Θ*
1112 2172 1300 2289 honestas,-
1317 2174 1377 2275 δ’
1396 2186 1671 2279 excitaverunt

230 2297 503 2412 ptrftrutionem
525 2295 565 2378 in
591 2287 749 2378 Paulum
770 2288 828 2387 &⁴
847 2290 1086 2377 Barnabam,

330 2433 500 2561 Regula
541 2463 582 2527 2.
634 2425 860 2527 Visiones
893 2419 946 2527 dt
974 2429 1314 2559 apparitiones
1332 2429 1673 2567 personatum
1840 2519 1845 2537 .

238 2565 532 2673 habentium
569 2564 730 2671 visum
764 2564 843 2670 uel
877 2561 1113 2672 auditum
1151 2563 1397 2690 debilem,
1432 2577 1521 2691 nist
1551 2611 1671 2687 con·
1827 2643 1841 2653 -

240 2733 434 2815 currant
482 2706 663 2814 indicia
707 2707 905 2815 aliunde
940 2732 1074 2814 certa
1085 2784 1104 2827 ,1
1145 2703 1200 2816 dt
1242 2741 1366 2817 cum
1420 2715 1673 2830 debilitate

241 2859 388 2957 seusus
427 2875 697 2955 concurrat
740 2860 1038 2989 imaginatio
1088 2849 1270 2973 fortis,
1316 2861 1677 2994 praesumendae

240 2998 345 3099 lunt
380 2989 473 3096 esse
508 3024 661 3096 merae
691 2993 952 3098 illusiones.
1063 3021 1180 3103 Ratio
1198 3022 1276 3121 cll,
1294 3028 1385 3135 quia
1412 3027 1479 3111 ubi
1506 3033 1571 3112 ista
1590 3032 1678 3121 duo

173 3184 176 3189 ·
240 3136 398 3220 fimulin
424 3135 567 3218 eodem
592 3135 752 3218 bomine
777 3159 1037 3231 concurrunt,
1067 3159 1209 3247 nempe
1239 3135 1411 3222 sensuum
1443 3148 1680 3238 exteriorum
1810 3222 1814 3229 .

242 3246 440 3344 debilitas,
479 3252 517 3330 dt
539 3252 764 3360 imaginatio
800 3246 934 3345 sortis,
966 3245 1154 3332 satillimae
1194 3248 1276 3333 suut
1301 3248 1510 3354 illusiones,
1543 3288 1585 3344 ut
1613 3292 1681 3350 ex·

243 3362 373 3478 empsit
404 3359 654 3476 sequentibus
689 3361 928 3446 manifestum
959 3362 1038 3448 fiet.
1111 3366 1174 3448 Sic
1202 3365 1427 3453 Aristoteles
1454 3403 1490 3474 3.
1511 3357 1685 3472 Mereor.

244 3483 291 3564 C.
312 3517 352 3582 4.
373 3504 520 3562 narrat:
557 3475 842 3589 Antiphontem
868 3474 1016 3587 semper
1037 3502 1127 3560 ante
1145 3474 1284 3563 oculos
1307 3477 1394 3566 suos
1415 3476 1547 3573 vidisse
1568 3493 1685 3580 fimu-

243 3590 378 3679 lactum
413 3594 613 3679 bominiss
665 3619 751 3705 quat
775 3587 900 3675 illusio
936 3581 1193 3702 proveniebait
1222 3621 1372 3694 exeo,
1409 3608 1502 3714 quia
1526 3605 1684 3700 'macula
1841 3612 1849 3621 '

245 3713 416 3823 quedam
453 3711 496 3789 in
534 3701 654 3790 oculo
698 3707 859 3790 existens
897 3702 1167 3817 resplendebat
1215 3713 1254 3793 in
1294 3739 1477 3802 corneam
1518 3730 1689 3814 tunicam

247 3824 368 3924 oculi,
406 3850 499 3937 quae
535 3845 720 3932 tanquam
760 3816 954 3932 speculum
994 3848 1208 3904 concavum
1242 3822 1444 3913 deserebat
1479 3838 1697 3948 imaginem
1745 3913 1748 3919 .

246 3948 315 4044 eius
339 3933 506 4026 maculae
533 3961 604 4044 pet
626 3931 810 4045 pupillam
837 3939 876 4016 in
900 3939 1123 4036 interiorem
1151 3940 1352 4023 cavitatem
1376 3943 1508 4036 oculis
1536 3957 1690 4042 beirna.

249 4081 293 4166 go
315 4051 478 4145 maculae
505 4047 562 4135 fic
587 4048 740 4158 depicta
768 4054 807 4132 in
835 4044 982 4144 oculo,
1012 4048 1107 4132 dum
1144 4051 1274 4156 adiuta
1304 4082 1385 4141 erat
1407 4088 1481 4170 per
1505 4068 1716 4178 imagina·'

247 4177 376 4263 tionem
408 4169 596 4262 fortem,
624 4162 820 4250 referebat
850 4164 1295 4281 phantafiaeumagineru
1310 4172 1492 4264 hominis.
1545 4181 1695 4269 Aristo·
1783 4174 1793 4185 “

718 4326 720 4331 ·
1058 4331 1070 4345 ·
1283 4291 1309 4333 ’·
1566 4343 1570 4347 ·
1598 4295 1695 4386 teies
