3796 4994
496 299 1436 449 PraefationesffliuMfflaed‘Agy‘s‘t
1503 268 1506 272 -
1574 347 1703 448 477*
1830 310 1835 321 ι

237 517 307 611 Ne
320 516 506 602 concidas
534 568 550 584 ·
579 519 702 603 tende
721 518 772 603 ad
790 509 1072 632 perfectionem
1087 542 1158 627 per
1170 517 1426 603 imitationem
1440 515 1527 600 vite
1544 522 1681 607 uve·-

233 638 356 748 giniar
386 629 559 716 describe
582 660 666 717 eam
690 630 857 719 secunda
880 641 978 734 vice,
1003 630 1185 728 &adde,
1220 657 1308 745 qua
1329 634 1372 717 in
1396 634 1517 743 priori
1543 628 1681 724 descri-

262 753 370 833 u'one
396 748 556 831 deerant
582 795 601 813 ·
830 756 835 767 '

231 775 275 861 R
351 889 416 959 17·
443 865 555 944 Tunc
576 858 672 955 vidi,
690 864 730 942 dc
748 852 877 943 au'dIvi
890 864 934 943 B.
957 858 1156 972 Virginem
1171 855 1388 942 dicentem:
1415 857 1610 946 Nondum
1627 868 1678 951 α’

229 974 371 1060 arbore
395 977 502 1073 vitat,
539 1001 587 1057 ex
616 974 783 1069 historia,
819 998 938 1085 quam
962 969 1143 1082 scripfisli,
1165 967 1577 1083 decmpfilli'fiudtum,
1601 1001 1677 1062 nec

227 1090 431 1201 pervenisti
453 1086 503 1168 ad
521 1080 732 1171 medullam
751 1091 831 1191 ejus
847 1082 1071 1179 substantiae.
1083 1096 1116 1153 ‘-
1157 1085 1339 1169 ''Obt'inui
1357 1083 1380 1169 al
1399 1087 1507 1183 Deo,
1528 1111 1571 1171 ut
1583 1107 1676 1200 pot·

217 1202 294 1287 fun
317 1228 358 1286 te
380 1228 581 1297 exornare,
608 1224 650 1284 ut
664 1206 740 1304 jam
761 1225 842 1289 non
862 1198 1038 1283 attendas
1067 1200 1119 1282 ad
1145 1200 1340 1283 materiale
1361 1199 1472 1307 hujus
1494 1203 1674 1302 historia,

226 1308 294 1399 sed
312 1317 364 1400 ad
386 1309 591 1410 essentiale,
607 1318 647 1397 in
664 1339 749 1428 quo
767 1337 807 1397 te
826 1308 949 1425 solum
963 1309 1106 1397 habeas
1122 1315 1236 1397 instat
1253 1315 1503 1397 instrumenti.
1560 1320 1676 1403 Tunc

226 1434 271 1514 ll.
291 1433 414 1543 Virgo
432 1456 497 1514 me
514 1430 639 1512 induit
660 1424 826 1511 candida
847 1424 964 1521 vesle,
986 1430 1026 1509 dt
1050 1428 1169 1511 cinxit
1192 1421 1369 1539 cingulo,
1398 1430 1439 1510 &
1460 1427 1575 1513 dixit:
1603 1432 1677 1516 Do

228 1542 300 1627 tibi
328 1571 455 1629 meam
488 1540 804 1627 benedictionem
829 1538 881 1623 ad
917 1534 1209 1627 describendam
1234 1538 1400 1627 secunda
1428 1544 1515 1629 vice
1545 1568 1676 1635 meam

227 1659 346 1742 vitam
368 1652 437 1740 sub
464 1684 549 1739 mea
574 1657 789 1740 duellione
816 1658 856 1737 dr
884 1651 1093 1740 allistentia.
1152 1741 1164 1749 ,,
1204 1738 1210 1751 ,

343 1789 409 1862 18.
434 1773 550 1854 Liber
568 1773 631 1853 lric
652 1768 846 1853 dividetur
869 1770 909 1851 11
933 1791 1011 1851 tres
1031 1790 1170 1879 parter,
1193 1770 1234 1867 &.
1256 1772 1349 1853 odio
1369 1762 1505 1856 libror.

346 1912 410 1978 19·
441 1890 492 1967 Ut
512 1881 658 1982 sciatur,
674 1881 839 1995 quando
854 1874 1075 1994 scripserim,
1087 1878 1318 1978 notandum,
1334 1883 1448 1997 quod
1468 1909 1577 1970 meus
1597 1888 1672 1973 Pa·

224 2000 499 2082 1118180111
529 2000 610 2082 lvoc
637 1996 909 2097 monasterium
945 1996 1225 2079 'conslruuerint
1266 2020 1314 2079 ex
1344 1990 1547 2085 voluntate
1576 2002 1672 2102 Dei,

220 2139 345 2223 quam
370 2138 458 2195 mea
485 2136 608 2197 mater
629 2113 817 2224 coguovit
838 2136 910 2223 per
929 2103 1219 2215 revelationem.
1273 2110 1464 2196 Fundttio
1489 2104 1671 2201 sadia'esl

225 2238 349 2319 1619.
380 2255 445 2325 13.
463 2227 653 2328 Januarii‚
681 2223 848 2337 quodie
874 2226 990 2308 etiam
1010 2247 1132 2308 mater
1156 2249 1244 2309 mea
1278 2249 1366 2311 cum
1392 2218 1545 2313 duabus
1571 2232 1671 2316 meir

219 2335 414 2426 sororibus
439 2342 614 2425 habitum
636 2333 855 2457 religiosum
876 2333 1046 2451 suscepit.
1103 2342 1216 2422 Pater
1237 2364 1403 2452 quoque
1420 2335 1577 2453 suscepit
1592 2344 1669 2429 Or·

220 2455 356 2539 dinem
377 2456 418 2540 S.
432 2449 620 2538 Francisci'
639 2479 727 2536 cum
746 2449 902 2537 duobus
917 2448 1018 2550 filiis,
1041 2455 1081 2534 in
1100 2476 1183 2563 quo
1208 2455 1246 2532 &
1267 2450 1392 2537 111611
1414 2455 1524 2538 obiit
1580 2459 1668 2541 Ma·

219 2591 282 2653 ter
299 2597 388 2654 mea
411 2594 564 2653 mecum
588 2558 894 2678 Velumaecepit
916 2576 1095 2648 1610.1.
1117 2562 1321 2647 Februarii
1377 2572 1532 2652 061110
1558 2593 1667 2655 anno

218 2684 309 2796 poll
329 2678 623 2777 fundationem,
641 2705 784 2790 nempe
807 2693 928 2778 1627,
946 2674 1133 2792 vigefi'mo
1152 2682 1292 2789 quinto
1312 2703 1408 2765 mear
1425 2684 1543 2767 aetatit
1567 2680 1673 2767 obo-

219 2796 367 2889 dientia
391 2799 484 2881 mihi
507 2790 689 2879 Officium
712 2788 969 2904 Superiorvssae
988 2795 1175 2911 11111111.
1231 2794 1381 2877 Decem
1404 2798 1513 2903 annis
1541 2790 1667 2881 subso-

219 2900 431 3023 q'uentibus
456 2905 552 3021 sape
573 2908 596 2994 1
614 2910 760 2993 Deo&
784 2913 828 2992 B.
849 2910 1009 3020 Virgine
1030 2898 1258 2991 ,mindaturn
1279 2912 1424 3021 accepi,
1444 2933 1485 2992 ut
1505 2904 1665 2998 scribam

218 3029 337 3109 vitam
358 3030 404 3109 B.
431 3026 615 3138 Virginisa
651 3043 742 3106 toto
763 3044 891 3106 tamen
912 3024 994 3105 hoc
1027 3047 1208 3131 tempore
1234 3049 1312 3131 pra
1335 3049 1440 3104 meru
1459 3026 1498 3105 &
1521 3025 1665 3108 mode·

218 3140 287 3224 iiia
304 3140 419 3223 restiti
437 3163 561 3240 usque
581 3136 801 3221 adannum
831 3151 879 3218 16
889 3163 957 3236 37,
980 3161 1064 3247 quo
1082 3139 1205 3245 prima
1224 3137 1310 3217 vice
1333 3160 1419 3218 eam
1439 3138 1555 3220 vitam
1575 3132 1664 3222 scri·

217 3252 315 3341 bere
331 3256 447 3367 coepi.
501 3254 712 3363 Postquam
731 3277 834 3363 opus
859 3243 1161 3361 compleveram,
1176 3238 1274 3343 illud
1300 3246 1484 3333 combuffi
1513 3277 1602 3334 cunr
1623 3272 1665 3334 a·

217 3362 279 3453 liis
303 3376 398 3451 meis
419 3362 685 3477 Manuscriptis
708 3389 790 3448 tum
818 3388 977 3477 propter
999 3364 1207 3447 anxietates
1232 3356 1484 3460 conscientie,
1505 3387 1587 3449 turn
1612 3392 1664 3453 ex
1733 3406 1738 3410 ·

220 3477 383 3566 consilio
404 3476 558 3588 alicujus
583 3473 829 3576 confessarii,
847 3484 916 3591 qui
940 3480 1033 3563 mihi
1053 3478 1164 3560 datus
1192 3501 1273 3561 erat
1300 3480 1339 3561 in'
1366 3477 1534 3563 absentia
1548 3480 1664 3565 Con·

218 3592 355 3679 sellarii
377 3601 454 3679 mei
484 3593 680 3679 ordinarii.
749 3596 825 3679 Hic
855 3596 956 3676 enim
980 3585 1244 3677 Confessarius
1261 3592 1354 3675 milri
1372 3591 1551 3682 dicebare
1579 3618 1663 3680 non

243 3705 295 3793 sse
328 3706 588 3804 soeminarum,
617 3703 781 3791 scribere
808 3709 850 3790 in
872 3702 1037 3791 Ecclesia
1063 3706 1153 3789 Dei.
1207 3703 1486 3818 obtemperavi
1509 3703 1663 3797 subitur

217 3736 286 3910 led
312 3827 506 3936 increpata
537 3847 743 3933 propterea
776 3819 835 3904 sui
863 3820 916 3905 ab
948 3820 1157 3905 Ordinatio
1186 3845 1278 3901 meo
1298 3815 1557 3918 confessario,
1580 3820 1665 3906 &d

217 3942 314 4023 meis
333 3936 616 4045 Superioribus.
675 3930 868 4034 Jullerunt
890 3939 1023 4031 eriam,
1037 3955 1080 4017 ur
1107 3930 1159 4015 de
1180 3959 1289 4015 novo
1311 3931 1412 4016 hanc
1433 3936 1549 4035 vitam
1574 3924 1665 4017 scri·'

215 4050 322 4136 bam.
379 4052 629 4137 Renovatt'int
647 4075 811 4161 quoque
832 4042 895 4132 sua
918 4046 1097 4130 mandata
1114 4046 1223 4129 Deus
1240 4048 1278 4128 δι
1298 4050 1340 4129 Β.
1362 4046 1499 4159 Virgo,
1521 4050 1662 4154 111111-Ι

212 4164 357 4274 serunt,
378 4189 420 4251 ut
439 4148 762 4277 olitemperatem.
833 4165 882 4250 Et
901 4160 982 4249 hoc'
1006 4156 1141 4246 lumen
1157 4151 1322 4248 secunda
1346 4160 1432 4247 vice
1457 4184 1667 4366 11111Ἧι

919 4282 999 4365 Oo
1013 4304 1042 4364 o
1073 4300 1096 4386 3
1128 4288 1131 4295 '
1638 4278 1648 4297 '
