3796 4994
538 263 819 405 Reg.·Praii.
836 295 898 366 ex
922 272 971 367 S.
986 265 1129 408 joan:
1149 268 1203 368 de
1224 248 1397 371 Crucess·
1578 308 1681 407 207

321 470 500 615 Regula
536 517 581 601 3·
634 475 995 616 apparitiones·
1032 499 1129 583 aut·
1157 470 1390 597 vifiones',
1425 510 1540 616 quar
1576 481 1680 591 sen·

216 622 264 729 su
316 645 535 726 externo
592 618 675 724 vel
725 616 991 756 phantafia
1038 618 1405 756 comprehendi
1450 624 1678 758 poliunt,

218 796 495 903 nunquam
531 760 863 868 defiderandae
899 763 1048 882 sunt,
1091 795 1187 868 nec
1221 772 1286 897 iis„
1315 796 1550 904 unquam
1584 778 1680 876 im·

215 904 539 1013 morandum
573 906 655 1023 est.
762 929 805 1012 1.
828 928 920 1012 cc
948 923 1005 1010 ne
1019 925 1167 1011 hauet:
1203 909 1505 1042 apparitiones,
1528 930 1589 1016 ver
1617 928 1680 1018 su-

306 1041 478 1133 aturalee
511 1044 701 1143 visiones,
738 1068 827 1158 quar
854 1036 964 1124 sensu
993 1038 1075 1125 stne
1095 1038 1238 1129 aisensu
1269 1037 1477 1128 voluntatis
1503 1073 1680 1159 compte-
1776 1110 1782 1115 -
1814 1069 1821 1073 ·

236 1074 306 1132 eru

213 1074 333 1247 leudi
350 1156 523 1275 poliunt,
543 1164 587 1245 in
605 1153 721 1245 nullo
740 1182 916 1268 unquam
941 1157 1063 1256 statu,
1078 1155 1129 1239 ab
1150 1161 1276 1242 anima
1293 1157 1553 1245 defiderandae
1577 1160 1678 1267 sonti

214 1304 282 1361 nec
303 1280 353 1360 iis
379 1275 449 1361 diu
468 1275 782 1362 immorandumr
801 1273 923 1378 buius.
938 1270 1125 1356 dodrinae
1152 1273 1238 1355 duae
1261 1263 1345 1358 lunt
1365 1278 1548 1360 rationes.
1594 1282 1678 1362 Pri·

214 1392 366 1488 maest,
391 1394 511 1502 quia,
538 1388 681 1482 etiamst
714 1392 841 1473 anima
864 1383 1039 1497 respectu
1065 1382 1197 1470 talium
1227 1394 1512 1500 apparitionum
1531 1415 1596 1474 aut
1618 1395 1677 1476 vi·

214 1504 363 1590 ionum
385 1502 425 1589 se
447 1502 596 1606 tantum
625 1503 768 1587 habeat
785 1499 940 1614 paffive,
962 1524 1047 1585 non
1064 1526 1132 1583 eas
1149 1500 1313 1612 posrtive
1330 1503 1500 1587 amando
1520 1501 1584 1588 vel
1605 1532 1675 1618 ap·

214 1619 411 1730 petendo,
441 1613 691 1705 nihilominus
725 1614 991 1728 operabuntur
1018 1611 1125 1699 suum
1156 1612 1408 1728 principalem
1431 1614 1612 1703 effectum
1630 1625 1673 1707 in

215 1738 360 1835 anima,
399 1733 428 1819 st
455 1729 540 1816 sunt
574 1758 708 1817 revera
732 1730 761 1816 a.
787 1733 895 1815 Deo.
954 1729 1158 1828 Secundo,
1185 1734 1279 1844 quia
1307 1735 1435 1815 anima
1457 1736 1672 1836 rejiciendo

215 1844 301 1933 tales
329 1851 622 1961 apparitiones,
641 1873 714 1930 nec
735 1849 782 1930 iis
814 1840 1068 1940 affentiendo,
1100 1838 1239 1929 liberat
1258 1839 1296 1929 se
1322 1843 1347 1930 a
1379 1845 1525 1956 duplici
1549 1844 1672 1951 malo,

216 1957 392 2047 uidelicet
411 1961 436 2048 i
458 1958 633 2072 periculo
657 1960 757 2045 dece
785 1963 921 2059 tionis,
942 1962 984 2040 dt
1008 1955 1035 2042 ὲ
1055 1953 1253 2043 laborioso
1285 1986 1330 2045 ac
1359 1956 1503 2046 difficili
1528 1969 1673 2049 exami-

218 2102 271 2175 ne,
290 2100 422 2162 utrum
442 2072 554 2160 finti
577 2076 735 2160 bonov
797 2070 909 2159 malo
934 2066 958 2155 s
976 2075 1090 2161 intur
1126 2073 1206 2156 hoc
1238 2078 1343 2159 enim
1377 2079 1556 2162 examine
1587 2108 1673 2168 non
1791 2157 1795 2163 .

218 2185 330 2277 loltlm
346 2185 504 2278 nullum
530 2188 733 2275 obtinetur
751 2181 920 2285 lucrum,
942 2102 1013 2271 led
1028 2182 1181 2298 insuper
1199 2212 1354 2302 tempus
1375 2192 1571 2303 perditur,
1587 2200 1675 2280 tur-''

220 2300 322 2389 bettrr
338 2306 454 2419 quiet
473 2309 605 2403 animi,
630 2303 789 2391 occafio
812 2298 1022 2388 multarum
1047 2297 1385 2413 imperfedionum
1406 2309 1623 2406 incurritur,
1643 2305 1670 2397 al

222 2415 389 2528 profectu
412 2419 654 2532 impeditur,
673 2446 753 2505 nec
781 2442 999 2529 occupatur
1016 2420 1069 2499 in
1094 2420 1167 2515 iis,
1181 2445 1268 2530 quae
1284 2411 1482 2531 simplicia,
1511 2425 1671 2508 aestima·
1846 2478 1856 2485 -

224 2534 402 2647 doneque
424 2533 544 2647 digna
563 2529 660 2621 sunt.
719 2536 863 2646 Itaque
877 2534 1006 2616 anima
1021 2526 1059 2614 se
1076 2558 1160 2615 non
1181 2533 1355 2617 demeat
1374 2539 1415 2618 in
1430 2539 1577 2622 cortice
1598 2540 1667 2622 ha·

224 2670 296 2731 tum
323 2653 645 2761 apparitionum
682 2643 751 2734 sed
783 2650 1042 2734 attentionem
1065 2638 1175 2729 suam
1203 2642 1468 2761 affedumque
1496 2653 1668 2759 totaliter

226 2759 346 2874 dirigat
368 2763 420 2846 ad
442 2759 603 2848 effecius
626 2789 788 2859 earum,
817 2758 1079 2846 desiderando
1100 2755 1229 2844 lolitm
1248 2766 1430 2876 virtutes,
1454 2793 1537 2850 non
1568 2766 1666 2854 verd

227 2870 513 2963 oblectationem
533 2873 667 2964 inillis
686 2872 975 2990 splendoribus,
994 2873 1206 2973 odoribus,
1222 2875 1436 2989 leporibus,
1455 2883 1679 2993 voluptatig

168 3028 173 3053 ι
229 2985 300 3077 bus.
317 2995 395 3077 &a
449 2995 527 3092 Sic,
552 2993 580 3077 ii
602 3020 667 3077 eas
688 2994 954 3104 apparitiones
973 2985 1194 3076 voluntarie
1212 3019 1297 3075 non
1315 2998 1522 3093 intueatur,
1549 2997 1579 3077 li
1597 3023 1677 3083 eas-

230 3128 297 3189 uun
317 3111 526 3206 examinet,
556 3133 631 3192 nec
653 3133 696 3190 ut
725 3133 833 3192 veras
858 3103 1035 3213 iudicet,
1070 3105 1103 3190 li
1121 3133 1185 3190 eas
1205 3133 1291 3189 non-
1318 3108 1523 3207 deiideret>
1549 3135 1597 3194 ex
1617 3115 1665 3197 iis

175 3216 180 3281 ’-
226 3216 357 3309 hauriet
379 3217 549 3308 finitum
571 3220 596 3309 al
618 3228 713 3309 Deo
728 3224 938 3318 intentum,
955 3246 1102 3334 nempe
1121 3222 1345 3308 devotionis
1364 3222 1548 3336 spiritum.

184 3484 191 3517 ··
308 3441 483 3574 Regula
515 3474 563 3570 4.
635 3430 927 3541 Diredorts
968 3438 1264 3541 anirnarum
1309 3445 1530 3578 ingentia
1565 3437 1656 3550 illis

226 3570 423 3686 allenmt
460 3578 671 3695 damna,
705 3578 740 3681 fi
777 3607 958 3683 earum
999 3577 1276 3682 vifionibus
1319 3577 1522 3696 facilem
1569 3582 1658 3691 ad-

193 3708 382 3859 bibent
415 3720 595 3841 fidem,
631 3729 969 3860 quantumvis
1003 3715 1177 3824 forent
1213 3716 1408 3828 divinae.
1488 3752 1530 3835 L.
1558 3751 1652 3837 cc,

222 3857 258 3944 C
281 3886 352 3963 ιε.
367 3868 441 3950 ait:
472 3862 768 3951 Demonstrabo
791 3858 856 3947 hic
879 3858 1009 3959 fustus,
1032 3884 1178 3974 quanta
1207 3860 1349 3947 damna
1370 3866 1594 3951 Direoores
1616 3894 1657 3951 a·

202 3976 380 4081 'imaum
402 3978 587 4092 fibiipiis,
613 3978 872 4085 &animabus
903 3975 973 4060 srbi
1000 3978 1154 4061 creditis
1176 3972 1351 4076 afferant,
1378 3976 1406 4062 fi
1428 3979 1653 4079 visionibus,

217 4110 282 4185 'ut
298 4096 466 4199 dvinis,
492 4088 654 4183 facilem
673 4093 849 4181 tribuunt
868 4091 1004 4185 fidem.
1057 4094 1178 4182 Ratio
1205 4089 1320 4201 iulius
1353 4095 1433 4201 hoc
1466 4093 1654 4293 mdanlpli

1584 4234 1650 4311 θ)
