3690 4988
347 306 356 315 ’
447 418 455 431 x
551 311 727 444 ‚Regula
753 340 811 408 ex
835 303 1056 413 Patribus.
1452 351 1525 455 ¹17

87 542 210 627 „eann
234 545 319 636 qna
339 513 553 615 videntur,
582 512 697 629 ipfios
713 517 849 603 animae
870 509 955 601 sunt
990 514 1301 630 imaginationes.
1383 520 1424 609 Si
1448 551 1519 615 att·

84 663 178 735 „tem
196 630 345 748 aliquid
369 629 617 746 significant,
646 631 696 716 ab
715 627 851 746 aliquo
866 628 994 743 spiritu
1018 631 1338 719 demonstrantur.
1397 643 1517 729 Non.

81 746 194 854 „nolli
221 747 387 851 volunt,
417 753 582 830 animam
600 747 747 830 habere
771 752 849 829 vim
877 746 1126 831 divinationis
1141 753 1181 831 in
1200 747 1327 860 seipsa.
1372 800 1392 819 -
1446 747 1516 845 An

79 862 314 978 „aliquando
346 871 386 949 in
413 860 529 974 leipla
565 862 673 944 videt
707 863 793 950 illan
834 854 1051 974 aliqnando
1081 888 1152 974 per
1182 859 1338 948 alterius
1365 862 1517 980 spirituc

79 981 450 1082 „commixtionem
480 975 690 1092 Qridquid
714 976 855 1059 horum
878 977 955 1073 est,
997 973 1346 1065 tenereaffirmare
1362 1012 1444 1067 non
1469 1014 1516 1069 o·

78 1119 247 1206 „portem
334 1089 436 1176 illud
452 1117 581 1177 tamen
602 1089 766 1173 dubium
790 1085 865 1173 elle
888 1116 972 1173 non
995 1089 1149 1190 debet,
1178 1090 1402 1205 corporales
1420 1103 1518 1185 ima·

48 1288 53 1299 .
77 1215 240 1322 ‚,gines‚
271 1235 362 1321 quae
381 1203 508 1319 spiritu
528 1230 761 1299 cernuntur,
790 1232 872 1287 non
894 1201 1044 1315 semper
1061 1204 1163 1317 signa
1184 1200 1261 1290 elle
1278 1205 1434 1296 aliarum
1455 1242 1518 1298 re-

76 1352 196 1426 „rum
282 1329 426 1408 Mirum
456 1323 511 1405 est
534 1347 692 1416 autem,
721 1314 985 1432 staliqoando
1010 1319 1149 1404 Eclasts
1183 1320 1265 1405 fieri
1322 1331 1446 1425 otest,
1473 1352 1517 1416 ut
1629 1380 1633 1389 ·

77 1467 182 1542 „non
201 1434 278 1523 illae
300 1433 561 1549 corporalium
584 1461 711 1518 rerum
730 1428 996 1518 similitudines
1011 1428 1161 1547 aliquid
1186 1354 1408 1549 signilcent
1466 1445 1518 1527 E·

76 1558 196 1655 „tiam
231 1556 481 1637 doemonium
503 1549 693 1636 habentes
722 1543 939 1660 aliquando
961 1576 1053 1632 vera
1072 1550 1229 1648 dicunt,
1264 1579 1351 1666 qua
1380 1549 1517 1643 absunt

76 1668 125 1772 „i
146 1665 388 1783 praesentium
411 1661 592 1750 sensibus.
676 1663 784 1748 Cum
802 1688 932 1746 autem
961 1658 1107 1776 spiritus
1124 1664 1255 1748 bonos
1281 1672 1320 1749 in
1341 1670 1421 1754 htrc
1443 1668 1519 1757 visa

77 1788 317 1882 „humanum
347 1777 514 1893 spiritum
540 1774 689 1863 affumit
714 1802 784 1861 aut
808 1783 929 1888 rapit,
958 1772 1210 1863 nullomodo
1228 1774 1311 1867 illas
1330 1787 1519 1899 imagines

79 1900 212 2012 „ligna
236 1923 366 1982 rerum
388 1891 546 1979 aliarum
570 1897 892 2005 (praeteritarum,
922 1887 1160 2003 praesentium
1184 1919 1250 1978 aut
1275 1891 1519 2013 futurarum)

80 2011 202 2115 „elim
232 2009 491 2095 dubitandum
515 2011 599 2106 eli,
628 2012 667 2090 &
691 2034 823 2092 eanrm
846 2034 944 2120 quas
961 2002 1070 2092 nolle
1085 2002 1179 2090 utile
1200 2010 1279 2099 ella
1313 2013 1390 2098 Dei
1413 2020 1519 2102 enim

82 2128 333 2232 „minoren
359 2172 378 2190 ·
407 2128 486 2230 (V.
508 2127 603 2236 neg.
622 2125 697 2228 8.)
734 2127 884 2206 Tamen
914 2148 985 2239 pet
1024 2117 1266 2235 corporalem
1307 2128 1520 2229 visionem,
1568 2234 1572 2239 ᾖ

76 2249 151 2345 „le
170 2270 245 2354 pet
259 2244 446 2353 imagines
459 2232 748 2349 corporalium,
776 2236 1200 2349 quae-demonstrantur
1216 2243 1254 2322 in
1279 2235 1431 2354 spiritu,
1459 2240 1522 2341 69*

80 2359 208 2467 „boni
230 2362 303 2454 (an
332 2351 408 2456 eli)
423 2354 608 2439 instruunt
629 2356 669 2435 &
690 2345 781 2435 mali
808 2343 960 2436 fallunt.
1019 2347 1289 2439 Intellenualis
1311 2383 1441 2442 autem
1465 2362 1523 2444 vi·

81 2475 168 2572 „fio
189 2498 273 2556 non
299 2383 455 2555 {llitun
540 2466 622 2551 Aut
642 2467 746 2549 enim
768 2491 847 2550 non
869 2462 1073 2580 intelligit,
1102 2471 1175 2580 qui
1187 2463 1292 2554 aliud
1319 2479 1521 2584 opinatur,

85 2587 232 2702 „quim
252 2589 323 2674 ella
353 2610 418 2669 aut
443 2580 469 2666 si
494 2576 673 2694 intelligit
698 2583 804 2690 (per
827 2575 1036 2693 simplicem
1058 2585 1263 2682 intuitum,
1292 2583 1356 2670 seu
1376 2590 1524 2675 nudam

84 2699 461 2815 „apprehensionem
484 2697 563 2782 line
586 2694 876 2807 compofitione
897 2695 1060 2810 judicii)
1084 2702 1274 2783 continui)
1299 2728 1433 2787 verum
1459 2705 1526 2791 eil.

85 2816 227 2932 „Quid
250 2820 352 2899 enim
371 2809 514 2898 faciant
539 2805 672 2908 oculi,
699 2837 783 2894 non
819 2811 991 2909 habent,
1020 2840 1108 2896 com
1142 2808 1262 2899 {imile
1296 2844 1438 2932 corpus
1470 2824 1528 2904 vi·

84 2935 267 3037 „denum
297 2931 410 3042 quod
435 2926 486 3010 ab
510 2921 589 3010 alio
611 2919 825 3010 discernere
844 2955 925 3009 non
978 2923 1118 3013 ollone.
1191 2928 1275 3014 Aut
1284 2932 1391 3044 quid
1411 2930 1528 3021 faciat

86 3052 232 3153 „animi
252 3042 445 3138 intenlio,
466 3069 553 3126 com
581 3045 621 3125 in
638 3037 768 3153 spiritu
805 3037 906 3124 facia
932 2957 1049 3130 illecit
1073 3047 1253 3155 corporis
1282 3043 1527 3151 fimilinrdo,

84 3187 344 3278 „quamnon
364 3154 489 3241 valeat
510 3158 621 3240 distin
650 3153 784 3240 nerei
810 3160 1011 3268 corpore?
1039 3157 1120 3241 Sed
1144 3157 1351 3244 adhibetor
1374 3159 1530 3249 intelle·

82 3293 220 3382 „ctum
265 3300 438 3387 querens
473 3273 574 3386 quid
605 3183 670 3354 illa
688 3269 928 3396 fignificent,
958 3266 1021 3354 vel
1060 3267 1154 3369 utile
1187 3273 1369 3360 doceant
1480 3285 1531 3366 Et

85 3418 184 3495 „aut
207 3392 411 3475 inveniens
427 3387 479 3470 ad
506 3384 673 3470 feudum
708 3387 816 3469 loum
846 3390 1049 3498 pervenite
1085 3410 1152 3471 aot
1184 3414 1267 3483 non
1303 3396 1530 3501 inveniem,

84 3517 153 3613 „in
173 3501 456 3617 disceptatione
471 3492 509 3584 le
532 3525 664 3598 tenet,
699 3527 751 3584 ne
767 3497 900 3615 aliqua
923 3498 1129 3614 pernitiosa
1152 3509 1371 3590 temeritate
1398 3505 1531 3621 prola·

86 3624 233 3725 „batur
252 3625 293 3702 in
309 3610 546 3703 exitiabilem
580 3643 765 3700 errorem.
850 3616 1008 3721 Judicat
1038 3641 1168 3702 autem
1198 3615 1347 3705 lobrius
1379 3620 1533 3711 intelle·

85 3749 202 3842 „etto
223 3735 410 3819 divinitus
434 3735 613 3837 adjutus,
641 3757 730 3844 quae
752 3724 817 3813 vel
848 3735 891 3821 in
920 3729 1067 3844 quibua
1099 3726 1206 3816 aliud
1242 3760 1379 3847 potare
1411 3743 1533 3852 quim

87 3855 193 3958 „est,
228 3877 312 3934 non
334 3847 379 3932 stt
403 3871 536 3929 anmiae
559 3840 824 3959 pernitiosum.
906 3850 997 3932 Nec
1026 3848 1130 3932 enim
1153 3848 1265 3935 obest
1284 3853 1535 3962 homimbus‚

87 3965 232 4082 „quod
254 3992 347 4054 cum
367 3962 594 4064 dormiunt,
625 3986 716 4045 vera
732 3985 898 4072 corpora
919 3961 1173 4060 arbitrantur,
1209 3990 1383 4078 quorum
1402 3964 1537 4067 simili·
1573 4061 1578 4068 ,

87 4085 266 4186 „todines
296 4079 450 4166 vident.
562 4079 653 4162 Nec
679 4072 812 4160 obfuit
835 4081 977 4176 Petro,
1007 4104 1095 4161 cum
1111 4081 1154 4164 in
1177 4079 1298 4164 Eclafi
1317 4081 1539 4195 relpondita
1563 4162 1568 4175 ,

87 4202 183 4306 „Ne
212 4224 259 4283 oa
295 4221 392 4279 uam
422 4192 622 4291 Domine,
651 4195 744 4307 quia
768 4216 973 4310 nunquam
1010 4193 1246 4282 manducavi
1272 4198 1541 4293 immundoma

97 4400 113 4423 ‚
183 4223 329 4427 Μ.
348 4308 411 4397 A.
425 4301 666 4400 delicatio.
689 4303 794 4397 Pars
806 4303 842 4417 Ι,
1117 4306 1159 4401 C
1400 4335 1545 4432 potant
