<?xml version="1.0" encoding="UTF-8"?>
<!DOCTYPE html PUBLIC "-//W3C//DTD XHTML 1.0 Transitional//EN"
    "http://www.w3.org/TR/xhtml1/DTD/xhtml1-transitional.dtd">
<html xmlns="http://www.w3.org/1999/xhtml" xml:lang="en" lang="en">
 <head>
  <title>
</title>
<meta http-equiv="Content-Type" content="text/html;charset=utf-8" />
  <meta name='ocr-system' content='tesseract 3.04.00' />
  <meta name='ocr-capabilities' content='ocr_page ocr_carea ocr_par ocr_line ocrx_word'/>
</head>
<body>
  <div class='ocr_page' id='page_1' title='image "./derevelationibu00amorgoog_0599.png"; bbox 0 0 3796 4994; ppageno 0'>
   <div class='ocr_carea' id='block_1_1' title="bbox 608 295 1682 459">
    <p class='ocr_par' dir='ltr' id='par_1_1' title="bbox 608 295 1682 459">
     <span class='ocr_line' id='line_1_1' title="bbox 608 295 1682 459; baseline 0.001 -59"><span class='ocrx_word' id='word_1_1' title='bbox 608 301 810 403; x_wconf 79' lang='lat' dir='ltr'><strong>Revelat.</strong></span> <span class='ocrx_word' id='word_1_2' title='bbox 837 299 889 396; x_wconf 85' lang='lat' dir='ltr'><strong>de</strong></span> <span class='ocrx_word' id='word_1_3' title='bbox 910 295 1101 434; x_wconf 79' lang='lat' dir='ltr'><strong>Agreda.</strong></span> <span class='ocrx_word' id='word_1_4' title='bbox 1126 304 1239 398; x_wconf 81' lang='lat' dir='ltr'><strong>Pars</strong></span> <span class='ocrx_word' id='word_1_5' title='bbox 1260 307 1327 459; x_wconf 65' lang='grc' dir='ltr'><strong>ΙΙ.</strong></span> <span class='ocrx_word' id='word_1_6' title='bbox 1584 318 1682 447; x_wconf 68' lang='lat'><strong>‘295</strong></span> 
     </span>
    </p>
   </div>
   <div class='ocr_carea' id='block_1_2' title="bbox 355 484 1834 618">
    <p class='ocr_par' dir='ltr' id='par_1_2' title="bbox 355 484 1834 618">
     <span class='ocr_line' id='line_1_2' title="bbox 355 484 1834 618; baseline 0.008 -30"><span class='ocrx_word' id='word_1_7' title='bbox 355 533 424 607; x_wconf 81' lang='lat'><strong>73.</strong></span> <span class='ocrx_word' id='word_1_8' title='bbox 464 505 576 588; x_wconf 88' lang='lat' dir='ltr'><strong>Tunc</strong></span> <span class='ocrx_word' id='word_1_9' title='bbox 591 530 690 616; x_wconf 88' lang='lat' dir='ltr'><strong>praec</strong></span> <span class='ocrx_word' id='word_1_10' title='bbox 741 505 771 588; x_wconf 94' lang='lat' dir='ltr'><strong>it</strong></span> <span class='ocrx_word' id='word_1_11' title='bbox 797 505 916 589; x_wconf 82' lang='lat' dir='ltr'><strong>DEus</strong></span> <span class='ocrx_word' id='word_1_12' title='bbox 939 494 1094 588; x_wconf 86' lang='lat' dir='ltr'><strong>duobus</strong></span> <span class='ocrx_word' id='word_1_13' title='bbox 1114 499 1292 618; x_wconf 59' lang='lat' dir='ltr'><strong>prorum&amp;</strong></span> <span class='ocrx_word' id='word_1_14' title='bbox 1315 505 1481 592; x_wconf 86' lang='lat' dir='ltr'><strong>Throno</strong></span> <span class='ocrx_word' id='word_1_15' title='bbox 1503 484 1688 600; x_wconf 77' lang='lat' dir='ltr'><strong>adstanti·</strong></span> <span class='ocrx_word' id='word_1_16' title='bbox 1828 530 1834 539; x_wconf 88' lang='grc'><em>“</em></span> 
     </span>
    </p>
   </div>
   <div class='ocr_carea' id='block_1_3' title="bbox 231 617 1684 930">
    <p class='ocr_par' dir='ltr' id='par_1_3' title="bbox 231 617 1684 930">
     <span class='ocr_line' id='line_1_3' title="bbox 234 617 1684 737; baseline 0.006 -35"><span class='ocrx_word' id='word_1_17' title='bbox 234 619 310 703; x_wconf 88' lang='lat' dir='ltr'><strong>bus</strong></span> <span class='ocrx_word' id='word_1_18' title='bbox 330 617 570 728; x_wconf 85' lang='lat' dir='ltr'><strong>Seraphinis,</strong></span> <span class='ocrx_word' id='word_1_19' title='bbox 599 641 640 701; x_wconf 93' lang='lat' dir='ltr'><strong>ut</strong></span> <span class='ocrx_word' id='word_1_20' title='bbox 723 619 860 703; x_wconf 87' lang='lat' dir='ltr'><strong>sterent</strong></span> <span class='ocrx_word' id='word_1_21' title='bbox 880 624 924 702; x_wconf 85' lang='lat' dir='ltr'><strong>B.</strong></span> <span class='ocrx_word' id='word_1_22' title='bbox 946 617 1114 731; x_wconf 85' lang='lat' dir='ltr'><strong>Virgini:</strong></span> <span class='ocrx_word' id='word_1_23' title='bbox 1149 618 1189 700; x_wconf 95' lang='lat' dir='ltr'><strong>hi</strong></span> <span class='ocrx_word' id='word_1_24' title='bbox 1215 642 1311 731; x_wconf 93' lang='lat' dir='ltr'><strong>ergo</strong></span> <span class='ocrx_word' id='word_1_25' title='bbox 1329 624 1370 705; x_wconf 91' lang='lat' dir='ltr'><strong>in</strong></span> <span class='ocrx_word' id='word_1_26' title='bbox 1390 624 1579 709; x_wconf 89' lang='lat' dir='ltr'><strong>comitatu</strong></span> <span class='ocrx_word' id='word_1_27' title='bbox 1594 620 1684 737; x_wconf 92' lang='lat' dir='ltr'><strong>plu·</strong></span> 
     </span>
     <span class='ocr_line' id='line_1_4' title="bbox 231 724 1680 930; baseline 0.009 -116"><span class='ocrx_word' id='word_1_28' title='bbox 231 724 543 930; x_wconf 49' lang='lat' dir='ltr'><strong>mmmmm</strong></span> <span class='ocrx_word' id='word_1_29' title='bbox 580 725 808 855; x_wconf 71' lang='lat' dir='ltr'><strong>angelorum</strong></span> <span class='ocrx_word' id='word_1_30' title='bbox 847 730 996 817; x_wconf 85' lang='lat' dir='ltr'><strong>stabant</strong></span> <span class='ocrx_word' id='word_1_31' title='bbox 1030 735 1071 815; x_wconf 90' lang='lat' dir='ltr'><strong>in</strong></span> <span class='ocrx_word' id='word_1_32' title='bbox 1103 725 1239 816; x_wconf 87' lang='lat' dir='ltr'><strong>vihbili</strong></span> <span class='ocrx_word' id='word_1_33' title='bbox 1279 728 1408 821; x_wconf 87' lang='lat' dir='ltr'><strong>forma</strong></span> <span class='ocrx_word' id='word_1_34' title='bbox 1445 733 1499 819; x_wconf 89' lang='lat' dir='ltr'><strong>ad</strong></span> <span class='ocrx_word' id='word_1_35' title='bbox 1532 738 1680 896; x_wconf 87' lang='lat' dir='ltr'><strong>pedem</strong></span> 
     </span>
    </p>
   </div>
   <div class='ocr_carea' id='block_1_4' title="bbox 229 952 1688 1274">
    <p class='ocr_par' dir='ltr' id='par_1_4' title="bbox 229 952 1688 1274">
     <span class='ocr_line' id='line_1_5' title="bbox 351 952 1688 1078; baseline 0.011 -40"><span class='ocrx_word' id='word_1_36' title='bbox 351 982 420 1057; x_wconf 83' lang='lat'><strong>75.</strong></span> <span class='ocrx_word' id='word_1_37' title='bbox 448 958 560 1040; x_wconf 91' lang='lat' dir='ltr'><strong>Tunc</strong></span> <span class='ocrx_word' id='word_1_38' title='bbox 577 957 674 1043; x_wconf 86' lang='lat' dir='ltr'><strong>Tres</strong></span> <span class='ocrx_word' id='word_1_39' title='bbox 694 952 868 1067; x_wconf 82' lang='lat' dir='ltr'><strong>personae</strong></span> <span class='ocrx_word' id='word_1_40' title='bbox 900 963 1006 1060; x_wconf 71' lang='lat' dir='ltr'><strong>iuxta</strong></span> <span class='ocrx_word' id='word_1_41' title='bbox 1035 956 1208 1041; x_wconf 85' lang='lat' dir='ltr'><strong>nostrum</strong></span> <span class='ocrx_word' id='word_1_42' title='bbox 1238 956 1403 1044; x_wconf 86' lang='lat' dir='ltr'><strong>modum</strong></span> <span class='ocrx_word' id='word_1_43' title='bbox 1442 956 1688 1078; x_wconf 87' lang='lat' dir='ltr'><strong>intelligendi</strong></span> 
     </span>
     <span class='ocr_line' id='line_1_6' title="bbox 229 1062 1688 1274; baseline 0.006 -119"><span class='ocrx_word' id='word_1_44' title='bbox 229 1067 341 1274; x_wconf 73' lang='lat' dir='ltr'><strong>puali</strong></span> <span class='ocrx_word' id='word_1_45' title='bbox 368 1062 696 1181; x_wconf 82' lang='lat' dir='ltr'>colloquebantur</span> <span class='ocrx_word' id='word_1_46' title='bbox 723 1073 916 1169; x_wconf 83' lang='lat' dir='ltr'><strong>invicem,</strong></span> <span class='ocrx_word' id='word_1_47' title='bbox 943 1067 1062 1185; x_wconf 75' lang='lat' dir='ltr'><strong>quim</strong></span> <span class='ocrx_word' id='word_1_48' title='bbox 1097 1096 1253 1156; x_wconf 87' lang='lat' dir='ltr'><strong>amoena</strong></span> <span class='ocrx_word' id='word_1_49' title='bbox 1288 1067 1384 1156; x_wconf 89' lang='lat' dir='ltr'><strong>esset-</strong></span> <span class='ocrx_word' id='word_1_50' title='bbox 1400 1075 1524 1160; x_wconf 89' lang='lat' dir='ltr'><strong>Maria</strong></span> <span class='ocrx_word' id='word_1_51' title='bbox 1552 1104 1688 1165; x_wconf 90' lang='lat' dir='ltr'><strong>coram</strong></span> 
     </span>
    </p>
   </div>
   <div class='ocr_carea' id='block_1_5' title="bbox 223 1177 1758 2090">
    <p class='ocr_par' dir='ltr' id='par_1_5' title="bbox 223 1177 1758 2090">
     <span class='ocr_line' id='line_1_7' title="bbox 248 1177 1688 1302; baseline 0.006 -34"><span class='ocrx_word' id='word_1_52' title='bbox 248 1189 306 1269; x_wconf 89' lang='lat' dir='ltr'><strong>uis</strong></span> <span class='ocrx_word' id='word_1_53' title='bbox 323 1177 466 1271; x_wconf 72' lang='lat' dir='ltr'><strong>oeulise</strong></span> <span class='ocrx_word' id='word_1_54' title='bbox 494 1185 701 1267; x_wconf 82' lang='lat' dir='ltr'><strong>statuerunt</strong></span> <span class='ocrx_word' id='word_1_55' title='bbox 729 1188 868 1280; x_wconf 88' lang='lat' dir='ltr'><strong>etiarn,</strong></span> <span class='ocrx_word' id='word_1_56' title='bbox 895 1183 1009 1296; x_wconf 92' lang='lat' dir='ltr'><strong>quod</strong></span> <span class='ocrx_word' id='word_1_57' title='bbox 1034 1181 1085 1267; x_wconf 92' lang='lat' dir='ltr'><strong>ad</strong></span> <span class='ocrx_word' id='word_1_58' title='bbox 1114 1181 1332 1295; x_wconf 91' lang='lat' dir='ltr'><strong>supremum</strong></span> <span class='ocrx_word' id='word_1_59' title='bbox 1358 1189 1522 1299; x_wconf 91' lang='lat' dir='ltr'><strong>gradum</strong></span> <span class='ocrx_word' id='word_1_60' title='bbox 1548 1195 1688 1302; x_wconf 85' lang='lat' dir='ltr'><strong>gratia·</strong></span> 
     </span>
     <span class='ocr_line' id='line_1_8' title="bbox 228 1289 1690 1414; baseline 0.003 -30"><span class='ocrx_word' id='word_1_61' title='bbox 228 1325 314 1384; x_wconf 91' lang='lat' dir='ltr'><strong>tum</strong></span> <span class='ocrx_word' id='word_1_62' title='bbox 332 1296 475 1381; x_wconf 91' lang='lat' dir='ltr'><strong>debeat</strong></span> <span class='ocrx_word' id='word_1_63' title='bbox 496 1289 651 1412; x_wconf 80' lang='lat' dir='ltr'><strong>clevari,</strong></span> <span class='ocrx_word' id='word_1_64' title='bbox 679 1301 717 1379; x_wconf 75' lang='grc' dir='ltr'><strong>δι</strong></span> <span class='ocrx_word' id='word_1_65' title='bbox 746 1295 797 1381; x_wconf 94' lang='lat' dir='ltr'><strong>ad</strong></span> <span class='ocrx_word' id='word_1_66' title='bbox 823 1319 967 1403; x_wconf 89' lang='lat' dir='ltr'><strong>tantam</strong></span> <span class='ocrx_word' id='word_1_67' title='bbox 993 1299 1196 1381; x_wconf 82' lang='lat' dir='ltr'><strong>amicitiam</strong></span> <span class='ocrx_word' id='word_1_68' title='bbox 1215 1296 1381 1396; x_wconf 86' lang='lat' dir='ltr'><strong>admitti,</strong></span> <span class='ocrx_word' id='word_1_69' title='bbox 1409 1327 1496 1414; x_wconf 85' lang='lat' dir='ltr'><strong>quae</strong></span> <span class='ocrx_word' id='word_1_70' title='bbox 1517 1328 1592 1387; x_wconf 91' lang='lat' dir='ltr'><strong>nec</strong></span> <span class='ocrx_word' id='word_1_71' title='bbox 1611 1305 1690 1388; x_wconf 86' lang='lat' dir='ltr'><strong>ob-</strong></span> 
     </span>
     <span class='ocr_line' id='line_1_9' title="bbox 229 1404 1684 1608; baseline 0.007 -113"><span class='ocrx_word' id='word_1_72' title='bbox 229 1433 336 1608; x_wconf 68' lang='lat' dir='ltr'><strong>repta</strong></span> <span class='ocrx_word' id='word_1_73' title='bbox 353 1436 527 1542; x_wconf 81' lang='lat' dir='ltr'><strong>unquam</strong></span> <span class='ocrx_word' id='word_1_74' title='bbox 548 1405 664 1496; x_wconf 88' lang='lat' dir='ltr'><strong>fucrit</strong></span> <span class='ocrx_word' id='word_1_75' title='bbox 691 1409 742 1493; x_wconf 91' lang='lat' dir='ltr'><strong>ab</strong></span> <span class='ocrx_word' id='word_1_76' title='bbox 765 1404 842 1495; x_wconf 88' lang='lat' dir='ltr'><strong>ulla</strong></span> <span class='ocrx_word' id='word_1_77' title='bbox 860 1437 955 1524; x_wconf 93' lang='lat' dir='ltr'><strong>pura</strong></span> <span class='ocrx_word' id='word_1_78' title='bbox 977 1410 1182 1516; x_wconf 80' lang='lat' dir='ltr'><strong>creatura‚&#39;</strong></span> <span class='ocrx_word' id='word_1_79' title='bbox 1195 1436 1270 1519; x_wconf 85' lang='lat' dir='ltr'><strong>uec</strong></span> <span class='ocrx_word' id='word_1_80' title='bbox 1287 1414 1330 1497; x_wconf 91' lang='lat' dir='ltr'><strong>iu</strong></span> <span class='ocrx_word' id='word_1_81' title='bbox 1348 1405 1522 1500; x_wconf 91' lang='lat' dir='ltr'><strong>futurum</strong></span> <span class='ocrx_word' id='word_1_82' title='bbox 1554 1412 1684 1530; x_wconf 84' lang='lat' dir='ltr'><strong>posset</strong></span> 
     </span>
     <span class='ocr_line' id='line_1_10' title="bbox 228 1542 1652 1610; baseline 0.003 0"><span class='ocrx_word' id='word_1_83' title='bbox 228 1547 413 1610; x_wconf 85' lang='lat' dir='ltr'><strong>otrnett.</strong></span> <span class='ocrx_word' id='word_1_84' title='bbox 1649 1542 1652 1559; x_wconf 70' lang='lat'><strong>⁴</strong></span> 
     </span>
     <span class='ocr_line' id='line_1_11' title="bbox 273 1619 1677 1751; baseline 0.004 -29"><span class='ocrx_word' id='word_1_85' title='bbox 273 1722 276 1727; x_wconf 83' lang='grc'><em>,</em></span> <span class='ocrx_word' id='word_1_86' title='bbox 346 1650 413 1735; x_wconf 85' lang='grc'><strong><em>76.</em></strong></span> <span class='ocrx_word' id='word_1_87' title='bbox 437 1663 505 1735; x_wconf 89' lang='lat'><strong>77.</strong></span> <span class='ocrx_word' id='word_1_88' title='bbox 542 1637 586 1720; x_wconf 90' lang='lat' dir='ltr'><strong>ln</strong></span> <span class='ocrx_word' id='word_1_89' title='bbox 620 1636 940 1722; x_wconf 90' lang='lat' dir='ltr'><strong>contestationem</strong></span> <span class='ocrx_word' id='word_1_90' title='bbox 972 1633 1168 1751; x_wconf 78' lang='lat' dir='ltr'><strong>singularis</strong></span> <span class='ocrx_word' id='word_1_91' title='bbox 1207 1639 1382 1724; x_wconf 69' lang='lat' dir='ltr'><strong>amicitia</strong></span> <span class='ocrx_word' id='word_1_92' title='bbox 1417 1619 1516 1745; x_wconf 82' lang='lat' dir='ltr'><strong>juffit&#39;</strong></span> <span class='ocrx_word' id='word_1_93' title='bbox 1544 1643 1677 1744; x_wconf 83' lang='lat' dir='ltr'><strong>DEus,</strong></span> 
     </span>
     <span class='ocr_line' id='line_1_12' title="bbox 228 1747 1680 1865; baseline 0.006 -29"><span class='ocrx_word' id='word_1_94' title='bbox 228 1778 315 1837; x_wconf 91' lang='lat' dir='ltr'><strong>eam</strong></span> <span class='ocrx_word' id='word_1_95' title='bbox 334 1755 462 1836; x_wconf 89' lang='lat' dir='ltr'><strong>ornari</strong></span> <span class='ocrx_word' id='word_1_96' title='bbox 486 1747 681 1834; x_wconf 78' lang='lat' dir='ltr'><strong>visibiliter</strong></span> <span class='ocrx_word' id='word_1_97' title='bbox 702 1753 865 1864; x_wconf 90' lang='lat' dir='ltr'><strong>gemmis</strong></span> <span class='ocrx_word' id='word_1_98' title='bbox 897 1753 937 1833; x_wconf 79' lang='grc' dir='ltr'><strong>δι</strong></span> <span class='ocrx_word' id='word_1_99' title='bbox 958 1754 1203 1835; x_wconf 87' lang='lat' dir='ltr'><strong>ornamentis.</strong></span> <span class='ocrx_word' id='word_1_100' title='bbox 1284 1752 1424 1865; x_wconf 91' lang='lat' dir='ltr'><strong>Itaque</strong></span> <span class='ocrx_word' id='word_1_101' title='bbox 1454 1752 1539 1838; x_wconf 92' lang='lat' dir='ltr'><strong>duo</strong></span> <span class='ocrx_word' id='word_1_102' title='bbox 1566 1759 1680 1844; x_wconf 89' lang='lat' dir='ltr'><strong>Sera·</strong></span> 
     </span>
     <span class='ocr_line' id='line_1_13' title="bbox 223 1858 1679 1977; baseline 0.006 -31"><span class='ocrx_word' id='word_1_103' title='bbox 223 1869 333 1977; x_wconf 88' lang='lat' dir='ltr'><strong>phini</strong></span> <span class='ocrx_word' id='word_1_104' title='bbox 363 1890 448 1950; x_wconf 89' lang='lat' dir='ltr'><strong>eam</strong></span> <span class='ocrx_word' id='word_1_105' title='bbox 479 1863 530 1949; x_wconf 88' lang='lat' dir='ltr'><strong>ab</strong></span> <span class='ocrx_word' id='word_1_106' title='bbox 557 1867 669 1947; x_wconf 88' lang='lat' dir='ltr'><strong>initio</strong></span> <span class='ocrx_word' id='word_1_107' title='bbox 690 1863 856 1947; x_wconf 91' lang='lat' dir='ltr'><strong>induunt</strong></span> <span class='ocrx_word' id='word_1_108' title='bbox 881 1858 1045 1946; x_wconf 75' lang='lat' dir='ltr'><strong>interuld</strong></span> <span class='ocrx_word' id='word_1_109' title='bbox 1067 1859 1231 1948; x_wconf 90' lang='lat' dir='ltr'><strong>candida</strong></span> <span class='ocrx_word' id='word_1_110' title='bbox 1255 1866 1294 1946; x_wconf 82' lang='lat' dir='ltr'><strong>de</strong></span> <span class='ocrx_word' id='word_1_111' title='bbox 1312 1858 1454 1949; x_wconf 90' lang='lat' dir='ltr'><strong>lucida.</strong></span> <span class='ocrx_word' id='word_1_112' title='bbox 1534 1885 1606 1966; x_wconf 85' lang='lat'><strong>78.</strong></span> <span class='ocrx_word' id='word_1_113' title='bbox 1635 1874 1679 1955; x_wconf 83' lang='lat' dir='ltr'><strong>de</strong></span> 
     </span>
     <span class='ocr_line' id='line_1_14' title="bbox 225 1970 1758 2090; baseline 0 -27"><span class='ocrx_word' id='word_1_114' title='bbox 225 1975 346 2064; x_wconf 57' lang='lat' dir='ltr'><strong>Zoni„</strong></span> <span class='ocrx_word' id='word_1_115' title='bbox 429 2005 496 2076; x_wconf 84' lang='lat'><strong>79.</strong></span> <span class='ocrx_word' id='word_1_116' title='bbox 525 1981 566 2058; x_wconf 78' lang='grc' dir='ltr'><strong>δι</strong></span> <span class='ocrx_word' id='word_1_117' title='bbox 584 1973 705 2061; x_wconf 87' lang='lat' dir='ltr'><strong>fasciis</strong></span> <span class='ocrx_word' id='word_1_118' title='bbox 723 2003 797 2090; x_wconf 90' lang='lat' dir='ltr'><strong>pro</strong></span> <span class='ocrx_word' id='word_1_119' title='bbox 822 1970 1053 2088; x_wconf 84' lang='lat' dir='ltr'><strong>colligendis</strong></span> <span class='ocrx_word' id='word_1_120' title='bbox 1079 1974 1258 2061; x_wconf 85' lang='lat' dir='ltr'><strong>crinibus.</strong></span> <span class='ocrx_word' id='word_1_121' title='bbox 1342 1994 1409 2071; x_wconf 81' lang='lat'><strong>80.</strong></span> <span class='ocrx_word' id='word_1_122' title='bbox 1438 1981 1478 2061; x_wconf 79' lang='lat' dir='ltr'><strong>da</strong></span> <span class='ocrx_word' id='word_1_123' title='bbox 1505 1977 1686 2087; x_wconf 84' lang='lat' dir='ltr'><strong>armillis„</strong></span> <span class='ocrx_word' id='word_1_124' title='bbox 1752 1986 1758 1999; x_wconf 83' lang='grc'><strong>”</strong></span> 
     </span>
    </p>
   </div>
   <div class='ocr_carea' id='block_1_6' title="bbox 226 2083 1818 2202">
    <p class='ocr_par' dir='ltr' id='par_1_6' title="bbox 226 2083 1818 2202">
     <span class='ocr_line' id='line_1_15' title="bbox 226 2083 1818 2202; baseline 0.006 -28"><span class='ocrx_word' id='word_1_125' title='bbox 226 2098 267 2174; x_wconf 76' lang='grc' dir='ltr'><strong>δι</strong></span> <span class='ocrx_word' id='word_1_126' title='bbox 291 2086 450 2192; x_wconf 90' lang='lat' dir='ltr'><strong>annulo,</strong></span> <span class='ocrx_word' id='word_1_127' title='bbox 476 2095 514 2173; x_wconf 79' lang='lat' dir='ltr'><strong>de</strong></span> <span class='ocrx_word' id='word_1_128' title='bbox 547 2085 694 2188; x_wconf 81' lang='lat' dir='ltr'><strong>collari,</strong></span> <span class='ocrx_word' id='word_1_129' title='bbox 723 2093 763 2172; x_wconf 88' lang='lat' dir='ltr'><strong>iu</strong></span> <span class='ocrx_word' id='word_1_130' title='bbox 791 2116 876 2202; x_wconf 91' lang='lat' dir='ltr'><strong>quo</strong></span> <span class='ocrx_word' id='word_1_131' title='bbox 911 2092 1166 2173; x_wconf 59' lang='lat' dir='ltr'><strong>characteres*</strong></span> <span class='ocrx_word' id='word_1_132' title='bbox 1180 2083 1527 2202; x_wconf 85' lang='lat' dir='ltr'><strong>correspondentes</strong></span> <span class='ocrx_word' id='word_1_133' title='bbox 1555 2093 1679 2184; x_wconf 83' lang='lat' dir='ltr'><strong>tribus</strong></span> <span class='ocrx_word' id='word_1_134' title='bbox 1816 2128 1818 2132; x_wconf 36' lang='lat'>⁸</span> 
     </span>
    </p>
   </div>
   <div class='ocr_carea' id='block_1_7' title="bbox 220 2198 1679 3240">
    <p class='ocr_par' dir='ltr' id='par_1_7' title="bbox 222 2198 1679 2884">
     <span class='ocr_line' id='line_1_16' title="bbox 225 2198 1679 2316; baseline 0.001 -28"><span class='ocrx_word' id='word_1_135' title='bbox 225 2204 428 2289; x_wconf 85' lang='lat' dir='ltr'><strong>virtutibus</strong></span> <span class='ocrx_word' id='word_1_136' title='bbox 466 2198 710 2316; x_wconf 84' lang='lat' dir='ltr'><strong>theologicis.</strong></span> <span class='ocrx_word' id='word_1_137' title='bbox 824 2224 891 2298; x_wconf 86' lang='lat'><strong>81·</strong></span> <span class='ocrx_word' id='word_1_138' title='bbox 929 2208 969 2286; x_wconf 80' lang='lat' dir='ltr'><strong>de</strong></span> <span class='ocrx_word' id='word_1_139' title='bbox 991 2198 1203 2287; x_wconf 83' lang='lat' dir='ltr'><strong>inauribus.</strong></span> <span class='ocrx_word' id='word_1_140' title='bbox 1313 2206 1419 2287; x_wconf 84' lang='lat' dir='ltr'><strong>Tota</strong></span> <span class='ocrx_word' id='word_1_141' title='bbox 1451 2207 1563 2292; x_wconf 85' lang='lat' dir='ltr'><strong>vestis</strong></span> <span class='ocrx_word' id='word_1_142' title='bbox 1597 2231 1679 2297; x_wconf 90' lang='lat' dir='ltr'><strong>crat</strong></span> 
     </span>
     <span class='ocr_line' id='line_1_17' title="bbox 225 2312 1678 2433; baseline 0.003 -31"><span class='ocrx_word' id='word_1_143' title='bbox 225 2318 372 2402; x_wconf 87' lang='lat' dir='ltr'><strong>intexta</strong></span> <span class='ocrx_word' id='word_1_144' title='bbox 390 2317 681 2402; x_wconf 71' lang='lat' dir='ltr'><strong>characteribus.</strong></span> <span class='ocrx_word' id='word_1_145' title='bbox 763 2319 917 2399; x_wconf 88' lang='lat' dir='ltr'><strong>Horum</strong></span> <span class='ocrx_word' id='word_1_146' title='bbox 932 2312 1224 2433; x_wconf 76' lang='lat' dir='ltr'><strong>quorundamfi</strong></span> <span class='ocrx_word' id='word_1_147' title='bbox 1252 2313 1422 2401; x_wconf 83' lang='lat' dir='ltr'><strong>nificatio</strong></span> <span class='ocrx_word' id='word_1_148' title='bbox 1442 2343 1543 2404; x_wconf 87' lang='lat' dir='ltr'><strong>ctat:</strong></span> <span class='ocrx_word' id='word_1_149' title='bbox 1574 2320 1678 2407; x_wconf 85' lang='lat' dir='ltr'><strong>Mu·</strong></span> 
     </span>
     <span class='ocr_line' id='line_1_18' title="bbox 227 2343 1677 2545; baseline 0.001 -29"><span class='ocrx_word' id='word_1_150' title='bbox 227 2433 304 2525; x_wconf 86' lang='lat' dir='ltr'><strong>riu,</strong></span> <span class='ocrx_word' id='word_1_151' title='bbox 329 2439 449 2517; x_wconf 85' lang='lat' dir='ltr'><strong>mater</strong></span> <span class='ocrx_word' id='word_1_152' title='bbox 466 2429 585 2517; x_wconf 83' lang='lat' dir='ltr'><strong>DEI.</strong></span> <span class='ocrx_word' id='word_1_153' title='bbox 641 2435 691 2516; x_wconf 85' lang='lat' dir='ltr'><strong>Et</strong></span> <span class='ocrx_word' id='word_1_154' title='bbox 713 2426 901 2516; x_wconf 76' lang='lat' dir='ltr'><strong>aliorumr</strong></span> <span class='ocrx_word' id='word_1_155' title='bbox 927 2430 1075 2544; x_wconf 85' lang='lat' dir='ltr'><strong>Maria</strong></span> <span class='ocrx_word' id='word_1_156' title='bbox 1090 2431 1204 2545; x_wconf 81' lang='lat' dir='ltr'><strong>virgo</strong></span> <span class='ocrx_word' id='word_1_157' title='bbox 1224 2343 1284 2522; x_wconf 51' lang='grc' dir='ltr'><strong>ξφ</strong></span> <span class='ocrx_word' id='word_1_158' title='bbox 1304 2437 1437 2515; x_wconf 82' lang='lat' dir='ltr'><strong>mater.</strong></span> <span class='ocrx_word' id='word_1_159' title='bbox 1504 2454 1571 2536; x_wconf 75' lang='lat' dir='ltr'><strong>ua.</strong></span> <span class='ocrx_word' id='word_1_160' title='bbox 1593 2434 1677 2518; x_wconf 91' lang='lat' dir='ltr'><strong>De·</strong></span> 
     </span>
     <span class='ocr_line' id='line_1_19' title="bbox 226 2535 1677 2656; baseline 0.003 -29"><span class='ocrx_word' id='word_1_161' title='bbox 226 2542 368 2643; x_wconf 87' lang='lat' dir='ltr'><strong>ccbat,</strong></span> <span class='ocrx_word' id='word_1_162' title='bbox 405 2567 448 2627; x_wconf 95' lang='lat' dir='ltr'><strong>ut</strong></span> <span class='ocrx_word' id='word_1_163' title='bbox 485 2569 606 2628; x_wconf 89' lang='lat' dir='ltr'><strong>mater</strong></span> <span class='ocrx_word' id='word_1_164' title='bbox 651 2545 742 2627; x_wconf 80' lang='lat' dir='ltr'><strong>DEI</strong></span> <span class='ocrx_word' id='word_1_165' title='bbox 786 2545 977 2652; x_wconf 84' lang='lat' dir='ltr'><strong>particeps</strong></span> <span class='ocrx_word' id='word_1_166' title='bbox 1028 2538 1140 2624; x_wconf 87' lang='lat' dir='ltr'><strong>fieret</strong></span> <span class='ocrx_word' id='word_1_167' title='bbox 1172 2543 1278 2650; x_wconf 85' lang='lat' dir='ltr'><strong>ptius</strong></span> <span class='ocrx_word' id='word_1_168' title='bbox 1313 2535 1382 2624; x_wconf 89' lang='lat' dir='ltr'><strong>filii</strong></span> <span class='ocrx_word' id='word_1_169' title='bbox 1416 2548 1677 2656; x_wconf 86' lang='lat' dir='ltr'><strong>pergratiam</strong></span> 
     </span>
     <span class='ocr_line' id='line_1_20' title="bbox 223 2649 1673 2772; baseline 0 -31"><span class='ocrx_word' id='word_1_170' title='bbox 223 2661 265 2741; x_wconf 91' lang='lat' dir='ltr'><strong>in</strong></span> <span class='ocrx_word' id='word_1_171' title='bbox 292 2653 440 2741; x_wconf 92' lang='lat' dir='ltr'><strong>summo</strong></span> <span class='ocrx_word' id='word_1_172' title='bbox 467 2659 588 2770; x_wconf 88' lang='lat' dir='ltr'><strong>gradu</strong></span> <span class='ocrx_word' id='word_1_173' title='bbox 612 2685 715 2772; x_wconf 82' lang='lat' dir='ltr'><strong>pura</strong></span> <span class='ocrx_word' id='word_1_174' title='bbox 742 2677 921 2740; x_wconf 80' lang='lat' dir='ltr'><strong>creatura</strong></span> <span class='ocrx_word' id='word_1_175' title='bbox 947 2649 1126 2765; x_wconf 81' lang='lat' dir='ltr'><strong>possibili,</strong></span> <span class='ocrx_word' id='word_1_176' title='bbox 1153 2675 1363 2767; x_wconf 85' lang='lat' dir='ltr'><strong>antequam</strong></span> <span class='ocrx_word' id='word_1_177' title='bbox 1383 2660 1464 2762; x_wconf 87' lang='lat' dir='ltr'><strong>ejus</strong></span> <span class='ocrx_word' id='word_1_178' title='bbox 1479 2661 1673 2772; x_wconf 78' lang='lat' dir='ltr'><strong>particeps</strong></span> 
     </span>
     <span class='ocr_line' id='line_1_21' title="bbox 222 2768 1314 2884; baseline -0.002 -28"><span class='ocrx_word' id='word_1_179' title='bbox 222 2768 324 2856; x_wconf 74' lang='lat' dir='ltr'><strong>facta</strong></span> <span class='ocrx_word' id='word_1_180' title='bbox 348 2769 611 2884; x_wconf 87' lang='lat' dir='ltr'><strong>corporaliter.</strong></span> <span class='ocrx_word' id='word_1_181' title='bbox 1156 2856 1160 2866; x_wconf 77' lang='grc'>,</span> <span class='ocrx_word' id='word_1_182' title='bbox 1302 2794 1314 2815; x_wconf 90' lang='grc'><em>·</em></span> 
     </span>
    </p>

    <p class='ocr_par' dir='ltr' id='par_1_8' title="bbox 220 2875 1671 3240">
     <span class='ocr_line' id='line_1_22' title="bbox 252 2875 1671 3024; baseline 0.001 -57"><span class='ocrx_word' id='word_1_183' title='bbox 252 2998 265 3024; x_wconf 27' lang='lat' dir='ltr'>x</span> <span class='ocrx_word' id='word_1_184' title='bbox 339 2905 407 2988; x_wconf 74' lang='lat'><strong>83.</strong></span> <span class='ocrx_word' id='word_1_185' title='bbox 449 2889 493 2967; x_wconf 93' lang='lat' dir='ltr'><strong>ln</strong></span> <span class='ocrx_word' id='word_1_186' title='bbox 515 2887 595 2968; x_wconf 92' lang='lat' dir='ltr'><strong>hoc</strong></span> <span class='ocrx_word' id='word_1_187' title='bbox 612 2886 707 2968; x_wconf 91' lang='lat' dir='ltr'><strong>mari</strong></span> <span class='ocrx_word' id='word_1_188' title='bbox 734 2882 930 3015; x_wconf 81' lang='lat' dir='ltr'><strong>doporum</strong></span> <span class='ocrx_word' id='word_1_189' title='bbox 949 2883 990 2965; x_wconf 81' lang='lat' dir='ltr'><strong>B.</strong></span> <span class='ocrx_word' id='word_1_190' title='bbox 1008 2885 1059 2966; x_wconf 90' lang='lat' dir='ltr'><strong>V.</strong></span> <span class='ocrx_word' id='word_1_191' title='bbox 1078 2875 1165 2993; x_wconf 87' lang='lat' dir='ltr'><strong>qud</strong></span> <span class='ocrx_word' id='word_1_192' title='bbox 1191 2877 1392 3012; x_wconf 78' lang='lat' dir='ltr'><strong>ingredior</strong></span> <span class='ocrx_word' id='word_1_193' title='bbox 1418 2878 1671 2994; x_wconf 58' lang='lat' dir='ltr'><strong>profundius*</strong></span> 
     </span>
     <span class='ocr_line' id='line_1_23' title="bbox 220 2987 1666 3240; baseline -0.001 -46"><span class='ocrx_word' id='word_1_194' title='bbox 220 3025 275 3194; x_wconf 74' lang='lat' dir='ltr'><strong>is</strong></span> <span class='ocrx_word' id='word_1_195' title='bbox 294 2994 559 3195; x_wconf 57' lang='lat' dir='ltr'><strong>silisis?</strong></span> <span class='ocrx_word' id='word_1_196' title='bbox 576 2989 1010 3240; x_wconf 58' lang='lat' dir='ltr'><strong>scissilis</strong></span> <span class='ocrx_word' id='word_1_197' title='bbox 1030 2998 1071 3191; x_wconf 69' lang='grc' dir='ltr'>ῗὲ</span> <span class='ocrx_word' id='word_1_198' title='bbox 1092 2987 1666 3219; x_wconf 56' lang='lat' dir='ltr'><strong>lisirsssilhphlsls</strong></span> 
     </span>
    </p>
   </div>
   <div class='ocr_carea' id='block_1_8' title="bbox 219 3220 1661 3450">
    <p class='ocr_par' dir='ltr' id='par_1_9' title="bbox 219 3220 1661 3450">
     <span class='ocr_line' id='line_1_24' title="bbox 219 3220 575 3337; baseline 0 -29"><span class='ocrx_word' id='word_1_199' title='bbox 219 3220 299 3309; x_wconf 88' lang='lat' dir='ltr'><strong>suas</strong></span> <span class='ocrx_word' id='word_1_200' title='bbox 318 3227 575 3337; x_wconf 90' lang='lat' dir='ltr'><strong>cognitiones.</strong></span> 
     </span>
     <span class='ocr_line' id='line_1_25' title="bbox 335 3324 1661 3450; baseline -0.002 -27"><span class='ocrx_word' id='word_1_201' title='bbox 335 3357 402 3435; x_wconf 83' lang='lat'><strong>87.</strong></span> <span class='ocrx_word' id='word_1_202' title='bbox 433 3344 474 3423; x_wconf 85' lang='lat' dir='ltr'><strong>B.</strong></span> <span class='ocrx_word' id='word_1_203' title='bbox 501 3341 626 3450; x_wconf 91' lang='lat' dir='ltr'><strong>Virgo</strong></span> <span class='ocrx_word' id='word_1_204' title='bbox 650 3335 792 3418; x_wconf 87' lang='lat' dir='ltr'><strong>DEum</strong></span> <span class='ocrx_word' id='word_1_205' title='bbox 821 3330 926 3448; x_wconf 89' lang='lat' dir='ltr'><strong>quast</strong></span> <span class='ocrx_word' id='word_1_206' title='bbox 952 3325 1140 3440; x_wconf 84' lang='lat' dir='ltr'><strong>obligavit</strong></span> <span class='ocrx_word' id='word_1_207' title='bbox 1165 3324 1236 3418; x_wconf 91' lang='lat' dir='ltr'><strong>suo</strong></span> <span class='ocrx_word' id='word_1_208' title='bbox 1262 3355 1398 3417; x_wconf 82' lang='lat' dir='ltr'><strong>amore</strong></span> <span class='ocrx_word' id='word_1_209' title='bbox 1424 3329 1476 3417; x_wconf 90' lang='lat' dir='ltr'><strong>ad</strong></span> <span class='ocrx_word' id='word_1_210' title='bbox 1501 3328 1661 3421; x_wconf 72' lang='lat' dir='ltr'><strong>descen:</strong></span> 
     </span>
    </p>
   </div>
   <div class='ocr_carea' id='block_1_9' title="bbox 212 3440 1733 4218">
    <p class='ocr_par' dir='ltr' id='par_1_10' title="bbox 213 3440 1733 4015">
     <span class='ocr_line' id='line_1_26' title="bbox 217 3440 1663 3550; baseline -0.001 -15"><span class='ocrx_word' id='word_1_211' title='bbox 217 3451 391 3536; x_wconf 91' lang='lat' dir='ltr'><strong>dendum</strong></span> <span class='ocrx_word' id='word_1_212' title='bbox 439 3456 480 3535; x_wconf 90' lang='lat' dir='ltr'><strong>in</strong></span> <span class='ocrx_word' id='word_1_213' title='bbox 533 3473 690 3545; x_wconf 89' lang='lat' dir='ltr'><strong>terras,</strong></span> <span class='ocrx_word' id='word_1_214' title='bbox 748 3453 788 3530; x_wconf 76' lang='lat' dir='ltr'><strong>dr</strong></span> <span class='ocrx_word' id='word_1_215' title='bbox 845 3447 898 3531; x_wconf 90' lang='lat' dir='ltr'><strong>ad</strong></span> <span class='ocrx_word' id='word_1_216' title='bbox 949 3442 1233 3531; x_wconf 84' lang='lat' dir='ltr'><strong>dissolvendum</strong></span> <span class='ocrx_word' id='word_1_217' title='bbox 1279 3440 1380 3530; x_wconf 85' lang='lat' dir='ltr'><strong>illud</strong></span> <span class='ocrx_word' id='word_1_218' title='bbox 1433 3444 1629 3533; x_wconf 87' lang='lat' dir='ltr'><strong>vinculum</strong></span> <span class='ocrx_word' id='word_1_219' title='bbox 1642 3465 1663 3550; x_wconf 68' lang='lat'><strong>,⁴</strong></span> 
     </span>
     <span class='ocr_line' id='line_1_27' title="bbox 215 3553 1660 3703; baseline -0.001 -55"><span class='ocrx_word' id='word_1_220' title='bbox 215 3565 328 3697; x_wconf 84' lang='lat' dir='ltr'><strong>quod</strong></span> <span class='ocrx_word' id='word_1_221' title='bbox 356 3559 464 3650; x_wconf 90' lang='lat' dir='ltr'><strong>illum</strong></span> <span class='ocrx_word' id='word_1_222' title='bbox 501 3559 598 3651; x_wconf 89' lang='lat' dir='ltr'><strong>ulua</strong></span> <span class='ocrx_word' id='word_1_223' title='bbox 631 3566 810 3675; x_wconf 91' lang='lat' dir='ltr'><strong>quinque</strong></span> <span class='ocrx_word' id='word_1_224' title='bbox 849 3585 1038 3659; x_wconf 65' lang='lat' dir='ltr'><strong>arantum</strong></span> <span class='ocrx_word' id='word_1_225' title='bbox 1075 3553 1195 3643; x_wconf 89' lang='lat' dir='ltr'><strong>millia</strong></span> <span class='ocrx_word' id='word_1_226' title='bbox 1222 3557 1271 3643; x_wconf 91' lang='lat' dir='ltr'><strong>ab</strong></span> <span class='ocrx_word' id='word_1_227' title='bbox 1301 3585 1353 3645; x_wconf 90' lang='lat' dir='ltr'><strong>eo</strong></span> <span class='ocrx_word' id='word_1_228' title='bbox 1380 3555 1560 3648; x_wconf 85' lang='lat' dir='ltr'><strong>descensu</strong></span> <span class='ocrx_word' id='word_1_229' title='bbox 1586 3567 1660 3703; x_wconf 84' lang='lat' dir='ltr'><strong>int·¹</strong></span> 
     </span>
     <span class='ocr_line' id='line_1_28' title="bbox 213 3679 1733 3904; baseline 0.001 -29"><span class='ocrx_word' id='word_1_230' title='bbox 213 3679 487 3888; x_wconf 47' lang='lat' dir='ltr'><strong>pedl&#39;vffse.</strong></span> <span class='ocrx_word' id='word_1_231' title='bbox 518 3797 562 3874; x_wconf 88' lang='lat' dir='ltr'><strong>B.</strong></span> <span class='ocrx_word' id='word_1_232' title='bbox 588 3791 712 3899; x_wconf 90' lang='lat' dir='ltr'><strong>Virgo</strong></span> <span class='ocrx_word' id='word_1_233' title='bbox 734 3791 858 3871; x_wconf 88' lang='lat' dir='ltr'><strong>oravit</strong></span> <span class='ocrx_word' id='word_1_234' title='bbox 872 3786 925 3871; x_wconf 90' lang='lat' dir='ltr'><strong>ad</strong></span> <span class='ocrx_word' id='word_1_235' title='bbox 942 3785 1086 3870; x_wconf 80' lang='lat' dir='ltr'><strong>Dlium&#39;</strong></span> <span class='ocrx_word' id='word_1_236' title='bbox 1109 3785 1169 3870; x_wconf 87' lang='lat' dir='ltr'><strong>his</strong></span> <span class='ocrx_word' id='word_1_237' title='bbox 1190 3782 1407 3870; x_wconf 82' lang='lat' dir='ltr'><strong>desideriisa</strong></span> <span class='ocrx_word' id='word_1_238' title='bbox 1442 3783 1546 3873; x_wconf 73' lang='lat' dir='ltr'><strong>Ahl</strong></span> <span class='ocrx_word' id='word_1_239' title='bbox 1565 3738 1658 3904; x_wconf 72' lang='lat' dir='ltr'><strong>quis</strong></span> <span class='ocrx_word' id='word_1_240' title='bbox 1731 3820 1733 3824; x_wconf 52' lang='lat'><strong><em>⁴</em></strong></span> 
     </span>
     <span class='ocr_line' id='line_1_29' title="bbox 213 3895 1657 4015; baseline 0.003 -30"><span class='ocrx_word' id='word_1_241' title='bbox 213 3909 359 4015; x_wconf 90' lang='lat' dir='ltr'><strong>poterit</strong></span> <span class='ocrx_word' id='word_1_242' title='bbox 390 3906 591 3990; x_wconf 89' lang='lat' dir='ltr'><strong>detrahere</strong></span> <span class='ocrx_word' id='word_1_243' title='bbox 617 3904 867 4015; x_wconf 84' lang='lat' dir='ltr'><strong>Unigenitum</strong></span> <span class='ocrx_word' id='word_1_244' title='bbox 895 3926 943 3983; x_wconf 87' lang='lat' dir='ltr'><strong>ex</strong></span> <span class='ocrx_word' id='word_1_245' title='bbox 972 3895 1055 3983; x_wconf 79' lang='lat' dir='ltr'><strong>sinu</strong></span> <span class='ocrx_word' id='word_1_246' title='bbox 1085 3901 1225 4010; x_wconf 74' lang='lat' dir='ltr'><strong>patries</strong></span> <span class='ocrx_word' id='word_1_247' title='bbox 1339 3903 1539 4013; x_wconf 82' lang='lat' dir='ltr'><strong>ispotetit</strong></span> <span class='ocrx_word' id='word_1_248' title='bbox 1564 3928 1657 3991; x_wconf 88' lang='lat' dir='ltr'><strong>eum</strong></span> 
     </span>
    </p>

    <p class='ocr_par' dir='ltr' id='par_1_11' title="bbox 212 4005 1692 4218">
     <span class='ocr_line' id='line_1_30' title="bbox 212 4005 1692 4218; baseline -0.007 -115"><span class='ocrx_word' id='word_1_249' title='bbox 212 4044 444 4131; x_wconf 85' lang='lat' dir='ltr'><strong>permovere</strong></span> <span class='ocrx_word' id='word_1_250' title='bbox 461 4019 513 4106; x_wconf 85' lang='lat' dir='ltr'><strong>ad</strong></span> <span class='ocrx_word' id='word_1_251' title='bbox 537 4017 815 4133; x_wconf 85' lang='lat' dir='ltr'><strong>porrigendum</strong></span> <span class='ocrx_word' id='word_1_252' title='bbox 840 4037 982 4126; x_wconf 72' lang='lat' dir='ltr'><strong>nature</strong></span> <span class='ocrx_word' id='word_1_253' title='bbox 1003 4014 1138 4104; x_wconf 84' lang='lat' dir='ltr'><strong>nostrae</strong></span> <span class='ocrx_word' id='word_1_254' title='bbox 1157 4005 1258 4101; x_wconf 88' lang='lat' dir='ltr'><strong>illud</strong></span> <span class='ocrx_word' id='word_1_255' title='bbox 1311 4007 1456 4144; x_wconf 57' lang='lat' dir='ltr'><strong>‚culum</strong></span> <span class='ocrx_word' id='word_1_256' title='bbox 1476 4013 1500 4098; x_wconf 81' lang='lat' dir='ltr'><strong>i</strong></span> <span class='ocrx_word' id='word_1_257' title='bbox 1520 4008 1655 4218; x_wconf 60' lang='lat' dir='ltr'><strong>spnoposa</strong></span> <span class='ocrx_word' id='word_1_258' title='bbox 1688 4076 1692 4093; x_wconf 93' lang='lat'><strong>.</strong></span> 
     </span>
    </p>
   </div>
   <div class='ocr_carea' id='block_1_10' title="bbox 0 0 1902 4994">
    <p class='ocr_par' dir='ltr' id='par_1_12' title="bbox 0 0 1902 4994">
     <span class='ocr_line' id='line_1_31' title="bbox 0 0 1902 4994; baseline 0 9"><span class='ocrx_word' id='word_1_259' title='bbox 0 0 1902 4994; x_wconf 95' lang='lat' dir='ltr'><strong> </strong></span> 
     </span>
    </p>
   </div>
  </div>
 </body>
</html>
