3796 4994
591 357 791 455 neverat.
811 355 864 454 de
886 352 1077 489 Agr'eda.
1093 360 1204 452 Pars
1222 323 1305 457 ill.
1561 394 1667 491 447
1720 460 1751 493 ,υ

338 587 436 664 424.
476 555 697 645 Permissum
721 563 836 646 etiam
856 556 1065 657 Lucifero,
1087 581 1130 642 ut
1151 585 1239 662 cum
1258 554 1323 642 sua
1347 559 1513 646 cohorte
1530 565 1665 653 denuo

221 676 356 762 redeat
378 681 574 760 interram
597 698 773 771 exorto,
791 680 831 758 in
849 700 968 788 quem
988 671 1073 759 dB.
1092 674 1253 785 Virgine
1278 670 1450 756 detrusus
1469 674 1607 764 fuerat.

336 819 433 892 425.
473 792 588 872 Tunc
611 785 766 888 Lucifer
803 814 934 872 coram
961 789 1144 871 Domino
1183 788 1423 900 conquestus·
1444 794 1497 875 est
1529 818 1665 879 contra

213 910 264 990 B.
281 907 496 1017 Virginem,
519 901 614 986 ficut
634 927 710 985 con
743 904 869 986 uestus
888 902 943 986 est
962 924 1096 985 contra
1118 900 1201 1003 Job
1229 945 1248 965 -
1525 972 1528 977 .

333 1030 432 1121 426.
469 1019 580 1100 Deus
597 929 764 1126 permilt
786 1012 968 1100 Lucifero
995 1038 1168 1128 pugnare
1188 1039 1321 1102 contra
1341 1021 1388 1103 B.
1408 1021 1456 1103 V.
1475 1010 1542 1103 led
1570 1045 1667 1120 com·¹
1705 1077 1706 1080 κ

221 1132 403 1229 ditiones,
427 1157 522 1244 quas
545 1127 765 1242 expetebat,
787 1156 870 1212 non
890 1127 1069 1240 permisit.
1509 1124 1513 1135 ’
1725 1135 1728 1140 ’

236 1288 241 1297 ·
335 1278 363 1350 4
369 1276 386 1349 3
399 1273 434 1329 1.
463 1251 509 1328 Β.
526 1249 650 1357 Virgo
666 1236 849 1355 persolvit
861 1238 1041 1356 speciales
1056 1271 1190 1358 preces
1208 1272 1284 1357 pro
1302 1243 1485 1359 Ephesis,
1508 1271 1553 1335 ut
1569 1274 1664 1334 con·

218 1383 468 1446 verteremur.
1120 1394 1142 1421 ·-

334 1503 433 1577 432.
477 1472 587 1557 Deus
607 1467 826 1585 respondit,
851 1471 968 1585 quod
990 1473 1103 1586 possit
1127 1498 1312 1590 tanquam
1336 1473 1513 1560 Domina
1530 1474 1664 1564 Eccle·
1802 1538 1805 1542 -

218 1587 277 1677 fiae
292 1594 331 1673 dc
351 1594 471 1673 torius
489 1585 629 1671 mundi
650 1590 802 1699 operari
824 1586 1013 1697 potestate
1037 1584 1225 1687 absoluta,
1253 1613 1501 1702 quecunque
1526 1586 1665 1678 volue·
1772 1640 1774 1646 ·

217 1711 277 1789 rit.
305 1704 411 1789 Cum
425 1702 497 1786 bac
510 1696 756 1810 responsione
769 1707 811 1784 B.
821 1703 946 1812 Virgo
956 1697 1067 1785 simul
1077 1699 1375 1814 agnovit‚quod
1386 1702 1662 1809 justitiadivina

217 1813 310 1910 velit
334 1811 502 1899 totaliter
523 1810 655 1898 delere
680 1811 884 1925 Ephesos,
913 1818 952 1896 δι
981 1815 1095 1927 quod
1114 1813 1166 1901 ab
1190 1842 1236 1899 ea
1257 1809 1450 1925 exspecter
1465 1813 1661 1905 assensum.
1784 1816 1789 1823 ’

330 1957 450 2032 4340
466 1934 508 2013 B.
526 1933 649 2039 Virgo
668 1930 850 2122 aqnovir‚
873 1926 985 2038 quod
1006 1926 1159 2013 Lucifer
1177 1924 1306 2013 multis
1328 1922 1467 2011 saeculis
1489 1953 1579 2014 ante
1597 1933 1662 2018 In·

215 2049 477 2134 camationem
501 2045 542 2126 in
569 2043 700 2129 Conci
715 2044 756 2124 io
775 2034 909 2153 aliquo
927 2039 1160 2139 doemonum
1179 2044 1346 2127 statuerit
1364 2040 1501 2126 multas
1519 2045 1662 2157 Legio-

216 2188 286 2246 nes
309 2158 542 2244 doemonum
568 2158 721 2240 mittete
744 2158 785 2240 in
810 2154 998 2241 mundum
1030 2156 1084 2241 ad
1119 2146 1419 2269 expugnandam
1438 2157 1660 2259 castitatem,

212 2296 504 2399 paupertatem,
528 2268 863 2356 &obedientiam
895 2301 896 2305 ¹
920 2270 967 2354 In
994 2263 1065 2355 illo
1086 2267 1273 2358 Concilio
1295 2269 1503 2355 statuerunt
1531 2274 1661 2373 etiam,

214 2387 463 2474 introducere
489 2379 655 2496 aliquod
678 2411 799 2495 genus
819 2384 1145 2494 hypocriticarum
1162 2388 1367 2497 virginum,
1391 2381 1513 2495 quise
1535 2387 1661 2472 devo·

216 2525 349 2587 vetent
361 2496 512 2583 servitio
525 2499 771 2582 doemonum.
825 2498 1091 2580 Decreverunt
1109 2498 1176 2580 has
1189 2502 1353 2610 virgines
1376 2494 1571 2583 cumulare
1587 2499 1661 2583 bo-

215 2621 275 2704 nis
300 2616 477 2719 extemis,
507 2616 546 2694 &
567 2608 750 2695 omnibus
771 2607 1141 2707 commoditatibus,
1161 2633 1229 2706 ut,
1255 2609 1349 2695 dum
1366 2604 1521 2720 publici
1542 2611 1662 2721 profi·

214 2753 345 2816 rentur
367 2729 598 2821 castitatem,
621 2726 662 2807 in
689 2718 837 2809 secreto
862 2726 993 2807 vivant
1019 2717 1231 2812 luxuriose.
1286 2735 1384 2826 436.
1414 2717 1550 2838 Aliqui
1569 2725 1661 2812 doe·

215 2869 354 2929 mones
372 2835 600 2938 censebant,
622 2839 701 2922 hoc
717 2863 837 2950 genus
854 2841 939 2921 virae
953 2832 1206 2948 plantandum
1227 2834 1302 2922 else
1327 2833 1572 2924 intersertum
1600 2845 1660 2927 vi-

214 2954 344 3045 rilem;
372 2949 436 3037 alii
456 2978 583 3037 aurem
604 2949 840 3056 iudicabant,
869 2946 1066 3064 eligendas
1085 2949 1160 3044 else
1179 2949 1367 3037 mulieres.
1612 2956 1620 2966 '

239 3151 241 3154 Α
298 3121 302 3128 -
329 3089 428 3169 438.
462 3069 600 3181 Iraque
622 3061 821 3175 elegerunt
843 3063 1077 3152 Amazones.
1147 3067 1370 3153 Amazones
1391 3065 1449 3148 hae
1467 3092 1658 3156 venerunt

208 3214 264 3271 ex
280 3185 438 3294 Scythia
453 3185 493 3265 in
512 3178 613 3280 Alia,
625 3178 692 3261 ubi
711 3173 748 3260 se
767 3178 1004 3263 detinebant.
1059 3183 1173 3264 Eram
1186 3176 1388 3280 bellicosa,
1402 3183 1442 3261 δι
1460 3176 1532 3264 luis
1545 3186 1659 3268 armis

212 3296 444 3410 subegerunt
467 3292 606 3377 multas
623 3294 815 3406 regiones.
871 3292 1013 3376 Sedem
1036 3297 1183 3407 regiam
1207 3289 1416 3406 posuerunt
1439 3295 1587 3405 Ephefi.
1647 3296 1650 3300 ’
1819 3326 1823 3340 ·

329 3439 427 3512 439·
468 3411 578 3492 Brevi
602 3432 783 3490 numerus
811 3406 946 3489 harum
974 3409 1164 3521 virginum
1189 3400 1411 3493 notabiliter
1432 3415 1564 3493 auctus
1590 3414 1657 3500 est.

215 3519 417 3610 interillos
436 3516 650 3607 excellebat
671 3514 814 3632 aliqua,
832 3521 992 3604 nomine
1013 3524 1152 3633 Diana.
1209 3524 1406 3618 Doem'on,
1424 3524 1551 3608 utilia
1569 3530 1656 3612 Vir·

215 3668 271 3752 go
287 3637 511 3723 adoraretur
522 3662 596 3747 pro
611 3636 711 3733 Dea,
726 3659 826 3728 cam,
844 3632 936 3716 dum
955 3634 1082 3720 adhuc
1100 3661 1181 3720 erat
1196 3640 1237 3721 in
1257 3640 1366 3732 vivis,
1383 3633 1479 3747 saepe
1493 3642 1656 3726 circum·
1739 3716 1743 3723 .

211 3744 324 3837 dedit
341 3746 558 3863 splendore,
577 3742 761 3831 revelavit
781 3744 847 3858 ipfi
868 3741 1104 3851 abscondita,
1115 3774 1158 3835 ut
1170 3750 1440 3947 prophetaret,
1459 3755 1498 3834 dt
1518 3753 1656 3843 docuit

213 3865 319 3954 illam
342 3870 461 3947 varias
491 3865 734 3948 caeremonias
758 3856 1043 3949 Ecdefiallicas.
1097 3869 1169 3950 Mu
1186 3868 1234 3950 tis
1253 3866 1387 3978 polica
1408 3861 1561 3954 Saeculis
1579 3867 1656 3954 fuit

213 3977 269 4070 illi
285 3975 421 4092 Ephesi
447 3974 672 4061 aedificatum
689 3968 888 4086 templum.
1103 4055 1107 4061 .

329 4120 427 4195 440·
442 4092 651 4203 Postquam
660 4109 788 4178 autem
800 4088 1023 4204 Amazones
1039 4087 1062 4180 ὲ
1077 4084 1417 4210 finitimispopulis
1433 4097 1539 4181 vida
1555 4091 1653 4197 sunt,
1692 4135 1699 4141 ·
1744 4095 1749 4103 ’
1855 4176 1894 4191 ,,

1555 4233 1656 4298 tem·
