3796 4994
326 266 332 274 -
459 154 484 185 ’
634 211 939 317 Revelationes
972 218 1020 317 S.
1051 142 1312 362 dmtendin
1616 252 1679 348 73

349 422 398 511 1:
415 445 455 526 4.
481 418 532 509 C.
549 447 616 524 41.
640 420 689 508 fic
713 421 897 510 habeturr
931 419 1158 527 Gertrudea,
1182 418 1278 514 ‚dum
1300 412 1455 535 lusiam
1484 418 1688 513 Dominici

235 533 403 652 corporis
433 535 609 625 Domino
644 532 798 646 osserret
822 562 893 650 pro
920 534 959 653 s
989 535 1154 650 pletione
1181 534 1487 654 negligentiarum
1510 536 1686 652 finarum,

236 650 294 750 ὅ
314 647 385 737 boc
400 655 552 764 faceret
572 678 617 738 ea
628 648 830 769 fidelitate,
852 661 897 737 ut
913 562 994 765 ip'sl
1010 647 1235 762 desderaret
1256 653 1297 736 in
1311 648 1357 773 se
1370 649 1516 764 semper
1535 675 1685 763 poenam

236 766 545 884 negligentiarum
559 765 719 878 fiturum
738 767 931 876 perferre,
955 793 1028 875 quo
1050 761 1308 853 tantummodo
1329 763 1520 879 suppleret
1546 766 1687 852 Domi·

236 908 314 979 no,
340 876 523 992 quidqud
551 878 624 989 fibi
651 876 896 991 strltrarciset
925 875 1156 967 condecentia
1186 878 1314 998 glorie
1351 878 1409 976 fin*
1439 877 1593 969 lionoris
1608 905 1687 992 per

235 993 479 1113 negligentias
489 994 596 1107 fiam,
620 989 803 1108 benignus
831 994 1043 1095 Dominus,
1067 999 1131 1105 qui
1155 993 1290 1081 bonam
1313 993 1557 1083 voluntatem>
1579 1023 1685 1081 occe.-

229 1118 321 1224 ptat
337 1132 412 1223 pro
421 1111 543 1221 salto,
565 1102 773 1195 uidebatur
795 1106 943 1220 implere
968 1135 1075 1195 omne
1094 1105 1305 1219 defidentia
1327 1096 1456 1223 suum.
1506 1113 1587 1194 Eo!
1614 1117 1686 1195 itc-

234 1252 323 1310 tum
353 1221 526 1339 quivult
550 1218 722 1336 perferre
745 1250 881 1334 poenas
902 1228 1128 1336 purgatorii,
1148 1223 1254 1306 idem
1280 1225 1361 1325 est,
1379 1250 1425 1308 ac
1446 1223 1474 1308 fi
1493 1228 1574 1308 iam
1597 1231 1684 1308 otiu

233 1334 464 1451 penuliffetc
492 1344 532 1421 δε
558 1343 629 1450 qui
652 1332 735 1420 vult
755 1339 882 1421 redire
903 1338 953 1420 ad
978 1340 1140 1450 gradum
1162 1336 1295 1452 gloria
1323 1339 1546 1451 perdimm,
1576 1337 1710 1423 idem·

212 1456 304 1550 eli,
325 1479 371 1537 ac
391 1450 418 1538 fi
437 1479 636 1566 nunquam
652 1446 762 1534 illum
783 1449 1018 1563 perdidiffet.
1689 1488 1699 1529 ·.

351 1682 395 1766 1„
423 1707 459 1781 5.
483 1681 535 1766 C.
564 1679 927 1781 31.S.Gertrodes
953 1681 1004 1765 ad
1033 1683 1248 1765 Dominum
1273 1683 1355 1766 aire·
1380 1679 1572 1806 Qamvis
1597 1680 1686 1770 Do·

235 1795 335 1883 mine
352 1818 434 1908 pra
452 1795 626 1884 omnibta
655 1792 791 1882 deliria
813 1793 885 1881 laoc
910 1789 1001 1879 milri
1019 1790 1231 1902 exoptabile
1244 1796 1308 1906 st,
1334 1805 1378 1882 ut
1395 1823 1545 1883 carcere
1562 1804 1685 1884 camis
1791 1794 1796 1803 ’

235 1907 368 1996 eluda
396 1909 468 1996 tiln'
495 1907 696 2025 adungam
723 1922 848 1996 tamen
878 1911 913 2019 fi
940 1907 1011 1997 tibi
1033 1903 1104 1995 boc
1129 1907 1321 2020 placeret,'
1334 1908 1505 2028 eligerem
1527 1904 1589 1999 laic
1616 1936 1685 1997 ua·-

237 2048 309 2137 que
342 2026 383 2109 in
411 2023 507 2111 diem
527 2020 667 2136 judicii
684 2048 942 2136 *perarantem
984 2019 1042 2119 Θ
1077 2020 1148 2109 tibi
1169 2019 1245 2108 ad
1270 2020 1415 2109 uadem
1445 2026 1486 2110 in
1512 2037 1699 2148 exuent„

238 2135 382 2250 miseria
403 2138 545 2257 degere.
602 2135 674 2223 Aa
690 2135 793 2250 quod
808 2138 1014 2225 Dominam.
1072 2132 1182 2223 Talis
1199 2134 1383 2238 voluntas
1399 2134 1504 2250 apud
1520 2165 1576 2227 me
1596 2149 1687 2229 tan·

238 2262 319 2339 tunt
342 2248 509 2366 obtinuit
526 2249 706 2366 assellam,
734 2253 831 2361 aas
853 2256 1075 2362 omniaque
1096 2247 1316 2361 alberoni,
1336 2251 1592 2365 perselttffimo·
1606 2281 1687 2340 mo-

236 2363 288 2452 do
313 2389 416 2477 opere
435 2368 655 2480 perfecisses.
750 2373 843 2451 Haec
863 2366 1038 2450 doctrina
1060 2366 1179 2451 habet
1196 2360 1472 2469 difficultatem,
1490 2392 1574 2450 rum
1594 2371 1688 2479 quia

237 2506 361 2589 opera
385 2507 542 2566 externa
564 2487 665 2588 juxta
693 2477 925 2593 Theologoc
946 2475 1077 2564 saltem
1104 2507 1173 2591 per
1204 2482 1382 2565 accidens
1411 2505 1551 2594 augent
1572 2480 1690 2581 meri·¹

237 2619 337 2690 tum,
358 2597 587 2698 inquantum
609 2600 735 2679 attunt
754 2603 946 2678 internum
966 2594 1136 2679 reddunt
1153 2592 1414 2691 intensiorem,
1436 2591 1689 2703 deliberatio-
1820 2650 1823 2658 ·

238 2735 336 2803 rem,
361 2708 628 2805 extensionem,
651 2707 957 2822 frequentiorem
986 2712 1060 2792 dcc,
1088 2731 1172 2792 tum
1201 2713 1314 2792 etiam
1342 2711 1420 2792 hoc
1440 2712 1686 2820 principium,
1740 2724 1745 2731 “

237 2823 353 2935 quod
376 2820 556 2907 voluntas
583 2849 780 2935 reputetur
808 2852 882 2935 pto
911 2850 1033 2935 opere
1067 2850 1150 2905 non
1179 2822 1358 2934 procedit
1382 2827 1423 2907 in
1450 2827 1496 2907 iis
1523 2829 1688 2910 aaroni·

240 2935 314 3020 bus
342 2942 526 3032 externis,
546 2939 809 3049 quae·habent
838 2936 1008 3036 ‚fructum
1028 2963 1076 3020 ex
1102 2963 1223 3049 opere
1248 2963 1427 3049 operato,
1442 2961 1509 3022 aut
1536 2965 1584 3023 ex
1603 2939 1697 3052 spo.

238 3047 324 3134 ciali
356 3049 605 3164 promilstonc
633 3047 696 3135 vel
719 3053 968 3135 ordinatione
1001 3053 1102 3150 Dei,
1128 3075 1246 3159 prout
1266 3057 1459 3165 contingit
1489 3055 1528 3135 in
1555 3053 1688 3137 Sacra·

239 3173 378 3251 mentis
400 3170 605 3279 Martyrio,
629 3169 864 3279 virginitate,
883 3171 929 3248 ,δι
950 3161 1207 3276 satispailtone
1227 3171 1475 3279 purgatorii·
1509 3165 1587 3251 Sed
1610 3170 1688 3253 Re·

237 3273 419 3392 sponderi
444 3278 528 3362 fors
565 3275 714 3393 pollet,
748 3280 944 3364 Christum
972 3274 1213 3363 voluntatem
1242 3283 1282 3366 S.
1315 3279 1520 3365 Gertrudis
1548 3279 1692 3394 quoad

240 3397 548 3491 Sacramentum,
577 3400 616 3477 δι
655 3420 793 3505 poenas
830 3421 903 3504 pur
930 3398 1042 3478 ororii
1063 3384 1275 3505 acceptalse
1298 3400 1339 3480 in
1361 3392 1445 3480 casu
1470 3391 1688 3506 particulari
1719 3420 1733 3459 ἰ

241 3535 290 3595 cx
304 3503 457 3620 speciali
480 3502 708 3621 privilegio;
743 3509 856 3622 quod
883 3420 957 3592 alta
987 3533 1108 3618 opera
1140 3512 1356 3595 doctrinam
1394 3504 1689 3624 intelligendam

242 3621 318 3722 elic
343 3623 397 3709 de
424 3650 477 3709 eo
495 3629 699 3739 precario,
728 3623 845 3738 quod
874 3625 1058 3709 conuenit
1085 3626 1187 3708 attur
1210 3628 1367 3712 interno
1394 3650 1466 3740 pec
1488 3620 1545 3712 le.
1680 3620 1688 3731 j

296 4164 302 4179 ,
357 4058 419 4151 D.
432 4058 479 4148 E.
495 4058 549 4147 A.
563 4053 608 4145 ele
621 4053 796 4148 Revelat.
809 4053 912 4146 Pars
923 4056 981 4145 ΙΙ.
1174 4062 1216 4151 K
1438 4037 1571 4145 -ΧΙΙ,
1595 4035 1690 4144 Re·
1742 4060 1751 4083 ·“
