3796 4994
192 303 293 410 166
478 308 680 410 Reverti.
716 316 762 411 S.
798 300 1048 441 Elifiabetbae
1089 308 1338 441 Scbdnartg.

51 609 54 613 ,
305 533 342 609 8.
372 510 478 599 Ctlm
499 521 678 601 autemin
699 524 847 601 Osiava
865 519 1028 620 Joannis
1043 517 1179 596 iterum
1202 507 1239 593 se
1258 511 1352 593 milri
1371 505 1638 621 praesentasset,

186 634 371 740 praevenit
393 630 511 712 verba
537 657 649 726 mea,
671 636 724 714 ita
748 657 813 715 me
843 628 1011 714 hilariter
1031 624 1254 737 alloquens:
1280 630 1447 709 &c.&c.
1565 631 1641 711 lte-

185 766 270 827 rum
295 738 467 846 subjunxi
487 744 645 826 dicens:
673 745 848 828 Domine
866 742 964 839 sunt,
983 745 1055 854 qui
1074 767 1153 821 non
1172 735 1499 850 spontestimulos
1518 749 1642 828 camir

185 860 433 963 experiuntur
458 860 496 938 in
521 864 751 955 tentatione,
771 863 809 940 δι
833 854 994 940 moleste
1020 852 1150 937 ferunt
1167 852 1375 949 ardorem,
1403 859 1472 966 qui
1500 856 1640 941 advet-

183 961 284 1050 satur
304 970 500 1052 munditie
521 975 696 1082 corporis
716 970 790 1059 suis
825 968 930 1057 nulla
948 995 1078 1052 tamen
1098 972 1382 1077 repugnatione
1399 995 1488 1050 eum
1517 978 1636 1055 vitare

185 1077 408 1192 prevalent,
435 1087 615 1195 nunquid
634 1087 713 1166 hoc
733 1087 789 1167 eis
811 1082 1051 1195 reputabitur
1070 1086 1109 1163 in
1132 1085 1361 1193 peccatum?
1391 1085 1474 1191 Qui
1490 1089 1568 1167 ait:
1598 1087 1638 1169 Si

102 1254 106 1261 -
186 1191 349 1283 moleste
372 1193 500 1279 serunt
526 1222 763 1282 tentamenta
787 1198 1031 1307 hujusmodi,
1065 1220 1197 1306 neque
1231 1200 1363 1277 animo
1390 1201 1445 1278 eis
1477 1192 1639 1301 consen·

188 1311 300 1406 ciunt,
322 1305 458 1391 leviori
475 1316 704 1422 poenitentia
721 1307 841 1423 culpae
864 1307 947 1406 sua,
972 1336 1089 1411 quam
1104 1307 1155 1391 stc
1173 1309 1414 1404 contrahunt,
1428 1306 1639 1422 indulgen·

187 1425 280 1507 tiam
301 1420 601 1535 consequuntur,
630 1429 669 1504 δι
692 1425 912 1508 mercedem
935 1449 1114 1534 magnam
1131 1418 1389 1539 adipiscentur.
1411 1427 1487 1522 &e
1504 1429 1582 1510 dcc.

307 1566 345 1633 9·
374 1542 565 1620 Sermone
581 1538 824 1650 praecedente
838 1538 888 1620 ad
906 1535 1023 1620 finem
1043 1535 1233 1647 perdudio
1257 1532 1402 1618 dislulit
1415 1533 1533 1620 solito
1554 1538 1637 1623 cliu-

189 1650 265 1731 tius
294 1675 358 1731 me
382 1649 529 1735 visitate
551 1649 724 1764 Angelus
747 1655 929 1747 Domini,
960 1650 1075 1762 quod
1105 1675 1181 1759 ego
1210 1644 1359 1730 deliciis
1382 1655 1481 1732 meis
1514 1657 1635 1764 impu·

188 1783 279 1849 taus·
296 1763 500 1853 anxiabarc
546 1765 637 1848 hinc
674 1761 894 1877 diligentius
924 1759 1178 1846 lachrimis&
1204 1765 1448 1844 orationibus
1475 1769 1637 1875 operam

164 1912 167 1923 ¹
192 1873 308 1974 dedi,
336 1880 376 1958 dt
396 1878 604 1980 adiuvabat
628 1905 693 1963 me
713 1882 948 1963 Conventus
982 1878 1111 1958 noster
1141 1878 1338 1959 communi
1363 1883 1569 1976 oratione,
1598 1885 1637 1964 dt

191 1984 464 2074 consummatis
483 1992 620 2075 decem
641 1999 681 2075 &
708 1992 853 2103 septem
872 1988 1011 2073 diebus
1036 1989 1178 2073 stabam
1204 1993 1244 2071 in
1268 1995 1452 2072 oratorio
1472 1987 1555 2074 sola
1581 1995 1636 2078 ef·

189 2098 360 2185 fundens
384 2107 560 2187 Domino
580 2133 650 2189 cor
675 2131 806 2187 meum
822 2131 868 2186 ac
899 2104 1052 2186 dicens:
1081 2099 1281 2197 Obsecro,
1305 2098 1544 2215 prosequere
1567 2102 1651 2192 set·¹

190 2238 352 2297 monem
371 2217 424 2299 de
444 2220 505 2298 via
526 2222 735 2302 Redonum
757 2213 941 2303 Ecclesiae.
1025 2219 1073 2298 Er
1095 2219 1195 2299 Ecce
1214 2211 1388 2328 Angelus
1417 2217 1548 2302 subito
1572 2247 1637 2334 ap·

189 2329 317 2437 patuit
339 2353 471 2410 coram
494 2357 581 2426 me,
610 2328 884 2415 &sermonem
907 2332 1069 2414 initiavit
1090 2331 1244 2412 dicensi
1269 2377 1289 2395 ·
1349 2330 1485 2442 Caput
1507 2333 1639 2419 Eccle-

181 2436 251 2525 ie
273 2436 455 2552 elanguit,
488 2446 662 2529 membra
689 2440 790 2529 illius
815 2468 969 2529 mortua
992 2439 1090 2542 sunt,
1113 2448 1301 2556 quoniam
1319 2444 1443 2529 Sedes
1467 2445 1638 2558 Apollo·

138 2558 141 2564 ’
191 2546 266 2637 lica
295 2551 442 2638 obsessa
470 2559 726 2660 est-avaritia,
753 2564 792 2641 dt
817 2551 965 2669 repleta
989 2557 1043 2640 est
1065 2561 1268 2671 iniquitate
1296 2559 1336 2637 uc
1359 2561 1575 2667 impietate,
1599 2567 1637 2646 δι

192 2661 449 2753 scandalizant
466 2696 562 2756 oves
584 2700 702 2774 meas,
720 2678 758 2755 ἃ
782 2698 907 2757 errare
924 2696 989 2755 eas
1008 2667 1167 2767 faciunt,
1188 2697 1285 2782 quas
1304 2673 1562 2759 custodire&
1582 2703 1639 2761 re-

129 2786 132 2791 ’
191 2803 285 2889 gere
311 2779 500 2866 deberent
526 2832 543 2850 ·
603 2791 679 2869 dec.
703 2791 779 2871 &c
1441 2830 1446 2845 ·

313 2923 378 2979 ιο.
419 2896 464 2978 Ιιι
489 2893 694 2983 festivitate
717 2902 757 2984 S.
788 2901 949 2983 Maximi
985 2902 1084 2981 inter
1118 2891 1288 2981 solennia
1316 2893 1437 2982 Missa
1470 2892 1638 2985 allocuta

189 2998 271 3091 sum
298 3003 495 3119 Angelum
523 3010 672 3095 dicens:
709 3010 864 3097 Placeat
891 3036 998 3095 nunc
1020 3013 1209 3106 Domine,
1239 3035 1282 3094 ut
1310 3012 1429 3096 nobis
1458 3015 1642 3100 exhibeas

192 3113 431 3232 disciplinam
462 3150 740 3236 congruentem
763 3132 831 3213 viat
853 3127 1068 3210 viduatum.
1136 3128 1184 3208 Et
1205 3128 1381 3237 protinus
1404 3132 1480 3211 ait:
1527 3132 1638 3229 Ecce,

193 3228 287 3337 dico
317 3235 432 3320 vobis
457 3240 532 3320 &c
553 3243 629 3323 dcc.
841 3278 844 3283 ·
997 3262 1000 3267 ·

227 3402 233 3417 ·
313 3376 378 3434 ιι.
423 3351 645 3462 cupiebam
682 3357 813 3438 octavi
837 3350 1022 3441 snmouis
1048 3354 1197 3436 initium
1226 3354 1402 3464 accipere
1426 3353 1497 3440 die
1522 3380 1639 3441 nans·

191 3447 350 3545 lationis
374 3467 495 3545 Patris
524 3468 643 3549 nostri
671 3469 708 3551 S.
733 3468 947 3562 Benedicii,
976 3463 1042 3550 sed
1066 3466 1260 3575 impedite
1288 3463 1372 3571 [unt
1398 3469 1469 3552 die
1495 3466 1569 3557 illo
1595 3498 1639 3554 o·

193 3575 365 3655 tationes
386 3602 482 3658 meae
503 3579 552 3660 ab
573 3576 765 3692 hospitum
789 3576 997 3694 prasentia,
1016 3585 1061 3663 -dt
1086 3581 1305 3662 translatum
1327 3581 1382 3662 est
1410 3582 1638 3670 desiderium

194 3690 327 3768 meum
354 3691 394 3771 in
421 3694 637 3799 proximam
666 3695 801 3784 diems
838 3720 931 3790 tunc
977 3689 1187 3777 raesentavit
1213 3689 1251 3776 se
1274 3696 1368 3776 mihi
1396 3695 1635 3811 angelus&

192 3795 397 3995 pqstulavi,
421 3826 464 3884 ut
480 3799 695 3889 sermonem
721 3809 914 3894 ordiretur
933 3722 985 3892 <le
1009 3813 1069 3893 via
1089 3810 1361 3895 Eremitarums
1391 3813 1432 3893 δι
1451 3817 1634 3896 continuo

254 3907 446 4002 clocutus
469 3918 532 4001 esi.
555 3923 632 4004 &n
656 3925 731 4039 dcc.
794 3948 798 3957 ’
836 3942 851 3983 -·
1062 3948 1065 3953 ·
1254 3930 1303 3947 '⁸
1559 3972 1565 3977 -

1428 4110 1494 4234 ta.
1522 4148 1623 4230 Men-
