3796 4994
430 304 494 406 50
804 259 1113 359 Revelationes
1148 263 1192 358 S.
1233 258 1477 375 Gertrudr's.

428 480 544 595 quiri,
563 495 765 581 certasque
785 461 946 577 separari
971 461 1079 579 posse
1101 463 1124 550 ὲ
1145 465 1294 561 dubiis,
1316 490 1359 547 ut
1380 459 1453 548 issae
1471 495 1542 574 pro
1569 462 1633 550 usu
1656 463 1886 556 Ecclesiasti-

367 591 370 595 ’
430 625 479 680 co
496 584 656 704 publico
674 587 721 666 ad
738 582 1031 668 edificationem
1046 577 1219 664 fidelium
1239 585 1491 669 retineantur;
1522 583 1684 665 haverd
1703 613 1790 666 eum
1809 590 1887 670 ho-

429 735 527 795 nore
558 695 713 785 dimissae
752 698 1035 780 venerabundo
1067 694 1217 780 silentio
1254 702 1292 779 in
1336 696 1405 779 suo
1440 699 1573 779 va¹ore
1605 694 1887 812 relinquantur.

430 833 542 913 Hanc
561 813 770 929 ipsissimam
783 817 882 895 viam
902 814 994 896 mibi
1015 809 1276 923 sapientisfime
1297 807 1457 924 ingressa
1480 814 1632 894 videtur
1650 819 1687 892 S.
1705 822 1800 899 Con
1831 848 1888 900 re·

432 944 539 1055 gatio
573 934 737 1026 lndtcis,
766 929 859 1010 dum
883 927 1004 1038 ipsum
1034 955 1174 1036 corpus
1198 922 1497 1009 Revelationum
1519 931 1557 1010 S.
1582 932 1787 1014 Gerttudis
1803 845 1886 1046 segi

432 1054 632 1170 permittit,
655 1044 839 1157 eoquod
863 1043 1054 1149 ejusmodi
1073 1039 1159 1124 libri
1177 1048 1436 1126 communiter
1459 1037 1546 1125 solis
1562 1042 1722 1128 serviant
1746 1048 1886 1147 docta,

432 1189 614 1277 excerpta
631 1187 776 1254 tamen,
802 1184 889 1269 quae
913 1182 1093 1268 parantur
1116 1161 1153 1238 in
1176 1152 1282 1240 usum
1304 1159 1452 1241 indocti
1476 1153 1627 1271 uulgus,
1650 1166 1688 1243 in
1714 1165 1886 1249 indicem

430 1280 754 1396 Expurgatorium
769 1268 922 1359 retusita
952 1270 1001 1354 sac
1020 1277 1122 1354 enirn
1144 1298 1234 1355 ante
1253 1273 1354 1355 duos
1369 1299 1492 1355 annos
1512 1271 1704 1358 censuram
1720 1281 1887 1363 S.Con-

432 1398 669 1516 gregationis
686 1390 829 1473 Indicis
857 1386 971 1470 subiit
992 1383 1102 1472 Vade
1126 1414 1265 1472 mecum
1288 1385 1544 1484 Sasernarum,
1570 1390 1682 1501 quod
1703 1420 1751 1476 ert
1775 1401 1887 1477 variis

432 1510 702 1601 Gertrudianis
726 1502 950 1596 visionibus,
969 1501 1306 1612 promissionibus,
1332 1529 1377 1584 ac
1401 1503 1578 1614 precibus
1607 1533 1746 1620 magna
1780 1536 1888 1623 parte

432 1624 735 1716 consarcinatum
760 1642 852 1702 erat.
909 1619 1014 1700 Cum
1035 1621 1169 1731 itaque
1187 1621 1225 1699 δι
1250 1612 1328 1727 ipse
1344 1614 1502 1702 scribam
1526 1649 1600 1730 pro
1624 1623 1766 1723 doms,
1789 1633 1886 1709 utin

433 1740 686 1853 excerpendis
711 1731 977 1818 Gertrudianis
1004 1731 1281 1817 devotionibus
1302 1760 1374 1842 pro
1392 1729 1545 1845 populo
1567 1738 1778 1846 prudentes
1804 1740 1886 1838 fint,

374 1837 392 1858 κ
434 1860 628 1968 subjiciam
673 1850 979 1960 designationem
1018 1848 1216 1930 Locorum
1258 1842 1467 1931 difficilium
1503 1854 1543 1932 in
1573 1849 1887 1941 Revelationsbus

434 1970 705 2062 Gerttudianis
727 1957 1001 2075 teperibilium,
1032 1962 1164 2045 addita
1189 1957 1398 2075 aliquoties
1421 1968 1573 2050 ratione
1598 1969 1819 2070 dubitandi,
1839 2000 1886 2055 au

435 2119 518 2178 non
534 2088 585 2171 ad
612 2086 861 2196 operationes
893 2080 1025 2186 potius
1063 2075 1286 2187 phantasiae,
1312 2077 1432 2189 quarn
1467 2079 1714 2167 immissiones
1741 2087 1887 2172 divinas

433 2206 569 2295 referri
590 2198 765 2313 queant?
791 2195 876 2304 Ego
902 2191 1090 2302 quidem,
1111 2215 1152 2273 ut
1171 2196 1409 2303 praemonui,
1436 2194 1490 2276 ob
1515 2204 1772 2284 reverentiam
1800 2228 1887 2316 erga

433 2324 627 2414 Sandiam,
648 2338 767 2425 quam
785 2307 1031 2415 summopere
1045 2306 1187 2388 testimo
1203 2331 1247 2388 ac
1267 2333 1443 2405 veneror,
1466 2337 1596 2393 meum
1615 2340 1699 2396 non
1715 2320 1887 2430 interpo-

425 2461 523 2527 nam
546 2432 750 2542 judicium
778 2424 820 2506 id
843 2416 923 2504 asiis
950 2416 1158 2533 relinquo,
1183 2419 1326 2533 quibus
1350 2449 1398 2504 ex
1420 2427 1643 2510 concredita
1665 2426 1691 2513 ὲ
1710 2433 1803 2516 Deo
1823 2460 1886 2517 au·

393 2610 397 2615 -
433 2554 620 2638 thoritate
643 2542 686 2627 id
707 2541 874 2624 muneris
903 2535 1104 2630 incumbit,
1132 2560 1174 2618 ut
1198 2550 1273 2650 pro
1295 2536 1509 2623 directione
1533 2537 1688 2627 suorum
1711 2544 1883 2632 subditu-

431 2655 517 2753 rum
541 2654 773 2773 apertiorem
804 2649 929 2734 ferant
956 2646 1201 2746 sententiam,
1231 2677 1311 2733 non
1344 2649 1498 2737 difficile
1522 2679 1650 2740 tamen
1679 2662 1884 2772 ‘quibusvis

395 2796 405 2841 “-
435 2783 550 2866 etiam
572 2771 651 2859 aliis
670 2769 799 2862 fuerit,
817 2793 889 2877 pro
911 2764 1128 2847 directione
1145 2760 1209 2847 sua
1223 2761 1463 2877 dignoscere,
1485 2775 1679 2856 certiorne
1701 2773 1745 2857 fit
1762 2783 1882 2882 cujus·

422 2885 534 2981 'libet
553 2877 803 2972 controversa
823 2887 862 2964 in
876 2875 1091 2990 particulari
1104 2873 1364 2972 Revelationis
1383 2883 1574 2983 divinitas,
1587 2913 1637 2970 an
1650 2883 1880 2975 falsibisitas?

492 3004 642 3123 quidve
677 3000 865 3111 Sapientis
893 2994 1108 3075 Christiana
1142 2994 1363 3079 moderatio
1399 3003 1526 3110 exigat
1552 3003 1590 3082 in
1617 3001 1723 3105 casu,
1742 3031 1828 3121 quo

490 3110 495 3124 ¹
631 3121 755 3228 major
769 3109 840 3200 siat
854 3136 934 3226 pro
952 3102 1130 3192 illusione
1153 3109 1352 3219 pirantasrae
1374 3118 1452 3222 pia,
1476 3111 1595 3230 quam
1616 3144 1691 3232 pro
1823 3106 1827 3111 ¹

565 3232 568 3236 ’
884 3219 1148 3338 ‘inspiratione
1174 3220 1433 3341 presumptio,
