<?xml version="1.0" encoding="UTF-8"?>
<!DOCTYPE html PUBLIC "-//W3C//DTD XHTML 1.0 Transitional//EN"
    "http://www.w3.org/TR/xhtml1/DTD/xhtml1-transitional.dtd">
<html xmlns="http://www.w3.org/1999/xhtml" xml:lang="en" lang="en">
 <head>
  <title>
</title>
<meta http-equiv="Content-Type" content="text/html;charset=utf-8" />
  <meta name='ocr-system' content='tesseract 3.04.00' />
  <meta name='ocr-capabilities' content='ocr_page ocr_carea ocr_par ocr_line ocrx_word'/>
</head>
<body>
  <div class='ocr_page' id='page_1' title='image "./derevelationibu00amorgoog_0474.png"; bbox 0 0 3772 4988; ppageno 0'>
   <div class='ocr_carea' id='block_1_1' title="bbox 211 206 1351 350">
    <p class='ocr_par' dir='ltr' id='par_1_1' title="bbox 211 206 1351 350">
     <span class='ocr_line' id='line_1_1' title="bbox 211 206 1351 350; baseline -0.011 -25"><span class='ocrx_word' id='word_1_1' title='bbox 211 248 311 350; x_wconf 79' lang='lat'>¹70</span> <span class='ocrx_word' id='word_1_2' title='bbox 525 218 727 318; x_wconf 79' lang='lat' dir='ltr'>Revelat.</span> <span class='ocrx_word' id='word_1_3' title='bbox 753 219 799 315; x_wconf 83' lang='lat' dir='ltr'>S.</span> <span class='ocrx_word' id='word_1_4' title='bbox 823 206 1077 345; x_wconf 75' lang='lat' dir='ltr'>Eltfirletbae</span> <span class='ocrx_word' id='word_1_5' title='bbox 1102 206 1351 350; x_wconf 74' lang='lat' dir='ltr'>Schdnaug.</span> 
     </span>
    </p>
   </div>
   <div class='ocr_carea' id='block_1_2' title="bbox 151 416 1662 3951">
    <p class='ocr_par' dir='ltr' id='par_1_2' title="bbox 151 416 1662 3951">
     <span class='ocr_line' id='line_1_2' title="bbox 205 416 1658 542; baseline 0.002 -34"><span class='ocrx_word' id='word_1_6' title='bbox 205 448 334 542; x_wconf 72' lang='lat' dir='ltr'>tyrum</span> <span class='ocrx_word' id='word_1_7' title='bbox 357 422 489 508; x_wconf 87' lang='lat' dir='ltr'>bonor</span> <span class='ocrx_word' id='word_1_8' title='bbox 506 416 657 536; x_wconf 89' lang='lat' dir='ltr'>aliquid</span> <span class='ocrx_word' id='word_1_9' title='bbox 684 424 910 508; x_wconf 87' lang='lat' dir='ltr'>incrementi</span> <span class='ocrx_word' id='word_1_10' title='bbox 941 425 1135 534; x_wconf 77' lang='lat' dir='ltr'>acceperit</span> <span class='ocrx_word' id='word_1_11' title='bbox 1162 448 1212 507; x_wconf 83' lang='lat' dir='ltr'>ex</span> <span class='ocrx_word' id='word_1_12' title='bbox 1235 421 1321 518; x_wconf 86' lang='lat' dir='ltr'>his,</span> <span class='ocrx_word' id='word_1_13' title='bbox 1345 444 1435 534; x_wconf 81' lang='lat' dir='ltr'>quar</span> <span class='ocrx_word' id='word_1_14' title='bbox 1452 444 1527 532; x_wconf 89' lang='lat' dir='ltr'>per</span> <span class='ocrx_word' id='word_1_15' title='bbox 1547 448 1658 511; x_wconf 86' lang='lat' dir='ltr'>ment</span> 
     </span>
     <span class='ocr_line' id='line_1_3' title="bbox 207 533 1659 650; baseline 0 -24"><span class='ocrx_word' id='word_1_16' title='bbox 207 537 361 626; x_wconf 84' lang='lat' dir='ltr'>labores</span> <span class='ocrx_word' id='word_1_17' title='bbox 383 541 581 622; x_wconf 86' lang='lat' dir='ltr'>Dominus</span> <span class='ocrx_word' id='word_1_18' title='bbox 603 538 655 619; x_wconf 91' lang='lat' dir='ltr'>de</span> <span class='ocrx_word' id='word_1_19' title='bbox 691 544 744 620; x_wconf 84' lang='lat' dir='ltr'>eis</span> <span class='ocrx_word' id='word_1_20' title='bbox 772 540 941 621; x_wconf 86' lang='lat' dir='ltr'>revelare</span> <span class='ocrx_word' id='word_1_21' title='bbox 967 537 1157 650; x_wconf 84' lang='lat' dir='ltr'><strong>dignatur.</strong></span> <span class='ocrx_word' id='word_1_22' title='bbox 1223 535 1400 646; x_wconf 86' lang='lat' dir='ltr'>Quando</span> <span class='ocrx_word' id='word_1_23' title='bbox 1423 533 1659 650; x_wconf 89' lang='lat' dir='ltr'>complacuit</span> 
     </span>
     <span class='ocr_line' id='line_1_4' title="bbox 208 647 1659 764; baseline -0.001 -22"><span class='ocrx_word' id='word_1_24' title='bbox 208 657 389 742; x_wconf 90' lang='lat' dir='ltr'>Domino</span> <span class='ocrx_word' id='word_1_25' title='bbox 418 647 583 736; x_wconf 86' lang='lat' dir='ltr'>misereri</span> <span class='ocrx_word' id='word_1_26' title='bbox 623 649 735 763; x_wconf 91' lang='lat' dir='ltr'>super</span> <span class='ocrx_word' id='word_1_27' title='bbox 759 676 944 764; x_wconf 79' lang='lat' dir='ltr'>martyres</span> <span class='ocrx_word' id='word_1_28' title='bbox 979 647 1062 734; x_wconf 88' lang='lat' dir='ltr'>suas</span> <span class='ocrx_word' id='word_1_29' title='bbox 1085 648 1282 761; x_wconf 87' lang='lat' dir='ltr'>pretiosas,</span> <span class='ocrx_word' id='word_1_30' title='bbox 1312 677 1401 762; x_wconf 79' lang='lat' dir='ltr'>qua</span> <span class='ocrx_word' id='word_1_31' title='bbox 1431 678 1504 763; x_wconf 88' lang='lat' dir='ltr'>per</span> <span class='ocrx_word' id='word_1_32' title='bbox 1543 651 1659 739; x_wconf 88' lang='lat' dir='ltr'>multa</span> 
     </span>
     <span class='ocr_line' id='line_1_5' title="bbox 208 761 1659 880; baseline -0.001 -25"><span class='ocrx_word' id='word_1_33' title='bbox 208 792 388 880; x_wconf 87' lang='lat' dir='ltr'>tempora</span> <span class='ocrx_word' id='word_1_34' title='bbox 413 773 609 873; x_wconf 83' lang='lat' dir='ltr'>jacuerant</span> <span class='ocrx_word' id='word_1_35' title='bbox 639 763 716 848; x_wconf 83' lang='lat' dir='ltr'>sne</span> <span class='ocrx_word' id='word_1_36' title='bbox 744 766 899 849; x_wconf 84' lang='lat' dir='ltr'>honore</span> <span class='ocrx_word' id='word_1_37' title='bbox 929 761 996 848; x_wconf 90' lang='lat' dir='ltr'>sub</span> <span class='ocrx_word' id='word_1_38' title='bbox 1029 765 1196 876; x_wconf 87' lang='lat' dir='ltr'>pedibus</span> <span class='ocrx_word' id='word_1_39' title='bbox 1217 765 1424 849; x_wconf 88' lang='lat' dir='ltr'>hominum</span> <span class='ocrx_word' id='word_1_40' title='bbox 1449 770 1491 848; x_wconf 74' lang='grc' dir='ltr'><strong>ὰ</strong></span> <span class='ocrx_word' id='word_1_41' title='bbox 1513 773 1659 868; x_wconf 78' lang='lat' dir='ltr'>lumen·</span> 
     </span>
     <span class='ocr_line' id='line_1_6' title="bbox 209 873 1657 994; baseline -0.001 -25"><span class='ocrx_word' id='word_1_42' title='bbox 209 907 340 970; x_wconf 89' lang='lat' dir='ltr'>torum</span> <span class='ocrx_word' id='word_1_43' title='bbox 363 877 466 963; x_wconf 88' lang='lat' dir='ltr'>secus</span> <span class='ocrx_word' id='word_1_44' title='bbox 491 905 623 961; x_wconf 90' lang='lat' dir='ltr'>muros</span> <span class='ocrx_word' id='word_1_45' title='bbox 649 880 754 962; x_wconf 87' lang='lat' dir='ltr'>urbis</span> <span class='ocrx_word' id='word_1_46' title='bbox 777 873 973 976; x_wconf 77' lang='lat' dir='ltr'>Colonia,</span> <span class='ocrx_word' id='word_1_47' title='bbox 997 880 1158 974; x_wconf 76' lang='lat' dir='ltr'>accidit,</span> <span class='ocrx_word' id='word_1_48' title='bbox 1174 903 1217 963; x_wconf 91' lang='lat' dir='ltr'>ut</span> <span class='ocrx_word' id='word_1_49' title='bbox 1243 883 1313 963; x_wconf 88' lang='lat' dir='ltr'>viri</span> <span class='ocrx_word' id='word_1_50' title='bbox 1331 878 1495 994; x_wconf 89' lang='lat' dir='ltr'>quidam</span> <span class='ocrx_word' id='word_1_51' title='bbox 1511 883 1657 967; x_wconf 82' lang='lat' dir='ltr'>ibidem</span> 
     </span>
     <span class='ocr_line' id='line_1_7' title="bbox 210 988 1657 1106; baseline -0.001 -23"><span class='ocrx_word' id='word_1_52' title='bbox 210 1018 411 1083; x_wconf 86' lang='lat' dir='ltr'>manentes</span> <span class='ocrx_word' id='word_1_53' title='bbox 438 992 669 1077; x_wconf 83' lang='lat' dir='ltr'><strong>accederent</strong></span> <span class='ocrx_word' id='word_1_54' title='bbox 703 992 755 1075; x_wconf 90' lang='lat' dir='ltr'>ad</span> <span class='ocrx_word' id='word_1_55' title='bbox 777 988 913 1076; x_wconf 91' lang='lat' dir='ltr'>locum</span> <span class='ocrx_word' id='word_1_56' title='bbox 953 997 1124 1104; x_wconf 86' lang='lat' dir='ltr'>martyrii</span> <span class='ocrx_word' id='word_1_57' title='bbox 1158 1018 1318 1089; x_wconf 84' lang='lat' dir='ltr'>eorum,</span> <span class='ocrx_word' id='word_1_58' title='bbox 1355 998 1396 1075; x_wconf 82' lang='lat' dir='ltr'>dc</span> <span class='ocrx_word' id='word_1_59' title='bbox 1426 1019 1657 1106; x_wconf 88' lang='lat' dir='ltr'>aperuerunt</span> 
     </span>
     <span class='ocr_line' id='line_1_8' title="bbox 184 1101 1658 1218; baseline 0 -22"><span class='ocrx_word' id='word_1_60' title='bbox 184 1104 331 1196; x_wconf 83' lang='lat' dir='ltr'>multa</span> <span class='ocrx_word' id='word_1_61' title='bbox 362 1130 617 1191; x_wconf 89' lang='lat' dir='ltr'>monumenta</span> <span class='ocrx_word' id='word_1_62' title='bbox 655 1101 871 1191; x_wconf 72' lang='lat' dir='ltr'>sanctorum</span> <span class='ocrx_word' id='word_1_63' title='bbox 907 1133 1141 1218; x_wconf 84' lang='lat' dir='ltr'>corporum,</span> <span class='ocrx_word' id='word_1_64' title='bbox 1170 1131 1290 1217; x_wconf 90' lang='lat' dir='ltr'>atque</span> <span class='ocrx_word' id='word_1_65' title='bbox 1315 1133 1362 1191; x_wconf 89' lang='lat' dir='ltr'>ea</span> <span class='ocrx_word' id='word_1_66' title='bbox 1392 1108 1486 1192; x_wconf 90' lang='lat' dir='ltr'>inde</span> <span class='ocrx_word' id='word_1_67' title='bbox 1518 1107 1658 1195; x_wconf 81' lang='lat' dir='ltr'>sublata</span> 
     </span>
     <span class='ocr_line' id='line_1_9' title="bbox 210 1215 1662 1334; baseline 0 -25"><span class='ocrx_word' id='word_1_68' title='bbox 210 1220 457 1309; x_wconf 79' lang='lat' dir='ltr'>transferrent</span> <span class='ocrx_word' id='word_1_69' title='bbox 477 1219 527 1302; x_wconf 90' lang='lat' dir='ltr'>ad</span> <span class='ocrx_word' id='word_1_70' title='bbox 552 1215 640 1304; x_wconf 90' lang='lat' dir='ltr'>loca</span> <span class='ocrx_word' id='word_1_71' title='bbox 659 1216 848 1334; x_wconf 87' lang='lat' dir='ltr'>religiosa,</span> <span class='ocrx_word' id='word_1_72' title='bbox 874 1248 961 1333; x_wconf 86' lang='lat' dir='ltr'>qua·</span> <span class='ocrx_word' id='word_1_73' title='bbox 982 1243 1088 1304; x_wconf 90' lang='lat' dir='ltr'>crant</span> <span class='ocrx_word' id='word_1_74' title='bbox 1107 1224 1148 1304; x_wconf 90' lang='lat' dir='ltr'>in</span> <span class='ocrx_word' id='word_1_75' title='bbox 1173 1225 1347 1317; x_wconf 87' lang='lat' dir='ltr'>circuitu,</span> <span class='ocrx_word' id='word_1_76' title='bbox 1367 1218 1462 1306; x_wconf 88' lang='lat' dir='ltr'>srcut</span> <span class='ocrx_word' id='word_1_77' title='bbox 1479 1221 1505 1308; x_wconf 79' lang='lat' dir='ltr'>al</span> <span class='ocrx_word' id='word_1_78' title='bbox 1523 1226 1662 1309; x_wconf 72' lang='lat' dir='ltr'>Domi&#39;</span> 
     </span>
     <span class='ocr_line' id='line_1_10' title="bbox 212 1333 1657 1423; baseline -0.001 0"><span class='ocrx_word' id='word_1_79' title='bbox 212 1336 269 1423; x_wconf 82' lang='lat' dir='ltr'>no</span> <span class='ocrx_word' id='word_1_80' title='bbox 293 1333 417 1419; x_wconf 87' lang='lat' dir='ltr'>suerat</span> <span class='ocrx_word' id='word_1_81' title='bbox 438 1333 670 1417; x_wconf 88' lang='lat' dir='ltr'>ordinatum.</span> <span class='ocrx_word' id='word_1_82' title='bbox 755 1337 847 1418; x_wconf 85' lang='lat' dir='ltr'>Erat</span> <span class='ocrx_word' id='word_1_83' title='bbox 865 1359 996 1417; x_wconf 91' lang='lat' dir='ltr'>autem</span> <span class='ocrx_word' id='word_1_84' title='bbox 1024 1360 1148 1418; x_wconf 88' lang='lat' dir='ltr'>annus</span> <span class='ocrx_word' id='word_1_85' title='bbox 1179 1337 1398 1421; x_wconf 77' lang='lat' dir='ltr'>Dominicae</span> <span class='ocrx_word' id='word_1_86' title='bbox 1430 1340 1657 1423; x_wconf 79' lang='lat' dir='ltr'>lucernario·</span> 
     </span>
     <span class='ocr_line' id='line_1_11' title="bbox 213 1445 1657 1564; baseline -0.001 -28"><span class='ocrx_word' id='word_1_87' title='bbox 213 1455 272 1536; x_wconf 87' lang='lat' dir='ltr'>nis</span> <span class='ocrx_word' id='word_1_88' title='bbox 301 1453 358 1534; x_wconf 86' lang='grc' dir='ltr'>Μ.</span> <span class='ocrx_word' id='word_1_89' title='bbox 385 1450 436 1533; x_wconf 90' lang='lat' dir='ltr'>C.</span> <span class='ocrx_word' id='word_1_90' title='bbox 464 1450 562 1532; x_wconf 87' lang='lat' dir='ltr'><strong>LVI.</strong></span> <span class='ocrx_word' id='word_1_91' title='bbox 592 1449 651 1531; x_wconf 89' lang='lat' dir='ltr'>his</span> <span class='ocrx_word' id='word_1_92' title='bbox 677 1445 759 1531; x_wconf 86' lang='lat' dir='ltr'>ficri</span> <span class='ocrx_word' id='word_1_93' title='bbox 787 1448 1133 1558; x_wconf 65' lang='lat' dir='ltr'>incipientibus&amp;</span> <span class='ocrx_word' id='word_1_94' title='bbox 1157 1449 1316 1532; x_wconf 89' lang='lat' dir='ltr'>tenebat</span> <span class='ocrx_word' id='word_1_95' title='bbox 1339 1451 1510 1535; x_wconf 87' lang='lat' dir='ltr'>Romani</span> <span class='ocrx_word' id='word_1_96' title='bbox 1538 1456 1657 1564; x_wconf 88' lang='lat' dir='ltr'>Impe-</span> 
     </span>
     <span class='ocr_line' id='line_1_12' title="bbox 212 1559 1657 1673; baseline 0 -23"><span class='ocrx_word' id='word_1_97' title='bbox 212 1570 259 1650; x_wconf 88' lang='lat' dir='ltr'>rii</span> <span class='ocrx_word' id='word_1_98' title='bbox 311 1565 535 1673; x_wconf 88' lang='lat' dir='ltr'>rincipatum</span> <span class='ocrx_word' id='word_1_99' title='bbox 558 1559 771 1645; x_wconf 86' lang='lat' dir='ltr'>Fridericus</span> <span class='ocrx_word' id='word_1_100' title='bbox 794 1567 1031 1673; x_wconf 68' lang='lat' dir='ltr'>Imperatori</span> <span class='ocrx_word' id='word_1_101' title='bbox 1074 1566 1114 1646; x_wconf 92' lang='lat' dir='ltr'>in</span> <span class='ocrx_word' id='word_1_102' title='bbox 1137 1562 1337 1647; x_wconf 81' lang='lat' dir='ltr'>cathedra</span> <span class='ocrx_word' id='word_1_103' title='bbox 1370 1589 1505 1648; x_wconf 82' lang='lat' dir='ltr'>autent</span> <span class='ocrx_word' id='word_1_104' title='bbox 1530 1568 1657 1650; x_wconf 87' lang='lat' dir='ltr'>Ponti·</span> 
     </span>
     <span class='ocr_line' id='line_1_13' title="bbox 214 1592 1657 1787; baseline 0.001 -23"><span class='ocrx_word' id='word_1_105' title='bbox 214 1592 315 1765; x_wconf 77' lang='lat' dir='ltr'>sicali</span> <span class='ocrx_word' id='word_1_106' title='bbox 341 1681 381 1759; x_wconf 94' lang='lat' dir='ltr'>in</span> <span class='ocrx_word' id='word_1_107' title='bbox 398 1670 567 1758; x_wconf 87' lang='lat' dir='ltr'>Colonia</span> <span class='ocrx_word' id='word_1_108' title='bbox 584 1673 808 1787; x_wconf 80' lang='lat' dir='ltr'>praefidebat</span> <span class='ocrx_word' id='word_1_109' title='bbox 827 1670 1027 1759; x_wconf 79' lang='lat' dir='ltr'>Arnoldus</span> <span class='ocrx_word' id='word_1_110' title='bbox 1047 1674 1249 1760; x_wconf 88' lang='lat' dir='ltr'>secundus.</span> <span class='ocrx_word' id='word_1_111' title='bbox 1332 1682 1446 1760; x_wconf 89' lang='lat' dir='ltr'>Tunc</span> <span class='ocrx_word' id='word_1_112' title='bbox 1464 1681 1570 1763; x_wconf 90' lang='lat' dir='ltr'>inter</span> <span class='ocrx_word' id='word_1_113' title='bbox 1592 1704 1657 1764; x_wconf 76' lang='lat' dir='ltr'>ce·</span> 
     </span>
     <span class='ocr_line' id='line_1_14' title="bbox 213 1783 1656 1903; baseline 0 -25"><span class='ocrx_word' id='word_1_114' title='bbox 213 1817 312 1878; x_wconf 87' lang='lat' dir='ltr'>teras</span> <span class='ocrx_word' id='word_1_115' title='bbox 330 1795 378 1876; x_wconf 84' lang='lat' dir='ltr'>V&#39;</span> <span class='ocrx_word' id='word_1_116' title='bbox 426 1818 452 1871; x_wconf 90' lang='grc' dir='ltr'><strong>ο</strong></span> <span class='ocrx_word' id='word_1_117' title='bbox 471 1783 634 1897; x_wconf 89' lang='lat' dir='ltr'>pretiosa</span> <span class='ocrx_word' id='word_1_118' title='bbox 655 1813 758 1873; x_wconf 89' lang='lat' dir='ltr'>matt</span> <span class='ocrx_word' id='word_1_119' title='bbox 786 1818 806 1872; x_wconf 94' lang='lat' dir='ltr'>r</span> <span class='ocrx_word' id='word_1_120' title='bbox 825 1787 973 1872; x_wconf 90' lang='lat' dir='ltr'>ibidem</span> <span class='ocrx_word' id='word_1_121' title='bbox 994 1792 1150 1872; x_wconf 88' lang='lat' dir='ltr'>inventa</span> <span class='ocrx_word' id='word_1_122' title='bbox 1177 1791 1251 1890; x_wconf 88' lang='lat' dir='ltr'>est,</span> <span class='ocrx_word' id='word_1_123' title='bbox 1275 1792 1315 1872; x_wconf 91' lang='lat' dir='ltr'>in</span> <span class='ocrx_word' id='word_1_124' title='bbox 1338 1796 1445 1896; x_wconf 83' lang='lat' dir='ltr'>cujus</span> <span class='ocrx_word' id='word_1_125' title='bbox 1470 1789 1656 1903; x_wconf 84' lang='lat' dir='ltr'>sepultura</span> 
     </span>
     <span class='ocr_line' id='line_1_15' title="bbox 213 1817 1653 2098; baseline -0.001 -108"><span class='ocrx_word' id='word_1_126' title='bbox 213 1904 344 1990; x_wconf 89' lang='lat' dir='ltr'>titulus</span> <span class='ocrx_word' id='word_1_127' title='bbox 364 1908 447 1987; x_wconf 87' lang='lat' dir='ltr'>tais</span> <span class='ocrx_word' id='word_1_128' title='bbox 466 1903 677 2013; x_wconf 86' lang='lat' dir='ltr'>legebatur.</span> <span class='ocrx_word' id='word_1_129' title='bbox 750 1817 968 1988; x_wconf 61' lang='lat' dir='ltr'>lthrtna</span> <span class='ocrx_word' id='word_1_130' title='bbox 995 1901 1116 2098; x_wconf 70' lang='lat' dir='ltr'>Virgo</span> <span class='ocrx_word' id='word_1_131' title='bbox 1140 1899 1198 1998; x_wconf 60' lang='grc' dir='ltr'>ὅ</span> <span class='ocrx_word' id='word_1_132' title='bbox 1223 1903 1406 2013; x_wconf 74' lang='lat' dir='ltr'>Marspr.</span> <span class='ocrx_word' id='word_1_133' title='bbox 1479 1912 1574 1990; x_wconf 81' lang='lat' dir='ltr'>Hac</span> <span class='ocrx_word' id='word_1_134' title='bbox 1592 1932 1653 2018; x_wconf 89' lang='lat' dir='ltr'>pet</span> 
     </span>
     <span class='ocr_line' id='line_1_16' title="bbox 214 2003 1652 2109; baseline 0 -6"><span class='ocrx_word' id='word_1_135' title='bbox 214 2045 372 2103; x_wconf 89' lang='lat' dir='ltr'>manum</span> <span class='ocrx_word' id='word_1_136' title='bbox 395 2015 606 2099; x_wconf 91' lang='lat' dir='ltr'>venerandi</span> <span class='ocrx_word' id='word_1_137' title='bbox 632 2013 797 2109; x_wconf 79' lang='lat' dir='ltr'>Abbatis</span> <span class='ocrx_word' id='word_1_138' title='bbox 822 2017 941 2101; x_wconf 81' lang='lat' dir='ltr'>nostri</span> <span class='ocrx_word' id='word_1_139' title='bbox 957 2010 1074 2100; x_wconf 88' lang='lat' dir='ltr'>Hilde</span> <span class='ocrx_word' id='word_1_140' title='bbox 1090 2020 1143 2100; x_wconf 90' lang='lat' dir='ltr'>ini</span> <span class='ocrx_word' id='word_1_141' title='bbox 1167 2016 1261 2102; x_wconf 89' lang='lat' dir='ltr'>inde</span> <span class='ocrx_word' id='word_1_142' title='bbox 1276 2021 1315 2103; x_wconf 94' lang='lat' dir='ltr'>in</span> <span class='ocrx_word' id='word_1_143' title='bbox 1336 2003 1472 2104; x_wconf 89' lang='lat' dir='ltr'>locum</span> <span class='ocrx_word' id='word_1_144' title='bbox 1490 2023 1652 2105; x_wconf 87' lang='lat' dir='ltr'>nostrum</span> 
     </span>
     <span class='ocr_line' id='line_1_17' title="bbox 215 2120 1651 2247; baseline -0.002 -29"><span class='ocrx_word' id='word_1_145' title='bbox 215 2126 395 2218; x_wconf 85' lang='lat' dir='ltr'>translata</span> <span class='ocrx_word' id='word_1_146' title='bbox 418 2132 472 2214; x_wconf 86' lang='lat' dir='ltr'>est</span> <span class='ocrx_word' id='word_1_147' title='bbox 492 2131 582 2213; x_wconf 91' lang='lat' dir='ltr'>data</span> <span class='ocrx_word' id='word_1_148' title='bbox 601 2127 624 2213; x_wconf 76' lang='lat' dir='ltr'>a</span> <span class='ocrx_word' id='word_1_149' title='bbox 642 2126 824 2214; x_wconf 86' lang='lat' dir='ltr'>Tuitienst</span> <span class='ocrx_word' id='word_1_150' title='bbox 841 2127 999 2214; x_wconf 87' lang='lat' dir='ltr'>Abbate</span> <span class='ocrx_word' id='word_1_151' title='bbox 1015 2120 1192 2215; x_wconf 83' lang='lat' dir='ltr'>Domino</span> <span class='ocrx_word' id='word_1_152' title='bbox 1214 2134 1265 2214; x_wconf 90' lang='lat' dir='ltr'>G.</span> <span class='ocrx_word' id='word_1_153' title='bbox 1283 2137 1375 2243; x_wconf 88' lang='lat' dir='ltr'>quia</span> <span class='ocrx_word' id='word_1_154' title='bbox 1393 2133 1446 2217; x_wconf 87' lang='lat' dir='ltr'>ad</span> <span class='ocrx_word' id='word_1_155' title='bbox 1474 2130 1651 2247; x_wconf 87' lang='lat' dir='ltr'>colligen-</span> 
     </span>
     <span class='ocr_line' id='line_1_18' title="bbox 215 2239 1650 2356; baseline 0.001 -27"><span class='ocrx_word' id='word_1_156' title='bbox 215 2248 266 2329; x_wconf 93' lang='lat' dir='ltr'>da</span> <span class='ocrx_word' id='word_1_157' title='bbox 298 2244 596 2328; x_wconf 87' lang='lat' dir='ltr'>&amp;honoranda</span> <span class='ocrx_word' id='word_1_158' title='bbox 626 2239 727 2328; x_wconf 88' lang='lat' dir='ltr'>illius</span> <span class='ocrx_word' id='word_1_159' title='bbox 754 2240 887 2327; x_wconf 77' lang='lat' dir='ltr'>sanda</span> <span class='ocrx_word' id='word_1_160' title='bbox 917 2246 1123 2330; x_wconf 73' lang='lat' dir='ltr'>societatis</span> <span class='ocrx_word' id='word_1_161' title='bbox 1157 2268 1324 2356; x_wconf 89' lang='lat' dir='ltr'>corpora</span> <span class='ocrx_word' id='word_1_162' title='bbox 1350 2249 1418 2356; x_wconf 90' lang='lat' dir='ltr'>pia</span> <span class='ocrx_word' id='word_1_163' title='bbox 1448 2244 1650 2332; x_wconf 89' lang='lat' dir='ltr'>multorum</span> 
     </span>
     <span class='ocr_line' id='line_1_19' title="bbox 217 2354 1650 2476; baseline -0.001 -31"><span class='ocrx_word' id='word_1_164' title='bbox 217 2359 383 2444; x_wconf 91' lang='lat' dir='ltr'>devotio</span> <span class='ocrx_word' id='word_1_165' title='bbox 413 2354 601 2441; x_wconf 86' lang='lat' dir='ltr'>fervebat.</span> <span class='ocrx_word' id='word_1_166' title='bbox 686 2364 786 2476; x_wconf 80' lang='lat' dir='ltr'>Qrae</span> <span class='ocrx_word' id='word_1_167' title='bbox 824 2357 918 2441; x_wconf 89' lang='lat' dir='ltr'>dum</span> <span class='ocrx_word' id='word_1_168' title='bbox 948 2361 971 2441; x_wconf 76' lang='lat' dir='ltr'>a</span> <span class='ocrx_word' id='word_1_169' title='bbox 1003 2382 1199 2445; x_wconf 92' lang='lat' dir='ltr'>conventu</span> <span class='ocrx_word' id='word_1_170' title='bbox 1224 2357 1387 2445; x_wconf 83' lang='lat' dir='ltr'>fratrum</span> <span class='ocrx_word' id='word_1_171' title='bbox 1425 2364 1650 2461; x_wconf 86' lang='lat' dir='ltr'>nostrorum,</span> 
     </span>
     <span class='ocr_line' id='line_1_20' title="bbox 216 2466 1649 2589; baseline 0.002 -31"><span class='ocrx_word' id='word_1_172' title='bbox 216 2479 393 2589; x_wconf 32' lang='lat' dir='ltr'>quipeam</span> <span class='ocrx_word' id='word_1_173' title='bbox 419 2466 619 2580; x_wconf 81' lang='lat' dir='ltr'>suscepturi</span> <span class='ocrx_word' id='word_1_174' title='bbox 641 2496 763 2567; x_wconf 89' lang='lat' dir='ltr'>erant,</span> <span class='ocrx_word' id='word_1_175' title='bbox 787 2470 839 2554; x_wconf 87' lang='lat' dir='ltr'>ad</span> <span class='ocrx_word' id='word_1_176' title='bbox 862 2469 1068 2586; x_wconf 84' lang='lat' dir='ltr'>ingressum</span> <span class='ocrx_word' id='word_1_177' title='bbox 1095 2469 1267 2558; x_wconf 86' lang='lat' dir='ltr'>Ecclcfiae</span> <span class='ocrx_word' id='word_1_178' title='bbox 1291 2473 1592 2585; x_wconf 76' lang='lat' dir='ltr'>exspeslaretur,</span> <span class='ocrx_word' id='word_1_179' title='bbox 1615 2502 1649 2559; x_wconf 86' lang='lat' dir='ltr'>t·</span> 
     </span>
     <span class='ocr_line' id='line_1_21' title="bbox 216 2578 1649 2702; baseline 0.001 -33"><span class='ocrx_word' id='word_1_180' title='bbox 216 2614 271 2701; x_wconf 90' lang='lat' dir='ltr'>go</span> <span class='ocrx_word' id='word_1_181' title='bbox 296 2593 335 2669; x_wconf 90' lang='lat' dir='ltr'>in</span> <span class='ocrx_word' id='word_1_182' title='bbox 363 2578 538 2669; x_wconf 88' lang='lat' dir='ltr'>conclavi</span> <span class='ocrx_word' id='word_1_183' title='bbox 563 2587 694 2666; x_wconf 89' lang='lat' dir='ltr'>noslro</span> <span class='ocrx_word' id='word_1_184' title='bbox 714 2583 904 2681; x_wconf 74' lang='lat' dir='ltr'>residens,</span> <span class='ocrx_word' id='word_1_185' title='bbox 924 2611 1136 2698; x_wconf 85' lang='lat' dir='ltr'>antequam</span> <span class='ocrx_word' id='word_1_186' title='bbox 1163 2587 1214 2669; x_wconf 88' lang='lat' dir='ltr'>de</span> <span class='ocrx_word' id='word_1_187' title='bbox 1238 2587 1407 2671; x_wconf 88' lang='lat' dir='ltr'>adventu</span> <span class='ocrx_word' id='word_1_188' title='bbox 1436 2595 1517 2696; x_wconf 88' lang='lat' dir='ltr'>ejus</span> <span class='ocrx_word' id='word_1_189' title='bbox 1546 2587 1649 2702; x_wconf 82' lang='lat' dir='ltr'>quid-</span> 
     </span>
     <span class='ocr_line' id='line_1_22' title="bbox 215 2694 1649 2814; baseline 0.001 -31"><span class='ocrx_word' id='word_1_190' title='bbox 215 2726 334 2814; x_wconf 86' lang='lat' dir='ltr'>quam</span> <span class='ocrx_word' id='word_1_191' title='bbox 356 2694 550 2793; x_wconf 82' lang='lat' dir='ltr'>audissem,</span> <span class='ocrx_word' id='word_1_192' title='bbox 578 2700 838 2780; x_wconf 89' lang='lat' dir='ltr'>testimonium</span> <span class='ocrx_word' id='word_1_193' title='bbox 856 2697 1057 2783; x_wconf 72' lang='lat' dir='ltr'>sanctitatis</span> <span class='ocrx_word' id='word_1_194' title='bbox 1084 2706 1164 2806; x_wconf 83' lang='lat' dir='ltr'>ejus</span> <span class='ocrx_word' id='word_1_195' title='bbox 1180 2695 1256 2783; x_wconf 87' lang='lat' dir='ltr'>talc</span> <span class='ocrx_word' id='word_1_196' title='bbox 1275 2699 1447 2811; x_wconf 71' lang='lat' dir='ltr'>accepia</span> <span class='ocrx_word' id='word_1_197' title='bbox 1468 2705 1649 2788; x_wconf 86' lang='lat' dir='ltr'>Domino.</span> 
     </span>
     <span class='ocr_line' id='line_1_23' title="bbox 214 2808 1650 2925; baseline -0.001 -23"><span class='ocrx_word' id='word_1_198' title='bbox 214 2816 316 2902; x_wconf 91' lang='lat' dir='ltr'>Veni</span> <span class='ocrx_word' id='word_1_199' title='bbox 336 2816 373 2896; x_wconf 92' lang='lat' dir='ltr'>in</span> <span class='ocrx_word' id='word_1_200' title='bbox 395 2814 535 2894; x_wconf 83' lang='lat' dir='ltr'>mentis</span> <span class='ocrx_word' id='word_1_201' title='bbox 551 2809 754 2909; x_wconf 84' lang='lat' dir='ltr'>excessum,</span> <span class='ocrx_word' id='word_1_202' title='bbox 780 2817 820 2895; x_wconf 80' lang='grc' dir='ltr'>δι</span> <span class='ocrx_word' id='word_1_203' title='bbox 846 2813 926 2895; x_wconf 89' lang='lat' dir='ltr'>vidi</span> <span class='ocrx_word' id='word_1_204' title='bbox 945 2817 1087 2912; x_wconf 89' lang='lat' dir='ltr'>invia,</span> <span class='ocrx_word' id='word_1_205' title='bbox 1112 2837 1318 2925; x_wconf 84' lang='lat' dir='ltr'>perquam</span> <span class='ocrx_word' id='word_1_206' title='bbox 1340 2808 1443 2899; x_wconf 84' lang='lat' dir='ltr'>sacra</span> <span class='ocrx_word' id='word_1_207' title='bbox 1466 2812 1547 2900; x_wconf 78' lang='lat' dir='ltr'>ossa</span> <span class='ocrx_word' id='word_1_208' title='bbox 1563 2813 1650 2901; x_wconf 74' lang='lat' dir='ltr'>fere</span> 
     </span>
     <span class='ocr_line' id='line_1_24' title="bbox 214 2924 1647 3046; baseline 0.001 -34"><span class='ocrx_word' id='word_1_209' title='bbox 214 2927 377 3022; x_wconf 85' lang='lat' dir='ltr'>bantur,</span> <span class='ocrx_word' id='word_1_210' title='bbox 406 2924 511 3037; x_wconf 85' lang='lat' dir='ltr'>quast</span> <span class='ocrx_word' id='word_1_211' title='bbox 536 2931 728 3010; x_wconf 89' lang='lat' dir='ltr'>flammam</span> <span class='ocrx_word' id='word_1_212' title='bbox 764 2924 1061 3012; x_wconf 85' lang='lat' dir='ltr'>candidiffimam</span> <span class='ocrx_word' id='word_1_213' title='bbox 1094 2929 1304 3012; x_wconf 89' lang='lat' dir='ltr'>habentem</span> <span class='ocrx_word' id='word_1_214' title='bbox 1335 2925 1505 3014; x_wconf 88' lang='lat' dir='ltr'>formam</span> <span class='ocrx_word' id='word_1_215' title='bbox 1536 2927 1647 3046; x_wconf 78' lang='lat' dir='ltr'>globi,</span> 
     </span>
     <span class='ocr_line' id='line_1_25' title="bbox 151 3035 1647 3156; baseline 0.001 -29"><span class='ocrx_word' id='word_1_216' title='bbox 151 3046 155 3058; x_wconf 86' lang='lat'>&#39;</span> <span class='ocrx_word' id='word_1_217' title='bbox 213 3070 334 3156; x_wconf 88' lang='lat' dir='ltr'>quem</span> <span class='ocrx_word' id='word_1_218' title='bbox 358 3041 613 3125; x_wconf 88' lang='lat' dir='ltr'>antecedebat</span> <span class='ocrx_word' id='word_1_219' title='bbox 636 3036 794 3152; x_wconf 83' lang='lat' dir='ltr'>angelus</span> <span class='ocrx_word' id='word_1_220' title='bbox 811 3035 999 3152; x_wconf 86' lang='lat' dir='ltr'>speciosus</span> <span class='ocrx_word' id='word_1_221' title='bbox 1025 3044 1151 3137; x_wconf 86' lang='lat' dir='ltr'>nimis,</span> <span class='ocrx_word' id='word_1_222' title='bbox 1175 3041 1322 3125; x_wconf 85' lang='lat' dir='ltr'>habens</span> <span class='ocrx_word' id='word_1_223' title='bbox 1339 3044 1381 3156; x_wconf 16' lang='lat' dir='ltr'>‘in</span> <span class='ocrx_word' id='word_1_224' title='bbox 1395 3070 1518 3128; x_wconf 89' lang='lat' dir='ltr'>rnanu</span> <span class='ocrx_word' id='word_1_225' title='bbox 1539 3070 1647 3129; x_wconf 87' lang='lat' dir='ltr'>unum</span> 
     </span>
     <span class='ocr_line' id='line_1_26' title="bbox 212 3150 1647 3274; baseline 0.002 -34"><span class='ocrx_word' id='word_1_226' title='bbox 212 3152 451 3241; x_wconf 89' lang='lat' dir='ltr'>thuribulum</span> <span class='ocrx_word' id='word_1_227' title='bbox 469 3150 675 3266; x_wconf 87' lang='lat' dir='ltr'>fumigant,</span> <span class='ocrx_word' id='word_1_228' title='bbox 693 3162 731 3237; x_wconf 89' lang='lat' dir='ltr'>in</span> <span class='ocrx_word' id='word_1_229' title='bbox 751 3152 869 3237; x_wconf 88' lang='lat' dir='ltr'>altera</span> <span class='ocrx_word' id='word_1_230' title='bbox 887 3156 982 3237; x_wconf 86' lang='lat' dir='ltr'>verb</span> <span class='ocrx_word' id='word_1_231' title='bbox 999 3151 1198 3239; x_wconf 78' lang='lat' dir='ltr'>candelam</span> <span class='ocrx_word' id='word_1_232' title='bbox 1215 3157 1431 3256; x_wconf 89' lang='lat' dir='ltr'>ardentem,</span> <span class='ocrx_word' id='word_1_233' title='bbox 1442 3155 1647 3274; x_wconf 86' lang='lat' dir='ltr'>sthue&#39;pa·</span> 
     </span>
     <span class='ocr_line' id='line_1_27' title="bbox 214 3261 1649 3382; baseline 0.002 -30"><span class='ocrx_word' id='word_1_234' title='bbox 214 3272 305 3352; x_wconf 89' lang='lat' dir='ltr'>riter</span> <span class='ocrx_word' id='word_1_235' title='bbox 328 3272 367 3351; x_wconf 90' lang='lat' dir='ltr'>in</span> <span class='ocrx_word' id='word_1_236' title='bbox 393 3270 481 3350; x_wconf 77' lang='lat' dir='ltr'>aire</span> <span class='ocrx_word' id='word_1_237' title='bbox 499 3261 577 3351; x_wconf 88' lang='lat' dir='ltr'>levi</span> <span class='ocrx_word' id='word_1_238' title='bbox 593 3290 722 3351; x_wconf 88' lang='lat' dir='ltr'>meatu</span> <span class='ocrx_word' id='word_1_239' title='bbox 751 3267 967 3378; x_wconf 83' lang='lat' dir='ltr'>migrabant</span> <span class='ocrx_word' id='word_1_240' title='bbox 992 3295 1117 3382; x_wconf 91' lang='lat' dir='ltr'>usque</span> <span class='ocrx_word' id='word_1_241' title='bbox 1134 3275 1230 3354; x_wconf 88' lang='lat' dir='ltr'>intra</span> <span class='ocrx_word' id='word_1_242' title='bbox 1257 3266 1480 3355; x_wconf 82' lang='lat' dir='ltr'>Ecclesiam.</span> <span class='ocrx_word' id='word_1_243' title='bbox 1536 3274 1649 3359; x_wconf 86' lang='lat' dir='ltr'>Cum·</span> 
     </span>
     <span class='ocr_line' id='line_1_28' title="bbox 214 3376 1647 3495; baseline 0.005 -31"><span class='ocrx_word' id='word_1_244' title='bbox 214 3405 297 3495; x_wconf 92' lang='lat' dir='ltr'>que</span> <span class='ocrx_word' id='word_1_245' title='bbox 314 3380 379 3462; x_wconf 91' lang='lat' dir='ltr'>die</span> <span class='ocrx_word' id='word_1_246' title='bbox 397 3376 516 3463; x_wconf 86' lang='lat' dir='ltr'>astera</span> <span class='ocrx_word' id='word_1_247' title='bbox 543 3385 584 3464; x_wconf 92' lang='lat' dir='ltr'>in</span> <span class='ocrx_word' id='word_1_248' title='bbox 604 3385 685 3487; x_wconf 86' lang='lat' dir='ltr'>ejus</span> <span class='ocrx_word' id='word_1_249' title='bbox 711 3387 961 3465; x_wconf 87' lang='lat' dir='ltr'>veneratione</span> <span class='ocrx_word' id='word_1_250' title='bbox 987 3378 1180 3468; x_wconf 85' lang='lat' dir='ltr'>Missarum</span> <span class='ocrx_word' id='word_1_251' title='bbox 1210 3379 1380 3468; x_wconf 90' lang='lat' dir='ltr'>solennia</span> <span class='ocrx_word' id='word_1_252' title='bbox 1416 3380 1647 3471; x_wconf 87' lang='lat' dir='ltr'>celebraren-</span> 
     </span>
     <span class='ocr_line' id='line_1_29' title="bbox 215 3486 1645 3609; baseline 0.007 -31"><span class='ocrx_word' id='word_1_253' title='bbox 215 3518 299 3590; x_wconf 85' lang='lat' dir='ltr'>tur,</span> <span class='ocrx_word' id='word_1_254' title='bbox 323 3489 379 3578; x_wconf 86' lang='lat' dir='ltr'>fui</span> <span class='ocrx_word' id='word_1_255' title='bbox 396 3495 436 3576; x_wconf 93' lang='lat' dir='ltr'>in</span> <span class='ocrx_word' id='word_1_256' title='bbox 454 3486 596 3603; x_wconf 89' lang='lat' dir='ltr'>spiritu,</span> <span class='ocrx_word' id='word_1_257' title='bbox 619 3499 660 3576; x_wconf 76' lang='lat' dir='ltr'>dt</span> <span class='ocrx_word' id='word_1_258' title='bbox 682 3500 857 3607; x_wconf 89' lang='lat' dir='ltr'>apparuit</span> <span class='ocrx_word' id='word_1_259' title='bbox 879 3498 973 3580; x_wconf 89' lang='lat' dir='ltr'>mihi</span> <span class='ocrx_word' id='word_1_260' title='bbox 996 3498 1134 3581; x_wconf 88' lang='lat' dir='ltr'>eadem</span> <span class='ocrx_word' id='word_1_261' title='bbox 1162 3499 1287 3609; x_wconf 89' lang='lat' dir='ltr'>Virgo</span> <span class='ocrx_word' id='word_1_262' title='bbox 1310 3499 1410 3581; x_wconf 83' lang='lat' dir='ltr'>stans</span> <span class='ocrx_word' id='word_1_263' title='bbox 1436 3504 1481 3583; x_wconf 89' lang='lat' dir='ltr'>in</span> <span class='ocrx_word' id='word_1_264' title='bbox 1513 3495 1645 3587; x_wconf 64' lang='lat' dir='ltr'>caleti</span> 
     </span>
     <span class='ocr_line' id='line_1_30' title="bbox 216 3603 1646 3724; baseline 0.007 -31"><span class='ocrx_word' id='word_1_265' title='bbox 216 3603 386 3693; x_wconf 86' lang='lat' dir='ltr'>claritate</span> <span class='ocrx_word' id='word_1_266' title='bbox 411 3603 570 3691; x_wconf 74' lang='lat' dir='ltr'>mirifice</span> <span class='ocrx_word' id='word_1_267' title='bbox 602 3631 810 3711; x_wconf 88' lang='lat' dir='ltr'>coronata,</span> <span class='ocrx_word' id='word_1_268' title='bbox 842 3615 881 3693; x_wconf 89' lang='lat'>&amp;</span> <span class='ocrx_word' id='word_1_269' title='bbox 908 3608 1034 3721; x_wconf 92' lang='lat' dir='ltr'>palma</span> <span class='ocrx_word' id='word_1_270' title='bbox 1055 3614 1223 3695; x_wconf 72' lang='lat' dir='ltr'>victoria</span> <span class='ocrx_word' id='word_1_271' title='bbox 1250 3606 1428 3724; x_wconf 73' lang='lat' dir='ltr'>gloriose</span> <span class='ocrx_word' id='word_1_272' title='bbox 1455 3614 1646 3702; x_wconf 76' lang='lat' dir='ltr'>adamate·</span> 
     </span>
     <span class='ocr_line' id='line_1_31' title="bbox 209 3715 1644 3838; baseline 0.011 -36"><span class='ocrx_word' id='word_1_273' title='bbox 209 3722 302 3836; x_wconf 85' lang='lat' dir='ltr'>Ego</span> <span class='ocrx_word' id='word_1_274' title='bbox 321 3725 437 3832; x_wconf 87' lang='lat' dir='ltr'>igitur</span> <span class='ocrx_word' id='word_1_275' title='bbox 461 3746 547 3805; x_wconf 89' lang='lat' dir='ltr'>eam</span> <span class='ocrx_word' id='word_1_276' title='bbox 571 3715 775 3835; x_wconf 90' lang='lat' dir='ltr'>alloquens</span> <span class='ocrx_word' id='word_1_277' title='bbox 805 3728 1061 3838; x_wconf 87' lang='lat' dir='ltr'>interrogavi,</span> <span class='ocrx_word' id='word_1_278' title='bbox 1089 3752 1138 3808; x_wconf 94' lang='lat' dir='ltr'>an</span> <span class='ocrx_word' id='word_1_279' title='bbox 1166 3724 1256 3808; x_wconf 79' lang='lat' dir='ltr'>vere</span> <span class='ocrx_word' id='word_1_280' title='bbox 1286 3727 1340 3808; x_wconf 92' lang='lat' dir='ltr'>ita</span> <span class='ocrx_word' id='word_1_281' title='bbox 1378 3723 1474 3813; x_wconf 87' lang='lat' dir='ltr'>esset</span> <span class='ocrx_word' id='word_1_282' title='bbox 1512 3752 1644 3817; x_wconf 84' lang='lat' dir='ltr'>nomen</span> 
     </span>
     <span class='ocr_line' id='line_1_32' title="bbox 210 3829 1645 3951; baseline 0.009 -32"><span class='ocrx_word' id='word_1_283' title='bbox 210 3842 307 3944; x_wconf 69' lang='lat' dir='ltr'>qus,</span> <span class='ocrx_word' id='word_1_284' title='bbox 333 3834 427 3921; x_wconf 83' lang='lat' dir='ltr'>ficut</span> <span class='ocrx_word' id='word_1_285' title='bbox 446 3829 607 3919; x_wconf 89' lang='lat' dir='ltr'>relatum</span> <span class='ocrx_word' id='word_1_286' title='bbox 632 3833 746 3919; x_wconf 88' lang='lat' dir='ltr'>nobis</span> <span class='ocrx_word' id='word_1_287' title='bbox 770 3861 863 3934; x_wconf 88' lang='lat' dir='ltr'>erat,</span> <span class='ocrx_word' id='word_1_288' title='bbox 893 3844 1116 3951; x_wconf 88' lang='lat' dir='ltr'>pariterque</span> <span class='ocrx_word' id='word_1_289' title='bbox 1146 3834 1326 3924; x_wconf 86' lang='lat' dir='ltr'>sciscitata</span> <span class='ocrx_word' id='word_1_290' title='bbox 1348 3835 1431 3925; x_wconf 89' lang='lat' dir='ltr'>sum</span> <span class='ocrx_word' id='word_1_291' title='bbox 1460 3842 1513 3930; x_wconf 91' lang='lat' dir='ltr'>de</span> <span class='ocrx_word' id='word_1_292' title='bbox 1532 3849 1645 3931; x_wconf 81' lang='lat' dir='ltr'>norni-</span> 
     </span>
    </p>
   </div>
   <div class='ocr_carea' id='block_1_3' title="bbox 137 3949 1647 4190">
    <p class='ocr_par' dir='ltr' id='par_1_3' title="bbox 137 3949 1647 4190">
     <span class='ocr_line' id='line_1_33' title="bbox 137 3949 1647 4159; baseline 0.005 -120"><span class='ocrx_word' id='word_1_293' title='bbox 137 4030 143 4039; x_wconf 84' lang='lat'><em>.</em></span> <span class='ocrx_word' id='word_1_294' title='bbox 212 3978 265 4036; x_wconf 92' lang='lat' dir='ltr'>ne</span> <span class='ocrx_word' id='word_1_295' title='bbox 289 3949 487 4056; x_wconf 86' lang='lat' dir='ltr'>cujusdam</span> <span class='ocrx_word' id='word_1_296' title='bbox 505 3953 703 4062; x_wconf 85' lang='lat' dir='ltr'>manytit,</span> <span class='ocrx_word' id='word_1_297' title='bbox 725 3958 832 4057; x_wconf 80' lang='lat' dir='ltr'>cujus</span> <span class='ocrx_word' id='word_1_298' title='bbox 856 3977 996 4064; x_wconf 86' lang='lat' dir='ltr'>corpus</span> <span class='ocrx_word' id='word_1_299' title='bbox 1017 3957 1168 4066; x_wconf 88' lang='lat' dir='ltr'>absque</span> <span class='ocrx_word' id='word_1_300' title='bbox 1191 3976 1300 4040; x_wconf 89' lang='lat' dir='ltr'>cetto</span> <span class='ocrx_word' id='word_1_301' title='bbox 1325 3963 1493 4046; x_wconf 87' lang='lat' dir='ltr'>nomine</span> <span class='ocrx_word' id='word_1_302' title='bbox 1516 3987 1647 4159; x_wconf 51' lang='lat' dir='ltr'>eumq</span> 
     </span>
     <span class='ocr_line' id='line_1_34' title="bbox 626 4104 1617 4190; baseline 0.006 -6"><span class='ocrx_word' id='word_1_303' title='bbox 626 4111 630 4125; x_wconf 63' lang='lat'>⁶</span> <span class='ocrx_word' id='word_1_304' title='bbox 927 4110 930 4117; x_wconf 82' lang='grc'><strong>’</strong></span> <span class='ocrx_word' id='word_1_305' title='bbox 1595 4104 1617 4190; x_wconf 79' lang='grc' dir='ltr'>Ρ</span> 
     </span>
    </p>
   </div>
   <div class='ocr_carea' id='block_1_4' title="bbox 0 0 1894 4988">
    <p class='ocr_par' dir='ltr' id='par_1_4' title="bbox 0 0 1894 4988">
     <span class='ocr_line' id='line_1_35' title="bbox 0 0 1894 4988; baseline 0 0"><span class='ocrx_word' id='word_1_306' title='bbox 0 0 1894 4988; x_wconf 95' lang='lat' dir='ltr'> </span> 
     </span>
    </p>
   </div>
  </div>
 </body>
</html>
