3796 4994
221 289 323 413 236
582 288 786 389 cevent.
808 285 862 386 de
883 286 1074 422 Agreda.
1104 286 1230 391 Part.
1248 294 1285 387 1.

342 522 412 597 43.
440 491 577 578 Laudo
607 498 722 606 proin
746 496 885 576 DEum
907 492 962 574 ob
990 495 1202 577 Decretum
1233 488 1434 576 condendi
1459 513 1671 576 oeanrram

221 632 301 696 tam
331 609 514 703 divinam,
538 609 589 692 de
620 634 699 719 qua
721 603 868 720 possem
893 607 1022 690 dicere
1056 633 1143 690 cum
1165 609 1309 691 Sancto
1331 606 1523 717 Dionyfio
1545 608 1673 689 Aruo-

221 727 377 837 pagita,
399 721 537 833 quod,
570 720 635 804 nist
657 719 754 804 fides
775 749 839 804 me
870 720 1032 806 doceret
1057 718 1181 810 aliudr
1216 717 1366 837 possem
1396 723 1595 821 dubitare,
1623 746 1673 804 an

222 841 277 923 B:
295 841 441 948 Virgini
463 863 545 918 nou
559 833 643 919 insat
665 831 794 947 aliqua
811 835 1002 920 divinitas.
1192 931 1202 943 ρ
1313 830 1318 842 ’

338 963 408 1054 45.
442 950 657 1034 [neodem
685 950 864 1047 Instanti,
891 945 1018 1033 sedin
1047 955 1164 1034 tertio
1192 953 1272 1057 ejus
1295 948 1416 1060 signo,
1451 950 1572 1033 DEus
1598 946 1671 1032 de·

221 1071 342 1152 crevit
362 1064 535 1147 condere
553 1090 627 1176 pro
641 1064 797 1148 Christo
815 1069 952 1170 &ejus
973 1067 1099 1147 Matre
1115 1061 1251 1148 locum
1273 1064 1536 1160 habitationis,
1559 1089 1672 1146 nem·

216 1207 270 1294 pe
299 1173 461 1264 Coelum
491 1170 531 1260 de
559 1201 698 1261 tetram
729 1204 817 1260 cum
845 1171 957 1260 stellis
988 1181 1026 1260 δι
1057 1173 1269 1262 elementis.
1350 1182 1456 1262 Nam
1485 1177 1671 1288 primarid

218 1318 267 1378 ac
287 1321 360 1404 pro
386 1296 506 1403 priori
522 1290 632 1404 figno
663 1295 806 1375 creavit
827 1286 972 1375 coelum
1002 1296 1041 1373 δι
1064 1315 1295 1403 terram-pro
1319 1285 1408 1376 sohs
1440 1293 1598 1377 Christo
1630 1296 1671 1373 δι

221 1413 301 1517 ejus
326 1411 461 1490 Matre.
519 1407 597 1487 Sed
613 1407 800 1516 posterius
823 1409 989 1516 primum
1011 1411 1049 1488 δι
1078 1404 1362 1519 consequenter
1388 1407 1528 1491 eadem
1550 1411 1668 1489 etiam

218 1546 293 1636 pro
317 1520 474 1603 subditis
496 1515 596 1603 illius
628 1515 792 1630 supremi
814 1521 975 1630 Capitis.

336 1650 403 1736 44.
432 1637 476 1716 sn
499 1639 641 1737 quinto
660 1635 813 1716 instanti
833 1635 953 1716 DEus
969 1630 1147 1716 decrevit
1161 1658 1289 1718 creare
1313 1628 1489 1746 angelos,
1514 1659 1670 1745 eosque

220 1746 397 1832 dividere
415 1753 455 1831 in
477 1775 621 1831 novem
647 1747 824 1842 Chorus,
846 1750 884 1829 δι
915 1770 992 1829 tres
1012 1747 1263 1830 Hierarchias.
1346 1754 1443 1832 Finis
1469 1752 1671 1858 primarius

217 1887 320 1960 erat,
348 1884 390 1944 ut
411 1858 662 1977 agnoscerent
684 1864 723 1945 dc
756 1885 929 1946 amarent
959 1861 1117 1950 DEumr
1161 1859 1403 1945 secundarius
1435 1884 1590 1957 autem,
1626 1886 1670 1946 ut

218 1973 399 2061 servirent
416 1978 572 2060 Christo
599 1999 784 2088 tanquam
816 1973 885 2058 suo
907 1976 1052 2085 Capiti,
1074 1979 1113 2056 dc
1141 1981 1220 2078 ejus
1248 1979 1363 2059 Matri
1388 2001 1574 2087 tanquam
1595 1971 1669 2062 suae

216 2093 389 2202 Regina.
509 2091 554 2172 In
598 2090 743 2172 eodem
790 2090 944 2171 instanti
996 2088 1171 2173 Christus
1215 2089 1288 2172 suis
1337 2087 1581 2201 presentibus
1627 2096 1668 2172 δι

215 2201 378 2397 preprsrs
407 2207 568 2398 dmeritis
601 2204 818 2314 promentis
861 2226 1000 2284 omnes
1041 2206 1179 2317 gratias
1222 2203 1475 2315 postmodum
1522 2199 1670 2316 angelis

216 2342 292 2402 con
312 2342 403 2399 eren
435 2342 488 2398 as.

334 2455 401 2541 47.
431 2432 473 2512 ln
495 2428 639 2513 eodem
661 2431 816 2513 Instanti
839 2431 1002 2543 contigit
1024 2424 1165 2514 eledio
1192 2430 1403 2528 bonorum,
1425 2434 1464 2513 dc
1481 2430 1670 2543 reproba·

148 2535 157 2548 ’
214 2547 277 2633 tio
295 2540 485 2629 malorum
511 2539 749 2656 angelorum.
820 2549 926 2629 Nam
951 2550 992 2627 in
1018 2545 1096 2627 hoc
1122 2546 1277 2627 Instanti
1300 2547 1396 2627 vidit
1422 2548 1539 2628 DEus
1560 2543 1666 2629 futu·

218 2685 260 2745 ra
278 2685 399 2769 opera
424 2662 564 2742 horum
583 2653 823 2759 scissorum,
851 2682 894 2742 ut
915 2685 1007 2756 cos,
1029 2662 1099 2769 qui
1123 2657 1240 2741 futuri
1270 2655 1389 2740 essent
1418 2661 1668 2760 obedientes,

217 2766 377 2884 eligeret
403 2770 465 2855 sua
493 2771 775 2859 misericordias
821 2798 890 2855 cos
919 2774 1029 2864 vero,
1062 2769 1269 2882 quiessent
1295 2770 1411 2855 futuri
1435 2773 1668 2857 inobedien-

161 2956 169 2971 .
217 2908 289 2982 tes,
313 2883 375 2969 sua
398 2882 533 2993 iustitis
551 2886 791 2997 reprobaret.
820 2980 823 2987 ¹
876 2888 919 2966 In
940 2886 1084 2967 eodem
1117 2888 1270 2969 Instanti
1292 2883 1461 2969 secutum
1497 2890 1551 2970 est
1583 2889 1666 2972 De·

120 3001 132 3017 “
216 3024 363 3085 cretum
390 2998 587 3083 condendi
617 2993 761 3082 coelum
792 3025 866 3109 pro
899 2996 1140 3082 habitatione
1173 3003 1384 3105 justorum,
1419 3025 1559 3085 terram
1590 3030 1667 3116 pro

215 3108 299 3200 aliis
332 3112 524 3210 creaturis,
553 3117 591 3195 dr
628 3108 819 3195 infernum
849 3116 888 3195 in
922 3108 1056 3196 medio
1086 3139 1193 3197 terrae
1229 3142 1303 3226 pro
1337 3113 1526 3222 reprobis.

308 3247 401 3331 ⁰48.
440 3231 485 3311 In
513 3224 619 3311 sexto
652 3229 801 3309 Instanti
838 3229 957 3311 DEus
995 3227 1167 3311 decrevit
1202 3231 1375 3312 condere
1401 3256 1475 3339 pro
1506 3231 1665 3314 Christo

214 3336 421 3455 populum,
448 3370 589 3452 nempe
621 3342 988 3454 genus-humanum,
1016 3346 1056 3422 dd
1084 3342 1245 3453 quidem
1269 3345 1308 3425 in
1337 3343 1462 3424 forma
1485 3338 1594 3426 hmili
1613 3344 1664 3425 ad

165 3535 167 3539 .
213 3458 629 3540 haturamhumanam
665 3454 829 3542 Christis
880 3462 972 3566 quia
1004 3454 1160 3552 decuit,
1200 3481 1243 3538 ur
1268 3454 1401 3539 fratres
1429 3455 1664 3567 &populus

214 3565 329 3680 ipsius
367 3568 485 3652 essent
519 3563 573 3650 isli
606 3564 743 3650 fimiles
780 3593 968 3681 tanquam
1007 3573 1133 3680 capiti.
1230 3571 1274 3651 In
1308 3572 1385 3651 hoc
1414 3574 1566 3652 instanti
1592 3570 1675 3656 suit·

215 3682 392 3766 decretus
412 3682 556 3765 modus
576 3680 924 3766 conservationis&
940 3682 1160 3766 direuionis
1178 3688 1328 3794 generis
1345 3685 1522 3771 humanis
1554 3712 1664 3768 nem·

212 3821 265 3909 pe
285 3798 518 3907 propagatio
548 3820 618 3905 per
642 3797 840 3878 Adamum
870 3822 996 3907 usque
1024 3799 1074 3878 ad
1100 3799 1311 3895 Christum,
1338 3794 1497 3880 collatio
1527 3805 1665 3908 gratia·

212 3914 298 3994 rum
323 3907 643 3991 conferendarum
664 3913 797 4020 generi
819 3911 989 3991 humano
1014 3938 1084 4018 per
1105 3917 1239 3992 merita
1259 3914 1412 4003 Christi,
1440 3917 1480 3992 dc
1507 3916 1665 4024 integri-

212 4046 270 4108 tas
286 4025 430 4153 justitiae
456 4017 672 4135 originalis,
697 4022 723 4107 fi
750 4048 871 4134 genus
901 4025 1112 4106 humanum
1138 4029 1180 4106 in
1207 4051 1252 4107 ea
1279 4020 1396 4107 vellet
1419 4052 1660 4137 permanere.

826 4184 830 4193 2
1503 4144 1661 4224 'Praevi-
