3796 4994
303 313 331 383 ι
342 306 457 407 52.
592 218 619 380 ,’
721 272 895 406 nagan
921 302 979 370 ex
1000 272 1206 373 namura·
1219 271 1326 403 pus.-

302 485 379 572 bus
409 484 518 568 meir
546 472 700 567 resultat
740 484 781 564 in
808 482 937 565 anima
978 484 1101 588 major
1129 483 1307 592 cognitio
1350 477 1549 569 veritatisr
1605 483 1692 597 &q

303 604 475 689 veritatis
507 599 685 710 cognitio
725 599 846 708 magis
880 600 917 679 ei
950 593 1155 680 necessaria
1181 597 1235 680 est
1261 599 1360 680 circa
1397 622 1486 694 me,
1522 602 1561 679 δι
1590 601 1692 683 circa

306 744 350 805 ut
382 710 524 801 scilicet
573 706 782 824 cognoscat
823 736 918 806 me,
966 714 1008 793 &
1059 707 1268 823 cognoscar
1305 708 1374 808 se,
1420 710 1473 794 de
1511 739 1591 826 qua
1629 741 1692 828 cop

306 839 419 921 tione
463 826 660 941 egreditur
701 821 889 935 semper,
926 824 1040 1021 ffimd
1080 819 1119 909 se
1157 827 1405 925 contemnit,
1445 831 1485 909 &
1526 855 1596 912 me
1630 830 1692 913 ho:

305 974 378 1046 rar,
417 941 534 1057 quod
576 941 630 1024 est
663 943 864 1052 proprium
901 966 928 1022 o
972 943 1072 1024 cium
1105 935 1356 1038 humilitatis,
1380 962 1392 973 ·
1416 938 1667 1027 necessarium

307 1060 423 1178 quod
464 1084 513 1141 ex
554 1053 765 1140 visionibus
798 1060 894 1139 meis
930 1058 1057 1139 anima
1091 1050 1276 1155 efficiatur
1324 1060 1446 1170 magis
1488 1052 1644 1142 humilis
1682 1088 1692 1143 ι

307 1183 449 1293 gitque
477 1167 632 1287 seipsam
663 1164 727 1253 seu
762 1163 949 1254 vilitatem
984 1164 1087 1254 suam
1128 1172 1367 1285 cognoscens
1409 1176 1628 1284 pariter&
1667 1200 1692 1258 e

307 1315 499 1379 temnens.
613 1280 850 1397 Oppositum
900 1307 1028 1367 autem
1084 1290 1226 1369 accidit
1276 1286 1328 1370 de
1377 1284 1587 1372 visionibus
1636 1292 1691 1375 inr'

309 1412 356 1492 ci.
444 1401 549 1487 Cum
586 1404 689 1483 enirn
736 1397 780 1483 srt
820 1423 931 1510 pater
973 1400 1201 1497 mendacii,
1254 1405 1295 1482 &
1339 1407 1426 1485 Rex
1475 1398 1586 1514 super
1627 1431 1692 1487 om

306 1517 408 1608 filios
447 1513 662 1629 superbiae,
717 1508 866 1626 semper
902 1539 950 1596 ex
982 1514 1201 1602 uisionibus
1243 1522 1324 1615 eius
1364 1510 1516 1611 resultat
1561 1521 1601 1601 in
1636 1544 1692 1603 atu

307 1632 486 1751 quaedam
528 1633 686 1743 propria
724 1630 920 1740 reputatio
957 1623 1022 1712 seu
1062 1624 1308 1743 praesumptio
1355 1632 1407 1715 de
1448 1625 1601 1744 seipsa,
1648 1661 1692 1751 qr

307 1752 363 1838 est
400 1748 602 1861 proprium
641 1736 812 1827 officium
854 1736 1062 1853 superbie,
1099 1769 1358 1859 remanetque
1393 1748 1547 1859 turgida
1584 1753 1626 1833 &
1668 1776 1692 1834 v

173 1950 176 1957 ,
303 1893 349 1951 to
396 1864 536 1946 inflata.
650 1862 712 1942 Tu
755 1861 872 1971 igitur
917 1862 959 1941 in
998 1855 1117 1969 teipsa
1170 1853 1320 1971 semper
1363 1862 1625 1946 examinando
1677 1894 1692 1947 r

332 2004 441 2063 enter
478 1970 722 2089 perpendere
766 1974 937 2085 poteris,
982 1974 1090 2057 unde
1126 1972 1305 2084 processit
1348 1973 1481 2074 vifio,
1538 1975 1563 2062 ai
1601 1982 1692 2063 verit

303 2008 445 2182 scilicet
472 2116 522 2174 an
556 2068 839 2173 im'endacioa
890 2091 984 2281 <puin
1014 2092 1154 2173 veritas
1188 2084 1337 2200 semper
1365 2093 1531 2176 animam
1560 2090 1692 2180 humili

457 2200 704 2289 mendacium
731 2220 863 2282 autern
919 2204 996 2284 acit
1030 2228 1116 2285 eam
1153 2199 1368 2317 superbam
1454 2212 1609 2295 Hucus-

670 2340 752 2431 que
798 2315 976 2404 Christus
1004 2315 1077 2517 aad
1124 2320 1164 2407 S.
1206 2320 1382 2406 cathari·

976 2458 1003 2516 n
1027 2458 1081 2518 rn.
1326 2489 1329 2493 -
