3796 4994
593 330 793 434 Revelat.
819 326 1081 467 deAg'rcda.
1104 330 1279 434 Parti.
1557 358 1661 468 275

216 541 299 626 hoc
319 540 418 623 curte
437 536 657 622 immodice
678 541 719 622 in
743 531 1010 622 conservandis
1040 537 1203 642 divitiis,
1227 541 1271 620 dr
1292 531 1399 654 leges
1418 533 1661 629 intollerabi-

214 649 287 753 les,
312 677 409 766 quas
427 676 537 736 amor
561 651 778 736 divitiarum
800 652 957 735 invexit.
1645 636 1668 708 s'

331 776 430 866 45⁶·
471 767 581 849 Item.
638 767 704 850 De
735 759 946 849 necessariis
981 764 1065 847 vita
1085 758 1182 879 plus
1200 789 1285 848 non
1308 763 1511 864 admittas,
1538 765 1661 880 quim
1753 820 1756 825 -

213 880 370 994 precise
411 872 544 974 sufficit
584 877 636 962 ad
677 879 782 978 hoc,
815 903 868 961 ne
905 881 1091 962 moriaris.
1170 879 1219 961 ln
1255 877 1352 963 cibis
1375 874 1473 965 nihil
1511 878 1663 966 denae·

214 1018 306 1091 res,
343 988 411 1075 nist
442 990 557 1105 quod
596 986 708 1076 affert
743 995 935 1074 minorem
962 992 1141 1104 gustums
1184 995 1225 1074 uc
1248 1015 1294 1084 ut
1325 990 1399 1091 tibi
1430 992 1658 1103 praebeatur,

216 1106 332 1218 duod
369 1106 501 1217 gustus
539 1128 623 1190 non
660 1102 873 1205 desiderat,
911 1112 1071 1190 econtra
1105 1103 1347 1226 denegant,
1383 1107 1501 1222 qtaod
1529 1102 1663 1221 gudus'

215 1245 241 1304 a
296 1241 377 1304 ettt.
1656 1264 1659 1269 ·

238 1246 293 1333 pp
326 1355 427 1443 459.
485 1334 591 1442 Quia
625 1333 832 1444 Virginitas
866 1330 921 1416 est
955 1325 1125 1444 specialis
1168 1326 1313 1418 studius
1362 1331 1541 1446 passionis
1589 1327 1664 1443 lilii¹

218 1444 311 1542 mei,
326 1442 421 1529 ideo
435 1441 586 1546 dicitur,
599 1448 712 1577 quod
733 1448 898 1556 virgines
911 1439 1117 1578 sequantur
1130 1471 1289 1579 agnum,
1302 1472 1544 1580 qupcunque
1560 1446 1666 1532 ierit.¹

214 1554 950 1784 smississ‘siglsso‘sslss
970 1556 1667 1761 islslsss‘lsslssffiisl}

217 1789 333 1873 ritaes
373 1810 465 1869 tunc
484 1787 674 1870 Sacerdos
693 1783 744 1868 ad
765 1810 852 1869 eam
873 1783 987 1868 dixit:
1015 1779 1105 1868 Filia
1125 1813 1212 1870 mea
1228 1791 1306 1871 dcc.
1650 1802 1655 1839 ³

332 1914 430 1999 468.
471 1897 662 1982 Sacerdos
685 1892 741 1979 illi
799 1894 988 2009 msctipfit
1013 1893 1238 2010 sequentem
1269 1896 1466 1984 ordinemr
1506 1895 1658 1984 staterfis

219 2006 358 2097 divinis
385 2010 566 2097 laudibus
588 2017 629 2094 in
658 1925 821 2121 templs).
908 2015 1018 2095 Hora
1049 2018 1187 2098 oslava
1219 2009 1428 2126 vespertina
1450 2038 1517 2096 eas
1544 2010 1668 2097 cubi-³

217 2148 324 2215 tumr
361 2122 603 2210 illucescente
631 2149 768 2207 aurora
798 2120 945 2237 surgas.
1022 2129 1142 2210 Tunc
1168 2153 1258 2212 ores
1285 2127 1488 2241 usquead
1516 2126 1657 2210 noram
1825 2148 1828 2153 ·

218 2241 369 2323 tertiam
395 2247 508 2350 (quae
537 2235 814 2348 correspondet
846 2263 937 2320 cum
975 2240 1103 2322 nostra
1127 2238 1304 2348 Nona).
1358 2241 1397 2325 A
1425 2243 1537 2326 tertia
1556 2240 1667 2324 hora

219 2374 348 2463 usque
371 2352 423 2436 ad
443 2348 638 2549 vesperam
663 2376 704 2435 te
733 2376 901 2462 occupes
918 2351 958 2434 in
976 2345 1114 2434 labore
1137 2350 1318 2437 manualia
1340 2361 1344 2368 '
1369 2352 1551 2438 Refiduas
1577 2351 1670 2436 diesi

216 2461 493 2549 mmmm

336 2493 442 2677 4701.)
461 2582 575 2663 Periit
594 2583 708 2664 etiam
726 2573 920 2662 licentiam
940 2575 1129 2663 serviendi
1154 2571 1237 2662 aliis
1251 2573 1414 2692 puellis,
1441 2574 1657 2661 mundandi

216 2691 380 2800 patinas,
399 2693 598 2777 evertendi
618 2693 794 2776 domum.
1662 2724 1666 2733 ·

334 2834 432 2909 473.
461 2835 561 2911 474.
611 2805 735 2915 Leges
761 2807 1022 2916 temperantia
1047 2831 1122 2890 nec
1149 2827 1320 2919 unquam
1347 2798 1566 2918 tramgrelsa
1586 2800 1670 2902 cll,⁸

220 2941 296 3000 nec
327 2925 457 3030 potuit
497 2918 723 3032 transgredi.
808 2921 995 3027 Quamvis
1022 2913 1177 3003 somnus
1204 2922 1242 3001 in
1261 2901 1348 3028 ipsa
1373 2943 1456 3003 non
1492 2916 1661 3031 impedl⁴

219 3031 319 3114 verit
339 3026 722 3146 contemplationem,
743 3026 909 3115 libenter
930 3053 1060 3114 tamen
1083 3025 1153 3116 illo
1181 3026 1362 3116 catuiffct.
1418 3033 1532 3144 Legit
1552 3023 1657 3132 murl-

219 3165 278 3228 tas
302 3146 511 3258 Scripturas
536 3148 676 3231 veteris
697 3145 954 3231 Testamentis
993 3147 1034 3226 dr
1056 3168 1121 3229 eas
1141 3143 1192 3230 sc
1212 3140 1415 3243 intellexit,
1446 3168 1491 3228 nt
1508 3134 1657 3227 nullum

189 3250 272 3341 ‚illi
297 3263 514 3372 mysterium
540 3257 655 3343 fiterit
680 3251 856 3340 clausum.
908 3257 1019 3343 Deus
1050 3261 1154 3343 enim
1183 3256 1254 3375 ipsr
1285 3261 1419 3344 omnia
1444 3250 1665 3363 revelabat·
1717 3261 1727 3275 “

218 3374 259 3455 δι
278 3371 357 3485 ipsa
373 3377 503 3456 omnia
526 3370 751 3455 discutiebat
773 3395 861 3454 cum
887 3367 1043 3484 angelis.
1368 3464 1370 3469 ,
1657 3392 1661 3401 ·
1744 3402 1750 3412 ·

334 3504 433 3590 480·
461 3503 559 3586 48¹·
589 3502 690 3586 ⁴83·
746 3481 899 3568 Anima
926 3487 1111 3595 potentiae
1136 3485 1178 3571 in
1205 3492 1249 3574 B.
1272 3479 1326 3576 V.
1353 3510 1554 3602 nunquam
1588 3480 1659 3567 lu·

218 3592 388 3684 buerunt
426 3593 799 3710 concupiscentiam,
845 3622 933 3709 quae
956 3596 1138 3710 potuisset
1166 3603 1290 3702 vincia
1332 3626 1375 3689 ut
1400 3602 1590 3712 contingit
1615 3597 1658 3681 ia

221 3704 304 3795 aliis
328 3711 428 3799 Adae
455 3713 627 3824 posteris.
713 3712 758 3792 ln
785 3704 863 3822 ipsa
896 3715 1011 3822 proin
1039 3724 1177 3799 omnes
1203 3716 1263 3800 lta
1274 3717 1446 3802 uirtutes
1471 3710 1657 3800 summam

219 3848 267 3907 ac
287 3820 456 3911 ultimam
473 3824 754 3937 perfectionem
773 3817 982 3910 consecuta
997 3820 1101 3921 sunts
1129 3831 1226 3940 quin
1251 3833 1423 3947 potuerit
1445 3829 1547 3917 dicis
1576 3827 1658 3910 noe

221 3937 350 4021 adhuc
366 3937 517 4041 deficit,
535 3963 601 4024 aut
624 3939 733 4024 deest
758 3935 782 4023 i
801 3934 1042 4050 perfessione
1063 3935 1224 4030 summa.
1303 3938 1425 4054 Nulla
1448 3944 1567 4028 t'tuts
1586 3933 1657 4053 ips

218 4047 348 4150 defuit
370 4057 411 4140 in
433 4052 555 4168 g'tadu
576 4047 857 4166 perfeetum
1554 4054 1581 4105 ‘

936 4167 1089 4255 Mma
1555 4184 1659 4281 fl&

524 2460 730 2549 electioni
756 2465 978 2574 Scriptura,
995 2468 1035 2546 &
1062 2461 1159 2561 aliis,
1190 2491 1277 2575 qua
1306 2467 1486 2576 Magistra
1504 2460 1656 2597 iusserit
1695 2492 1698 2497 ·
