3772 4988
625 101 829 205 renem.
847 93 1303 253 digredienti.
1403 253 1410 265 ι
1567 126 1681 245 437..

213 316 673 520 vicinaffe'ffmoffi
705 309 837 513 ἓξὲξ
848 310 1676 544 aetdaitessenstigsqdedffelroTiuzhctipffrglrtffeelss

844 484 858 526 2
1069 492 1082 512 ο
1678 498 1685 515 ι

210 552 254 635 in
285 571 413 660 genua
435 572 569 631 coram
596 545 725 642 DEO,
754 541 906 628 direnn
935 540 1142 654 invifibilis
1160 543 1248 633 Rex
1266 551 1434 666 gentium
1455 553 1530 637 dcc.
1558 553 1673 643 Deur
1712 536 1717 552 ⁹

209 666 299 778 post
319 670 388 750 has
413 687 549 776 preces
572 662 755 772 pracepit
787 652 957 771 angelis,
983 682 1140 749 uttam
1171 686 1374 774 portarent
1400 665 1452 751 ad
1476 664 1671 759 infirmam
1745 726 1751 735 ·

176 862 182 871 .
210 802 387 879 matrem,
405 783 445 861 dt
466 801 508 862 ut
529 781 680 861 interea
693 800 794 859 unus
815 801 864 859 ex
885 777 939 858 eis
962 767 1166 862 assumeret
1185 772 1353 865 sormam
1372 780 1417 865 Β.
1436 784 1606 898 Virginis
1626 787 1668 873 in
1718 776 1720 781 ’

210 919 381 1009 corpore
400 896 533 990 niteo,
555 889 687 1003 sicque
706 893 747 972 in
766 891 1048 974 communitate
1062 885 1262 1005 ⁸suppleret
1281 902 1362 1004 ejus
1378 898 1496 984 vices.
1532 902 1670 1016 Quan·

209 1008 270 1094 do
292 1013 401 1099 venit
420 1007 472 1093 ad
492 1006 657 1092 matrem
680 1003 795 1088 dixit:
827 999 953 1090 Charo
973 1011 1097 1127 nater
1114 1008 1190 1095 &e
1642 1012 1647 1019 '

328 1143 425 1228 718.
482 1125 523 1210 S.
570 1125 686 1207 Anna
730 1117 972 1231 respondit:
1039 1121 1107 1204 De
1155 1120 1379 1213 haereditate
1412 1130 1531 1242 patris
1573 1134 1671 1236 Joa·

212 1243 353 1342 ehim,
408 1244 448 1325 dt
485 1264 605 1337 mea,
663 1261 750 1349 qua
801 1234 853 1318 ad
890 1257 930 1319 te
977 1239 1184 1347 pertinet,
1242 1237 1405 1330 dividerae
1435 1271 1526 1330 tum
1572 1272 1667 1359 pau·

239 1355 383 1445 eribus.

211 1387 238 1473 p
330 1495 431 1570 720.
458 1468 497 1553 S.
517 1465 630 1551 Anna
651 1457 727 1549 fuit
748 1459 958 1547 mediocris
982 1464 1153 1567 staturae3
1190 1464 1392 1583 aliquanto
1416 1473 1579 1559 minoris
1596 1477 1668 1570 ,vi-

213 1583 370 1685 delicet,
396 1582 517 1697 quim
533 1576 625 1664 filia.
707 1574 849 1662 Vultus
876 1601 958 1676 erat
983 1575 1227 1693 aliquatenus
1247 1584 1453 1673 rotundus.
1535 1587 1690 1689 Color.

212 1698 357 1786 ladeus
384 1706 423 1783 δι
445 1696 683 1810 sanguineus.
727 1695 849 1779 'Vixit
875 1706 925 1793 ιε
950 1718 1088 1779 annot.
1144 1703 1266 1781 Anno
1292 1702 1411 1795 etatis
1437 1731 1502 1805 24.
1527 1705 1665 1815 nupsit.

214 1818 341 2013 Annig
361 1845 413 1900 ιο
439 1838 520 1899 erat
546 1805 692 1897 sterilis.
747 1808 869 1897 Anno
902 1813 1157 1923 44.-peperit
1172 1815 1359 1904 Mariam
1387 1820 1428 1900 dt
1449 1844 1558 1903 anno
1582 1827 1664 1927 ejus
1721 1852 1723 1857 ’

218 1958 313 2018 rao
341 1955 397 2016 nt.
619 1998 625 2005 .

330 2036 436 2146 721.
454 2041 521 2126 De
541 2041 616 2123 hac
632 2037 830 2135 Matrona,
852 2060 898 2124 ut
915 2037 1052 2136 tudio,
1071 2034 1195 2153 aliqui
1210 2043 1407 2128 Dodorer
1428 2041 1667 2159 scripserunt,

211 2159 329 2360 pund
348 2185 406 2244 ter
420 2154 536 2242 fuerit
555 2158 783 2266 conjugatas
813 2158 854 2237 dt
875 2154 989 2266 quod
1010 2159 1052 2239 in
1068 2150 1252 2269 quolibet
1264 2162 1450 2271 conjugio
1471 2167 1667 2276 pepererit

251 2282 384 2386 iquam
412 2275 586 2357 Mariam.
669 2262 750 2353 Alii
767 2270 863 2353 veri)
883 2269 1083 2354 Dostores
1101 2293 1237 2355 tenent
1258 2279 1505 2360 contrarium.
1562 2280 1665 2363 Mihi

212 2393 335 2474 DEus
361 2387 411 2471 de
431 2389 471 2471 S.
495 2385 611 2469 Anna
636 2375 803 2467 contulit
825 2409 1010 2494 magnum
1035 2379 1193 2475 sument
1229 2413 1431 2501 nunquam
1450 2391 1546 2475 veri)
1570 2393 1674 2501 mihi,

212 2498 404 2588 ostensum
425 2498 511 2596 suit,
530 2499 645 2614 quod
663 2497 778 2585 fuerit
801 2525 890 2582 curn
907 2493 986 2583 alio
1002 2506 1224 2613 coniugata,
1245 2499 1417 2615 quitos.
1435 2506 1665 2608 Joachimor

211 2642 282 2703 aut
303 2618 418 2727 quod
437 2616 616 2700 habuerit
641 2610 753 2698 aliam
772 2609 910 2717 filiam,
945 2611 1067 2727 quim
1091 2614 1170 2699 Dei
1200 2621 1450 2728 genetricem.
1532 2622 1667 2707 Potest

211 2757 345 2818 tamen
362 2733 460 2832 eise,
484 2734 580 2814 ideo
606 2724 703 2812 nihil
735 2731 828 2812 mihi
856 2729 907 2815 de
935 2734 1040 2813 trino
1075 2738 1263 2842 conjugio
1299 2730 1410 2817 fuisse
1438 2737 1665 2836 revelatum,
1785 2731 1818 2827 ⁸.

212 2850 308 2961 quia
322 2847 364 2930 id
384 2875 469 2930 non
492 2849 660 2958 pertinet
674 2842 736 2926 ad
752 2843 958 2945 historiam,
980 2869 1100 2959 quam
1120 2840 1257 2933 scribo.
1291 2850 1490 2965 Qrando
1510 2851 1552 2935 S.
1568 2856 1665 2954 Joa·

213 2966 317 3049 chrm
341 2963 455 3058 obiit,
474 2983 556 3045 erat
581 2977 634 3061 48
658 2985 860 3066 annorum.

331 3103 431 3178 740.
455 3103 554 3175 741·
574 3104 672 3174 742·
716 3076 831 3158 DEus
854 3075 1024 3185 praecipit
1053 3077 1097 3158 B.
1119 3076 1295 3188 Virgini,
1326 3100 1368 3161 ut
1398 3079 1503 3162 ineat
1530 3082 1688 3176 coniu·-.¹
1720 3122 1724 3133 ·

212 3196 333 3305 gium.
360 3241 379 3257 ·
434 3187 660 3301 Respondet
682 3191 816 3272 DEO:
845 3213 986 3273 aeterne
1007 3191 1138 3274 DEus.
1161 3195 1236 3275 &n
1295 3194 1415 3277 DEus
1437 3197 1533 3279 vero
1555 3194 1666 3279 dixin

212 3301 315 3390 Noli
336 3304 570 3389 conturbari.
595 3307 673 3389 dte.
728 3303 939 3414 Postquam
960 3308 1005 3386 B.
1031 3308 1156 3415 Virgo
1178 3331 1226 3388 ex
1249 3306 1322 3389 hac
1346 3312 1589 3420 apparitione
1612 3306 1666 3393 ad

213 3416 253 3504 se
274 3419 419 3503 reversa
442 3421 508 3516 est,
526 3422 703 3531 apparuit
717 3420 835 3501 Diiur
857 3420 897 3500 in
925 3412 1066 3502 somno
1086 3421 1251 3503 Summo
1271 3424 1495 3521 Sacerdoti,
1514 3428 1668 3507 Simeo-

213 3538 269 3630 ni,
292 3538 536 3645 praecipiens,
569 3558 612 3615 ut
634 3535 801 3616 Mariam.
822 3535 955 3644 jungat
984 3536 1248 3620 matrimonio.
1292 3540 1454 3622 Simeon
1482 3537 1683 3649 quatsrvin,
1841 3537 1843 3541 ’

215 3656 278 3733 cui
305 3648 397 3731 esset
426 3647 643 3732 tradenda?
689 3643 902 3758 Respondit
936 3649 1081 3749 DEus,
1113 3649 1339 3763 cogendum
1358 3649 1433 3739 esse
1454 3652 1506 3737 de
1533 3654 1606 3738 hac
1624 3680 1668 3739 re

215 3759 444 3848 Concilium
468 3761 738 3847 sacerdotum.
