3796 4994
229 331 253 426 3
265 330 357 431 54·
581 288 808 390 'develat
826 286 879 385 de
894 287 1086 418 gretia.
1103 273 1221 383 Pars
1233 288 1290 380 11.

285 526 291 540 ·
342 520 438 599 850.
479 499 522 581 B.
551 496 677 606 Virgo
711 482 809 576 haec'
826 488 964 575 videns
997 493 1037 572 dt
1082 486 1243 575 audiens
1275 483 1412 570 omnia
1426 484 1676 574 'imitabatuts

227 611 406 725 Quando
431 611 553 722 ptima
579 610 665 693 vice
701 599 920 690 observavit
949 599 1198 716 sanguineum
1235 599 1377 686 Christi
1404 593 1594 684 sudorem
1622 599 1674 685 ob

226 720 422 841 praevisam
430 723 634 809 hominum
653 718 981 830 ingratitudinem,
996 719 1190 800 convertit
1204 709 1242 798 se
1251 712 1303 801 ad
1311 714 1513 812 homines,
1526 714 1678 798 dicens:

219 847 266 926 0
295 836 364 922 filii
386 836 631 929 bominum·
692 853 788 930 ιιι.
817 826 941 915 Multa
972 824 1045 912 alia
1074 823 1311 938 loquebatur
1330 830 1374 911 B.
1397 829 1473 922 V„
1566 853 1675 915 otum

225 949 534 1036 consideratione
558 973 626 1029 cor
646 973 776 1029 meum
796 938 1048 1054 colliquescit.
1102 940 1213 1026 Vidit
1232 942 1395 1051 quando
1427 965 1482 1022 ue
1552 937 1675 1024 umfi·

224 1060 334 1161 sium,
352 1084 394 1144 ut
410 1065 450 1145 in
467 1059 641 1157 Thabor,
662 1053 853 1168 ingloria,
876 1050 939 1139 vel
951 1055 1099 1138 audivit
1120 1051 1299 1138 musicam
1320 1078 1397 1166 ang
1441 1057 1561 1141 'eamr
1595 1078 1675 1166 qua

61 1163 73 1173 ’
224 1180 364 1262 videns
391 1167 453 1258 vel
473 1173 635 1258 audiens
664 1167 872 1259 necessario
890 1193 1044 1257 mortua
1061 1162 1213 1266 fuisset,
1236 1163 1305 1251 nis
1328 1191 1416 1263 eam
1431 1166 1551 1251 Deus
1568 1171 1674 1267 trita

225 1285 361 1375 culosi
380 1281 564 1371 servasset.
1111 1334 1115 1339 -
1302 1332 1319 1349 ·-
1400 1372 1404 1377 ,

289 1389 294 1398 ’
321 1417 438 1503 ·854.
472 1404 515 1481 Β.
537 1401 586 1482 V.
609 1394 661 1481 ad
679 1423 745 1481 me
763 1395 885 1480 dixit:
925 1394 995 1481 Ab
1017 1397 1098 1481 hoc
1119 1393 1185 1481 dic
1213 1389 1362 1479 nullum
1382 1389 1555 1506 amplius
1581 1419 1674 1506 opus

224 1536 400 1626 peragas,
420 1507 513 1594 nihil
534 1511 737 1622 loquaris,
760 1506 903 1594 nullam
933 1514 1213 1622 cogitationem
1238 1503 1432 1618 suscipias,
1462 1509 1536 1594 nifi
1560 1512 1673 1621 petita

224 1630 329 1738 prius
346 1625 454 1710 ime
471 1619 637 1711 sicentiai.
702 1625 926 1735 Antequam
948 1624 1150 1734 quidpiam
1176 1619 1417 1718 concludas,
1450 1649 1589 1709 meum
1611 1648 1672 1705 ex·

223 1743 337 1850 quire
355 1734 567 1821 consilium.
624 1735 795 1845 Quodsi
821 1736 892 1821 tibi
920 1735 1187 1848 respondero,
1215 1739 1353 1847 gratias
1370 1757 1446 1846 age
1469 1737 1582 1821 Deo
1634 1736 1671 1819 Si

221 1854 320 1935 veto
340 1854 414 1935 tibi
433 1879 513 1933 non
537 1846 790 1961 respondero,
813 1874 917 1935 certa
931 1873 1062 1932 tamen
1084 1847 1158 1947 fis,
1195 1851 1325 1933 Deum
1347 1847 1420 1933 tibi
1441 1844 1671 1935 collaturum

158 2070 160 2075 ,
222 1960 334 2052 suum
360 1962 506 2060 lumen,
535 1988 589 2044 ut¹
606 1963 787 2074 agnoscas
818 1969 903 2066 ejus
925 1958 1179 2047 voluntatem.
1247 1964 1392 2074 Omnia
1419 1983 1557 2048 tamen
1589 1989 1672 2049 exc·

223 2104 346 2187 quere
371 2076 438 2158 sub
461 2075 685 2159 obedientia
706 2081 761 2158 tui
784 2070 982 2187 spiritualis
1017 2077 1238 2164 diteciotiss
1279 2079 1319 2158 δι
1340 2101 1550 2190 uunquam
1574 2075 1669 2167 obsi·
1692 2144 1699 2161 .

223 2186 365 2273 viscere
387 2191 497 2292 hujus
518 2185 716 2298 spiritualis
733 2192 913 2273 mercitii

349 2321 443 2402 εις.
473 2300 650 2410 Quando
665 2302 813 2404 JESUS
840 2296 1051 2413 complevit
1075 2300 1298 2387 odiodecim
1319 2326 1460 2402 annos,
1483 2309 1530 2389 B.
1551 2309 1668 2417 Virgo

64 2497 69 2506 ,
221 2409 436 2526 'complevit
457 2440 598 2498 annum
618 2418 733 2500 aeratis
749 2413 981 2528 ttigefimum
1004 2421 1173 2513 tertium,
1195 2445 1280 2529 quae
1299 2419 1356 2500 est
1370 2441 1465 2500 actas
1488 2418 1667 2530 persecu,

222 2532 317 2641 quia
344 2531 398 2613 est
418 2526 602 2628 medium,
627 2524 891 2613 ficommunis
914 2528 1065 2612 duratio
1088 2531 1261 2614 humane
1277 2534 1362 2615 vitae
1383 2536 1424 2614 in
1442 2526 1514 2616 sex
1532 2559 1602 2620 aut
1619 2535 1668 2621 st·

219 2665 331 2753 ptem
354 2664 480 2750 panes
506 2640 711 2727 dividatur.
769 2644 815 2725 In
841 2643 915 2725 hac
943 2663 1054 2725 aetate
1084 2670 1227 2752 corpus
1250 2670 1334 2726 non
1356 2640 1529 2754 amplius
1546 2648 1667 2735 crescit

220 2757 261 2836 in
289 2748 595 2861 longitudinems
646 2757 684 2833 &
714 2751 740 2835 fi
764 2753 895 2837 crescit
917 2758 958 2838 in
985 2753 1290 2858 crassitudinem,
1325 2756 1368 2840 id
1398 2760 1456 2843 esi
1486 2787 1664 2876 augmen·

220 2885 303 2948 tvm
331 2866 463 2974 potius
491 2861 816 2973 imperfectionis,
851 2863 971 2979 quim
999 2865 1261 2978 perfeetionis.
1347 2875 1457 2955 Hinc
1486 2880 1529 2959 dt
1560 2879 1664 2964 Chii·

219 2977 298 3063 iius
319 2976 419 3061 obiit
434 3002 540 3060 anno
561 2980 680 3061 atatis
704 2977 899 3090 trigesmo
917 2983 1059 3078 tertio,
1087 2986 1181 3093 quia
1203 2977 1328 3066 voluit
1348 2978 1580 3095 exspefiare
1604 2994 1664 3078 sit·

220 3114 305 3174 tum
323 3095 498 3202 corporis
517 3085 745 3201 perfectum,
762 3115 804 3176 ur
818 3090 944 3205 posset
956 3089 1162 3178 sacrificate
1176 3119 1349 3179 naturam
1364 3099 1546 3187 bominis
1566 3131 1664 3201 com·

218 3197 377 3315 pletum.
437 3206 509 3301 Eu·
524 3204 597 3286 bac
625 3206 744 3287 etiam
767 3202 880 3297 musa
910 3205 1060 3303 dicitur,
1087 3209 1219 3291 Deum
1243 3205 1384 3311 creasse
1405 3211 1662 3305 Adimam&

219 3318 341 3400 Evam
356 3320 396 3399 in
414 3313 657 3426 perfessione
680 3320 798 3401 utatis
824 3345 872 3420 3³
904 3345 1113 3408 arrnotums
1142 3325 1318 3432 quamvis
1337 3321 1570 3433 fatendum,
1583 3359 1663 3421 tunt

221 3451 307 3513 eam
332 3450 493 3511 atatem·
521 3454 605 3511 non
627 3425 735 3512 mirre
770 3431 943 3516 medium
973 3435 1233 3543 comparative
1258 3434 1309 3517 ad
1324 3437 1591 3537 ‚dumuonem
1611 3474 1662 3533 to

182 3554 186 3558 ’
206 3541 295 3657 tius
317 3567 454 3623 eorum
477 3543 597 3643 vite„
644 3556 757 3640 v856.
784 3547 833 3629 Et
862 3550 1039 3654 quamvis
1058 3546 1108 3630 ab
1128 3547 1202 3630 bac
1219 3570 1329 3632 aetate
1352 3553 1525 3666 incipiat
1544 3586 1662 3649 uatem

217 3650 456 3750 decrescere·
470 3645 652 3749 naturalia
666 3653 780 3761 cason
789 3654 970 3755 desitne,
990 3655 1117 3770 capilii
1140 3655 1387 3762 inalbescere,
1412 3664 1536 3758 frons
1554 3678 1593 3761 in
1611 3704 1662 3763 rn-

164 3879 171 3886 .
217 3789 286 3876 gas
305 3765 497 3863 eonuabi,
507 3763 666 3876 sanguis
693 3765 905 3883 frigescere,
916 3775 1027 3861 virts
1047 3775 1198 3883 sugere,
1218 3779 1263 3857 in
1285 3777 1412 3863 Maria
1439 3807 1580 3876 tamen
1598 3794 1662 3877 hoe

215 3904 303 3971 uon
322 3882 500 3990 contigit,
519 3885 609 3992 quia
626 3879 760 3967 babuit
781 3883 949 3981 eundem
973 3888 1164 3996 vigorem,
1187 3889 1312 3985 vites,
1335 3917 1382 3975 ac
1412 3895 1658 4008 pulchritudi

196 4015 308 4121 *nem
326 4017 431 4083 auno
456 3999 572 4084 attaris
590 3989 663 4082 suat
687 3990 980 4113 septuagesimo,
1003 4025 1047 4084 ac
1069 3998 1262 4115 trigesimo
1289 4008 1427 4099 tertio.

1438 4220 1443 4231 .
1576 4153 1654 4242 857.
