3796 4994
633 324 825 459 'Regula
844 353 901 423 err
916 320 1030 422 Pico
1053 314 1252 423 Mirari
1570 354 1662 452 133

211 524 332 617 ledus
350 528 499 632 noster,
530 530 621 614 cum
634 523 788 615 fallatur
804 523 1009 639 plurimtim
1027 555 1097 639 per
1118 530 1449 613 ratiocinationem
1467 526 1584 643 ipsam
1607 556 1666 615 at·

213 671 290 759 que
308 639 535 745 discursum,
561 638 768 759 crepusculi
790 649 913 727 vicem
937 669 1072 755 gerere
1094 643 1247 726 videtur
1266 644 1316 726 ad
1342 640 1561 753 prasentia,
1588 675 1663 729 no·

216 766 281 843 uis
317 760 418 843 vero
455 758 716 871 comparative
752 757 803 841 ad
840 753 979 841 sutura.
1057 760 1159 839 Huic
1187 752 1286 838 illud
1319 761 1422 840 Petri
1455 756 1662 842 consonat:
1833 764 1836 769 '

216 869 420 961 Habemus
463 866 719 1071 prrzleiicum
749 871 991 985 firmorum,
1031 875 1091 989 cui
1125 868 1215 955 bene
1243 871 1377 981 facilis
1409 870 1664 974 attendentes,

216 986 319 1099 quafi
341 985 503 1073 lucerna
565 990 665 1073 tertii
681 988 721 1073 iu
739 982 939 1100 caliginost)
961 980 1054 1069 ioco.
1108 987 1158 1069 Et
1177 980 1274 1066 illud
1293 985 1469 1084 Miclteae,
1493 982 1581 1070 dum
1600 987 1665 1100 se-
1783 1059 1786 1066 .

216 1097 308 1187 dero
328 1106 371 1186 in
393 1096 559 1187 ienelris
575 1098 770 1187 Dominus
795 1099 867 1184 iux
891 1124 972 1185 mea
990 1094 1051 1207 esi.
1107 1101 1154 1183 Et
1175 1100 1226 1183 C.
1252 1116 1291 1189 8·
1340 1102 1465 1183 Porro
1490 1101 1580 1183 huic
1603 1102 1663 1184 di-

215 1218 310 1301 vino
339 1206 476 1299 lumini
505 1209 749 1319 subjiciuntur
785 1209 977 1308 universa,
1010 1237 1253 1407 ‹puarcunque
1284 1208 1467 1323 cognosci
1495 1211 1664 1322 possunt.
1715 1314 1722 1330 ι

218 1328 448 1435 Confirmari
474 1329 602 1439 potest
628 1322 808 1438 exemplo
831 1330 1011 1437 corporei
1050 1331 1208 1421 uminis,
1239 1330 1301 1408 cui
1325 1330 1458 1410 omnia
1484 1322 1664 1437 colorum

241 1469 360 1527 encra
381 1438 562 1539 substant,
584 1448 623 1524 δι
648 1441 699 1524 ab
731 1468 783 1527 eo
811 1436 1089 1525 collustrantur.
1155 1442 1243 1523 Nec
1272 1435 1376 1523 secus
1407 1436 1594 1551 spirituale
1618 1436 1663 1524 il·

214 1470 286 1640 iud
310 1551 445 1667 lumen
484 1550 573 1639 suos
610 1552 717 1668 quast
755 1554 886 1641 radios
922 1580 1166 1666 quocunque
1195 1554 1360 1666 dirigere
1393 1556 1543 1665 potest,
1573 1574 1695 1642 cum¹

213 1674 351 1757 omnia
378 1668 514 1763 divitto
540 1662 676 1753 lumini
695 1664 903 1780 prasentia,
925 1670 1145 1781 praelioque
1161 1665 1245 1752 sint.

322 1810 495 1940 Regula
538 1818 628 1909 to:
648 1800 908 1941 Propheta
941 1836 1100 1909 errare
1126 1804 1316 1939 potest,
1350 1801 1559 1942 quando
1589 1803 1661 1908 lu·

215 1978 339 2053 men
370 1942 647 2083 profatum
682 1948 751 2049 est
776 1971 949 2064 tenue,
975 1967 1066 2052 aut
1091 1944 1344 2049 instincius
1372 1947 1660 2085 ambiguus,

216 2090 272 2173 lb.
294 2090 349 2173 C.
369 2115 410 2184 9·
436 2090 506 2170 ait:
542 2086 745 2197 Propheta
770 2115 880 2170 mens
906 2080 1050 2199 duplici
1086 2087 1210 2170 modo
1246 2091 1395 2171 moveri
1430 2086 1454 2170 it
1487 2090 1581 2170 Deo
1610 2086 1662 2173 ad

218 2200 504 2315 predicendum
525 2204 670 2313 potesta
706 2227 772 2286 aut
801 2206 901 2285 enim
933 2196 1103 2316 expreisa
1127 2206 1167 2285 dr
1192 2225 1293 2285 certa
1314 2196 1554 2286 revelatione
1573 2197 1662 2287 illu-

219 2318 363 2415 stratur,
382 2315 435 2399 de
457 2340 538 2428 qua
555 2309 676 2399 locuti
691 2312 831 2401 sumus.
904 2316 988 2401 Aut
1008 2317 1182 2401 instinoiu
1205 2313 1381 2429 quodam
1405 2310 1564 2399 occulto
1588 2315 1662 2400 du-

220 2436 326 2529 citur,
358 2434 401 2513 δε
432 2432 473 2513 in
513 2455 685 2543 utroque
713 2429 903 2515 habentur
932 2429 1084 2543 gradus.
1138 2434 1287 2517 Lumen
1317 2436 1419 2513 enim
1442 2425 1541 2513 illud
1566 2456 1661 2541 pto·

222 2548 417 2656 pheticum
444 2539 657 2656 aliquando
682 2542 886 2641 intensus,
916 2550 964 2627 ali
996 2545 1130 2628 nando
1154 2542 1251 2628 verb
1269 2542 1451 2629 remissius
1473 2542 1547 2628 elie
1570 2567 1661 2655 pot·

224 2660 281 2759 est,
302 2657 398 2743 ficut
415 2665 453 2743 in
474 2652 637 2756 lumine,·
660 2657 776 2775 quod
804 2683 934 2741 manat
961 2572 1012 2739 se
1035 2658 1289 2769 corporibus,
1310 2652 1336 2740 li
1367 2680 1447 2742 uet.
1504 2666 1550 2743 Et
1572 2656 1660 2742 sane

223 2772 330 2857 rebus
353 2771 577 2877 majoribus,
607 2774 836 2887 credituque
858 2765 1135 2856 difficilioribus
1151 2686 1479 2857 intenfiuslumen
1503 2776 1660 2885 requiri,

226 2882 518 2972 consentaneum
541 2888 607 2984 est,
637 2884 755 3001 quim
776 2885 1004 2970 minoribus.
1085 2890 1185 2995 Quis
1212 2888 1315 2969 enim
1342 2884 1513 2999 ambigat
1533 2884 1662 2975 Abra-

225 3001 373 3085 buuum
395 2999 448 3084 ad
472 2994 753 3084 immolandum
766 2995 887 3085 filium
901 3027 982 3083 non
1002 2998 1214 3094 indudium,
1232 3022 1485 3113 preterquam
1501 2998 1661 3082 affluen-

225 3112 354 3200 rillimo
382 3120 426 3198 dr
449 3110 779 3201 exuberantiifimo
810 3106 978 3213 lumine,
1007 3140 1093 3225 quo
1124 3140 1231 3198 extra
1264 3141 1424 3198 omnem
1451 3113 1661 3195 dubitatio-

225 3254 304 3311 nem
323 3256 485 3314 cernere
502 3224 640 3341 pollet,
669 3233 721 3311 ita
742 3226 766 3312 it
791 3223 830 3311 se
856 3224 938 3311 lieri
959 3227 1119 3324 debere,
1143 3254 1367 3340 quanquam
1391 3220 1495 3310 aliud
1516 3223 1584 3309 fibi
1608 3220 1663 3309 es·

225 3336 257 3427 se
277 3338 455 3457 alioquin
484 3342 680 3455 agendum
714 3336 873 3427 naturali
904 3337 1050 3425 lumine
1082 3344 1382 3427 monstraretur?
1417 3340 1495 3423 Sed
1523 3344 1562 3423 &
1583 3332 1662 3452 ipsc

225 3450 408 3541 allocutus
428 3482 505 3569 ego
524 3460 626 3539 viros
644 3456 897 3567 praevidentes
910 3451 1005 3552 sum,
1035 3460 1104 3567 qui
1126 3451 1256 3567 aliqua
1280 3448 1424 3537 ostensa
1443 3453 1511 3537 fibi
1536 3448 1662 3538 claris·

227 3566 313 3655 lino
339 3564 490 3655 lumine
512 3568 718 3663 dicebantr
740 3564 813 3655 alia
831 3596 914 3653 non
929 3566 1033 3653 adeo
1057 3565 1221 3666 intenso,
1241 3593 1284 3652 ut
1309 3572 1400 3651 citra
1421 3566 1661 3652 dubietatem

229 3686 400 3769 certiores
422 3680 552 3769 elsent.
606 3689 684 3767 Pro
704 3676 956 3795 dispositione,
974 3687 1068 3767 item
1090 3684 1291 3795 proplietae
1311 3687 1411 3764 varia
1428 3682 1530 3765 varie
1548 3687 1665 3765 inrer-

232 3800 311 3883 dum
334 3804 377 3883 in
402 3802 461 3883 eis
479 3792 612 3883 lumen
632 3800 820 3909 recipitur.
876 3802 955 3881 Pro
978 3796 1094 3882 rebus
1109 3801 1225 3892 irem,
1249 3822 1337 3906 quae
1355 3820 1420 3878 aut
1445 3821 1571 3907 prope
1597 3817 1665 3879 aur

233 3902 350 4024 longe,
372 3914 418 3997 id
442 3916 509 4014 est,
529 3919 610 3995 cito
635 3936 701 3995 aut
715 3912 837 4007 ,tardo
869 3906 1006 3995 futurae
1038 3907 1133 3995 sunt.
1203 3912 1300 3993 inde
1323 3908 1380 4006 fit,
1402 3933 1445 3992 ut
1467 3936 1550 3991 non
1581 3934 1663 3992 uno

237 4018 518 4138 sempermodo‚
537 4020 605 4108 sed
621 4018 751 4109 tuttliis
765 4024 896 4109 modis
919 4019 1084 4138 loqui&
1104 4034 1353 4135 praenuntiare
1365 4020 1517 4136 poifint.
1575 4025 1666 4105 Nec

239 4133 319 4225 iun
337 4136 423 4231 falli
455 4144 547 4255 qu‘u
570 4136 696 4250 pollet
732 4138 957 4253 imprudens
985 4140 1206 4338 pambon,
1228 4160 1275 4225 ac
1304 4136 1530 4250 imprudens
1555 4139 1664 4332 cini}t

1075 4281 1095 4356 3
1651 4275 1667 4331 r
