3796 4994
558 298 900 433 Observationes·
914 300 975 398 ad
992 305 1141 400 Revel.
1158 284 1214 399 de
1233 252 1442 434 Agreda.
1603 334 1666 431 53
1676 336 1709 431 7

248 501 336 607 Sol,
361 510 541 610 Luna&
567 503 694 594 Stellae
716 506 900 594 lucebant
928 512 1069 593 minori
1086 505 1244 606 lumine,
1265 505 1384 620 quint
1399 508 1587 591 hierenus
1607 535 1707 592 con·

248 622 461 709 sueverant.
523 629 565 707 ln
588 629 652 706 dre
674 631 767 708 vero
791 618 1116 733 onirlffitotahter
1135 623 1445 706 obscurabantur.
1501 626 1549 705 Et
1568 653 1706 731 ‹quarn-

249 744 307 824 vis
328 737 440 823 multi
459 744 526 822 viri
549 741 656 823 docti
677 741 776 825 hanc
797 742 1050 822 mutationem
1074 741 1112 819 in
1142 734 1246 821 coelo
1266 736 1564 834 observaverint,
1595 735 1704 823 cansa

246 878 378 938 tamen
399 859 443 938 iis
469 842 778 966 erarincognita.
834 844 1016 962 ilpustoli
1042 878 1187 948 tamen,
1211 857 1250 934 δι
1279 846 1475 964 Discipuli,
1495 853 1564 966 qui
1575 857 1716 948 'tarn-,

244 966 401 1054 fuerunt
423 977 502 1077 ejus
519 976 650 1065 morti,
668 967 813 1052 causam
839 984 1097 1103 agnovertp
1128 968 1167 1051 P.
1189 998 1224 1069 3.
1240 970 1293 1050 N.
1310 971 1410 1064 706.
1714 980 1716 984 ’

341 1184 345 1191 .
374 1113 440 1186 37.
471 1087 525 1167 Ex
549 1112 602 1166 eo
623 1112 801 1195 tempore
824 1079 960 1167 fideles
979 1077 1249 1179 osculabantur
1277 1105 1438 1181 tetram,
1455 1080 1523 1166 ubi
1543 1080 1699 1196 uestigia

243 1194 382 1310 posuit.
412 1203 452 1282 P.
482 1229 515 1298 3.
536 1203 590 1280 N.
621 1228 717 1295 707.
1151 1294 1155 1303 Ι
1380 1243 1382 1247 ·

365 1332 430 1414 38.
450 1313 616 1395 Duobus
628 1310 769 1395 ultimis
783 1314 889 1393 annis
904 1307 1086 1395 omuibus
1100 1312 1205 1423 aegris
1218 1315 1256 1393 δε
1271 1307 1413 1396 miseris
1427 1306 1526 1395 adse
1539 1313 1699 1397 uenien-
1768 1339 1772 1343 ·

199 1469 205 1480 ’
242 1424 351 1527 tibus
367 1424 532 1511 contulit
551 1425 747 1509 sanitatem
779 1431 912 1509 animat
934 1431 972 1508 &
992 1432 1179 1538 corporis.
1201 1430 1248 1510 P.
1264 1457 1298 1526 3.
1319 1430 1373 1511 N.
1389 1457 1485 1528 709·

191 1608 202 1619 .
364 1571 425 1647 39.
450 1548 775 1652 Quotiescunque
792 1541 1116 1638 communicabat,
1130 1538 1437 1628 circumdabatur
1447 1547 1551 1627 mito
1569 1537 1695 1655 splen·

241 1655 344 1741 dore
362 1659 544 1740 omnibus
562 1659 603 1738 id
624 1656 854 1737 uidentibus.
881 1659 922 1735 Ρ.
950 1689 985 1760 3.
1014 1657 1068 1737 N.
1092 1672 1187 1748 718.
1629 1693 1633 1699 ¹

248 1838 254 1844 .
359 1804 428 1872 40.
459 1776 498 1854 ln
520 1771 680 1853 articulo
698 1776 831 1850 rnortis
849 1762 951 1851 illius
974 1763 1136 1852 coelestis
1160 1766 1278 1864 odor,
1298 1771 1338 1850 δι
1361 1763 1532 1881 angelica
1552 1771 1692 1856 musica

239 1879 533 1969 diffundebatur
557 1890 670 1965 etiam
691 1887 728 1965 in
752 1879 930 1991 plateam.
985 1878 1247 1965 Coenaculum
1272 1878 1492 1994 replebatur
1511 1879 1717 1992 splendo·.
1744 1884 1751 1898 '

239 2027 297 2091 re,
325 2027 443 2111 quem
469 2027 608 2082 omnes
632 1999 824 2080 viderunt.
879 1998 924 2078 ln
947 1998 1206 2081 testimonium
1229 1997 1342 2101 hujus
1371 1995 1542 2082 miraculi
1568 1997 1693 2084 sacrus

230 2116 295 2198 ‚est
314 2141 473 2226 magnus
505 2111 707 2196 concursus
729 2112 863 2223 populi
885 2117 925 2194 in
952 2108 1088 2223 plateis
1105 2108 1357 2216 Jerosolimae.
1384 2118 1426 2197 Ρ.
1450 2145 1485 2217 3.
1511 2117 1565 2198 N.
1589 2141 1691 2221 740.

230 2326 234 2331 ¹
354 2259 423 2328 4¹·
454 2230 495 2310 ln
519 2229 590 2310 ltac
614 2253 740 2309 morte
756 2223 815 2313 sol
836 2221 988 2339 aliquot
1005 2227 1109 2310 horis
1128 2223 1351 2309 obscuratus
1363 2224 1438 2311 'fuit
1457 2237 1493 2311 in
1518 2231 1690 2315 testimo·
1729 2272 1732 2278 ·

237 2343 343 2425 nium
361 2339 504 2428 transt
534 2368 672 2422 omnes
693 2346 780 2450 aegri
799 2341 1049 2441 aduenientes
1073 2338 1281 2424 retulerunt
1302 2339 1521 2441 sanitatem,
1553 2349 1590 2424 δι
1610 2370 1688 2428 tres

230 2452 405 2568 personat
433 2485 484 2540 eo
508 2481 711 2537 momento
730 2450 968 2558 Jerosolimis
991 2459 1030 2536 in
1051 2481 1214 2570 peccato
1233 2482 1399 2547 mottuae
1419 2458 1616 2540 redierunt
1635 2460 1686 2542 ad

235 2574 380 2667 uitam,
404 2576 441 2652 δι
468 2572 755 2681 poenitentiam.
775 2574 817 2654 Ρ.
844 2599 877 2671 3.
904 2572 957 2654 Ν.
979 2598 1074 2671 743.

254 2764 257 2771 ,
351 2714 421 2787 42.
449 2687 512 2768 ad
535 2679 764 2794 sepulturam
783 2709 1050 2768 convenerunt
1065 2710 1145 2766 non
1168 2678 1290 2767 sollrm
1306 2680 1442 2769 fideles
1460 2689 1532 2797 qui
1549 2707 1685 2794 porta·

230 2795 329 2880 bant
350 2794 528 2882 candelas
550 2793 744 2895 accensas,
770 2822 932 2910 quatum
951 2793 1054 2880 nulla
1082 2826 1150 2909 per
1173 2793 1271 2881 illud
1288 2798 1462 2882 triduum
1487 2796 1550 2880 uel
1571 2803 1684 2885 mini·

230 2911 340 2999 mum
360 2913 678 3008 consumebatur,
713 2909 779 2995 led
809 2915 923 2994 etiam
944 2909 1083 3024 reliqui
1108 2941 1245 2998 omues
1268 2909 1406 2998 incolae
1430 2899 1684 3012 Jerosolimae',

231 3034 297 3109 vix
321 3023 402 3111 ullo
428 3033 544 3112 etiam
563 3023 762 3139 gentilium
784 3053 827 3109 ac
842 3028 1063 3130 Judarorum
1088 3055 1267 3138 exceptu.
1306 3021 1417 3111 Mille
1439 3024 1567 3139 angeli
1584 3057 1682 3140 prae·

230 3141 426 3250 cedebant
443 3169 637 3236 canentes,
668 3170 836 3252 quorum
862 3140 1000 3224 musica
1021 3142 1251 3228 audiebatur
1270 3142 1319 3228 ab
1341 3142 1540 3254 Apostolis
1555 3147 1593 3225 bc
1609 3147 1680 3225 Di·

225 3249 394 3369 scipulis,
416 3263 453 3339 &
471 3251 597 3340 multis
613 3247 705 3338 aliis.
737 3263 778 3338 Ρ.
797 3288 832 3358 3.
856 3259 911 3338 N.
927 3285 1026 3360 752.

346 3402 412 3474 43.
435 3375 479 3454 ln
501 3376 560 3454 via
579 3372 628 3453 ad
645 3364 895 3480 Sepulchrum
919 3374 1162 3482 contigerunt
1181 3364 1301 3454 multa
1319 3364 1519 3458 miraculae
1543 3397 1680 3456 omnes

228 3487 332 3596 agri,
349 3514 515 3598 quorum
531 3511 764 3567 conuenerat
775 3510 916 3596 magna
929 3481 1153 3582 multitud0,
1169 3480 1404 3569 sanabantur.
1416 3489 1454 3564 Ρ.
1471 3518 1504 3583 3·
1519 3489 1626 3585 N-75
1641 3519 1677 3587 3.

344 3630 410 3701 44.
437 3600 506 3684 Ad
518 3594 615 3680 illius
631 3593 821 3683 tumulum
838 3627 913 3709 per·
928 3602 1119 3709 integrum
1134 3628 1277 3683 annum
1298 3599 1503 3713 permanfit
1517 3597 1677 3684 suavissi-

224 3738 313 3797 mus
330 3715 456 3802 odora
486 3718 525 3797 in
549 3688 772 3796 Coenac'ulo
796 3739 924 3796 autem
947 3712 1080 3797 mansit
1101 3709 1228 3797 multis
1245 3717 1365 3797 anno.
1390 3718 1434 3796 Ρ.
1451 3743 1486 3814 3.
1509 3718 1675 3816 N.754.

343 3857 412 3931 45.
431 3833 642 3913 Decretum
656 3823 729 3911 fuit
746 3825 795 3909 ab
815 3821 1029 3938 Apostolis,
1047 3827 1210 3940 quando
1232 3828 1491 3912 condiderunt
1504 3832 1674 3939 Symbo-

221 3932 324 4051 lum,
346 3968 387 4026 ut
417 3967 619 4027 vocaretur
643 3941 784 4027 Mater
807 3938 901 4027 Dei.
941 3939 1007 4025 Ab
1023 3936 1110 4025 aliis
1127 3933 1321 4027 Fidelibus
1339 3943 1552 4025 vocabatur
1567 3972 1675 4028 eom·

224 4062 391 4141 munitet
414 4057 557 4141 Maria
578 4053 602 4141 it
611 4054 756 4168 JESU.
815 4055 959 4140 Maria
981 4054 1152 4167 ilasi]
1167 4055 1395 4144 Nazareao.
1423 4056 1676 4147 Marias-ilia

201 4169 410 4285 Joaclrimi
434 4167 493 4285 §5
518 4172 657 4287 Aitna.
688 4175 732 4255 P.
755 4201 790 4291 q.
812 4172 980 4283 N.459.

323 4284 385 4374 D.
409 4282 456 4371 Ε.
475 4286 532 4371 A.
563 4279 800 4375 chevelat.
822 4280 925 4373 Pars
944 4282 1000 4372 lla
1161 4289 1312 4372 Xxx.
1522 4290 1676 4372 Horum
