3796 4994
207 299 306 403 240
683 267 858 426 Regula
885 297 941 363 ex
964 210 1017 369 P.
1049 255 1161 397 Oefi.

202 498 284 558 rum
327 467 499 576 precibus
546 466 705 558 borninis
752 474 860 557 vita'
879 466 1023 556 donata
1066 463 1127 576 tsl.
1213 464 1266 550 Et
1311 463 1518 578 aliquando
1556 462 1647 580 pos.

72 674 120 715 „
206 585 326 700 Quod
344 587 396 694 s,
420 589 567 696 inquit,
584 581 820 695 smulatione
852 580 1012 695 quadam
1032 609 1077 665 ac
1107 576 1299 692 prestigiis
1324 575 1399 665 hac
1434 581 1649 666 Dominum

191 703 323 823 seciffe
343 697 481 784 diiiuri
499 698 603 810 stent,
620 695 674 782 ad
695 699 771 781 Pro
795 694 968 782 betarum
988 691 1144 779 oracula
1167 720 1230 777 eos
1256 688 1479 779 deducentes
1501 720 1554 777 ex
1575 690 1650 780 illis

204 808 554 922 demonstrabimus,
587 812 718 895 cunda
774 808 893 921 eipso
918 812 975 893 ita
1003 804 1178 918 prodisse
1212 802 1269 899 ἐν*
1292 804 1391 923 gesa
1419 810 1486 914 effe
1519 811 1650 892 tertis·

199 923 306 1035 fimi,
329 951 482 1033 eumque
507 926 573 1032 ese
598 921 729 1008 Filium
755 923 851 1008 Dei.
911 917 1021 1007 Unde
1046 925 1156 1006 etiam
1185 921 1224 1004 in
1245 920 1324 1027 esus
1348 925 1521 1017 nomine,
1543 929 1652 1029 quot·

205 1049 299 1149 quot
311 1036 405 1151 fient
431 1040 521 1122 veri
549 1041 628 1152 ejus
655 1033 833 1148 discipuli,
863 1044 1015 1146 accepta
1041 1031 1089 1120 ab
1114 1060 1158 1118 eo
1185 1036 1314 1147 gratia
1342 1028 1569 1145 adsalutem
1593 1042 1652 1121 at·

206 1177 278 1263 pue
307 1147 361 1236 ad
389 1147 590 1236 utilitatem
623 1146 850 1259 reliquorum
883 1152 1046 1266 omnium
1085 1174 1144 1265 ea·
1163 1147 1346 1255 faciunt,
1366 1159 1499 1342 prout
1533 1172 1652 1257 unus·

206 1268 361 1374 quisque
382 1261 543 1376 ipsorum
572 1259 622 1348 ale
644 1289 687 1346 eo
711 1287 845 1347 munus
868 1264 1064 1372 acceperit.
1134 1257 1219 1342 Alii
1242 1261 1338 1343 enim
1392 1286 1554 1345 oemones
1582 1287 1653 1344 ex·

203 1372 350 1488 pellunt
376 1373 566 1484 certiffime
597 1389 642 1460 at
666 1369 862 1480 veriffimd.
930 1372 1016 1457 Alii
1049 1371 1318 1487 prescientiam
1341 1375 1569 1482 futurorum
1594 1372 1654 1469 δ’

208 1490 371 1598 vesanos
395 1489 529 1603 ,stortiti
558 1486 676 1602 stent,
708 1485 767 1584 ἐν’
798 1481 1036 1601 propheticas
1067 1482 1336 1598 pradiitiones.
1419 1481 1508 1571 Alii
1546 1487 1655 1592 inse·

209 1629 290 1686 mos
312 1626 381 1713 per
422 1603 684 1712 impostionem
719 1626 895 1687 manuum
930 1611 1094 1695 curant,
1128 1626 1175 1684 ac
1202 1594 1366 1709 prrslina
1394 1598 1561 1713 siccitati
1595 1627 1656 1686 re·

199 1710 380 1825 situuul.
466 1711 541 1802 Sed
563 1713 621 1810 ὅ*
644 1717 784 1800 mortui
819 1711 1037 1823 aliquoties,
1075 1710 1254 1822 utsupra
1277 1708 1458 1809 diximus,
1493 1717 1655 1802 excitati

199 1824 322 1940 fient,
351 1825 409 1922 ἐν*
431 1824 607 1939 pluribus
636 1823 806 1937 deinceps
838 1829 950 1912 amnis
976 1823 1164 1939 nobiscum
1194 1823 1491 1938 permanserunt.
1552 1824 1659 1946 Qu

203 1937 349 2051 plura?
374 1967 451 2026 non
470 1938 587 2051 potesl
610 1966 788 2025 numerus
816 1941 907 2025 iniri
928 1936 1127 2035 donorum,
1150 1964 1230 2047 que
1248 1958 1324 2047 per-
1348 1938 1570 2052 universum
1593 1969 1657 2043 ονς

56 2133 63 2143 .
211 2051 292 2141 bem
324 2051 485 2161 Ecclefia
509 2051 534 2136 u
560 2038 687 2139 DEO
715 2056 899 2162 accipiens
923 2055 962 2136 in
987 2055 1133 2138 nomine
1143 2049 1284 2160 JESH
1312 2047 1478 2161 quotidie
1500 2049 1555 2138 ad
1577 2057 1656 2166 opi·

211 2162 430 2252 iulationem
479 2168 619 2251 entium
637 2173 828 2275 operatur.
887 2166 1010 2262 idern,
1033 2159 1377 2276 inquit·Eusebius,
1406 2171 1445 2247 io
1465 2161 1545 2249 alio
1561 2163 1656 2255 loco

212 2283 267 2362 ita
284 2274 427 2361 scribit:
452 2192 574 2366 sicuti
601 2275 736 2362 multos
758 2304 810 2361 ex
823 2275 1018 2386 fratribus
1041 2272 1214 2363 audimus
1234 2280 1273 2362 in
1292 2275 1465 2388 ecclesa,
1483 2283 1551 2390 qui
1566 2304 1657 2392 pto·

209 2385 343 2501 pletia
371 2388 473 2476 dona
500 2388 686 2504 consecuti
709 2385 810 2499 sunt,
839 2386 897 2484 ἐν*
928 2395 1030 2476 omni
1062 2390 1272 2508 linguarum
1299 2416 1435 2508 genere
1453 2415 1523 2504 per
1542 2397 1655 2515 ψὴν·-

214 2512 295 2591 tum
323 2500 543 2617 loquuntur,
570 2501 628 2599 ἑο*
656 2500 710 2590 ad
733 2498 921 2590 hominum
950 2502 1153 2590 utilitatem
1181 2502 1329 2590 occulta
1357 2508 1396 2590 in
1424 2502 1543 2591 lucem
1565 2529 1656 2619 pro·

56 2618 58 2623 ’
207 2619 355 2727 serunt,
381 2627 495 2728 atque
519 2642 663 2703 arcana
691 2616 801 2704 DEI
824 2615 992 2731 mysleria
1016 2626 1222 2728 exponunt.
1290 2621 1346 2701 Ex
1364 2621 1424 2701 his
1447 2623 1565 2731 igitur
1589 2649 1654 2734 op·

214 2753 340 2839 paret‚
361 2730 625 2840 imprudenter
648 2727 736 2814 illos
757 2727 898 2829 facere,
925 2736 993 2842 qui
1023 2759 1082 2816 res
1109 2731 1415 2815 Christianorum
1433 2727 1542 2819 iliius
1559 2761 1652 2819 tem·

214 2845 323 2953 poris
344 2869 392 2925 ex
418 2839 585 2951 prasenti
614 2870 739 2926 rerunt
762 2844 857 2927 statu
880 2851 1082 2928 metientes
1108 2866 1313 2954 tantopere
1330 2848 1526 2945 mirantur,
1545 2847 1652 2960 quod

214 2955 282 3038 SS.
307 2958 496 3053 Foemina,
517 2983 621 3042 roera
651 2954 785 3065 Clarisli
808 2955 1022 3070 Discipulo,
1052 2985 1137 3070 quae
1167 2954 1305 3062 sciebat
1319 2955 1364 3070 se
1375 2957 1553 3069 sniumei
1576 2986 1649 3045 cun

213 3064 414 3164 Domino,
443 3073 588 3155 cuncus
609 3076 685 3176 jam
708 3076 866 3153 terrenis
888 3066 1089 3155 affectibus
1120 3066 1304 3167 exsoluta,
1334 3074 1375 3152 δι
1397 3075 1438 3154 in
1459 3068 1540 3182 ipsa
1556 3077 1649 3158 Mn·

213 3185 304 3292 tyrii
321 3183 572 3292 expeditione
590 3209 675 3267 eum
695 3168 763 3275 fibi
784 3179 977 3296 sumpserit
999 3184 1051 3267 de
1070 3183 1198 3266 divino
1215 3183 1443 3295 dignatione
1463 3186 1649 3283 fiduciam,

215 3296 322 3406 cujus
347 3292 525 3400 beneficia
553 3304 664 3382 tanta
697 3306 855 3405 experta
884 3307 982 3394 erat,
1012 3321 1055 3381 ut
1081 3295 1247 3402 fidenter
1274 3295 1312 3381 se
1337 3294 1442 3381 fratri
1469 3303 1662 3407 renuntio·¹

3 3424 14 3441 ·
84 3416 87 3421 ’
213 3431 342 3505 turam
367 3406 641 3518 spoponderit,
669 3433 716 3490 an
747 3406 865 3518 passio
895 3406 1023 3493 fotura
1053 3408 1146 3494 esset
1183 3435 1233 3491 an
1276 3417 1556 3496 commeatus?
1611 3409 1653 3495 ld

216 3521 393 3630 Basnogii
424 3521 568 3625 judicio
598 3516 719 3632 longe
747 3525 800 3604 est
829 3521 878 3604 ab
905 3523 1062 3606 istorum
1085 3548 1307 3632 temporum
1338 3525 1527 3610 motibus.
1582 3524 1655 3612 sed

215 3656 265 3712 an
292 3656 375 3714 non
392 3627 546 3743 longius
570 3634 623 3715 est
655 3638 768 3717 etiam
794 3634 845 3717 ab
878 3636 1069 3719 hodierna
1095 3631 1399 3732 consuetudine,
1428 3640 1545 3749 quod
1569 3628 1663 3724 tunc¹

205 3741 456 3854 sepenumero
484 3749 583 3826 inter
619 3744 751 3830 fratres
779 3744 923 3831 sactum
951 3745 1025 3831 effe
1047 3751 1202 3832 testatur
1239 3751 1427 3845 Irenaeus,
1459 3753 1576 3865 quod
1600 3766 1659 3839 to'·

145 3856 179 3911 ‘
213 3878 254 3937 ta
282 3851 390 3963 finrpl
429 3861 540 3938 unius
567 3853 647 3940 loci
683 3855 847 3945 Ecclefia
877 3861 933 3944 ob
954 3861 1133 3972 aliquam
1173 3861 1429 3944 necessitatem
1471 3867 1515 3947 id
1558 3858 1663 3979 flags

213 3991 320 4055 tante
359 3995 447 4057 cum
483 3974 631 4080 jejuniis
667 3966 799 4058 multis
835 3977 875 4057 dc
919 3974 1160 4060 orationibus
1193 4000 1345 4059 reversa
1373 3971 1419 4060 stt
1444 3979 1489 4062 in
1514 3982 1660 4091 cotpn's

1538 4098 1663 4180 anima
