3772 4988
657 332 762 460 Reg.
794 315 940 433 Prasl.
965 312 1023 425 est
1048 316 1252 456 Gersone.
1605 352 1685 454 91·

215 529 343 618 batur.
405 526 505 617 Hac
526 516 605 646 agit
628 529 679 617 de
699 535 951 647 prerogativa
979 536 1019 617 &
1043 535 1249 619 eminentia
1278 525 1498 616 dileuionis
1521 527 1674 626 divinat,
1715 536 1733 579 -’

217 647 268 732 ad
295 673 422 758 quam
450 645 477 730 fi
501 652 592 760 quis
606 647 817 746 devenerit,
846 646 889 733 fit
910 645 1119 733 secundum
1147 675 1233 734 eam
1250 647 1304 733 ab
1328 650 1436 731 omni
1464 642 1554 756 lege
1581 669 1677 755 ptae·

219 785 425 871 ceptorum
453 754 608 846 solutus.
636 812 653 829 -
711 764 759 846 Et
783 786 886 845 cette
908 789 1020 848 amor
1036 767 1137 847 inter
1162 789 1301 846 omncs
1327 763 1462 844 animae
1487 756 1681 870 passiones

188 870 191 877 ’
219 881 341 986 magis
359 878 620 987 penetrativus
639 875 707 972 est,
736 880 775 959 &
804 873 1039 962 alienativus.
1097 881 1139 962 Si
1168 904 1282 961 verus
1305 876 1359 961 est
1386 879 1425 958 &
1462 874 1603 987 castus,
1634 874 1681 975 &¹

219 985 390 1088 santius,
431 996 538 1095 juvat
574 987 874 1102 incogitabiliter
905 995 956 1076 ad
986 990 1235 1105 cogitandum
1271 985 1452 1074 coelestia.
1512 989 1553 1070 Si
1577 986 1674 1069 veto

219 1129 285 1186 tut
307 1131 431 1187 vanus
457 1102 519 1214 stt,
544 1102 743 1202 erroneus,
771 1129 838 1190 aut
865 1100 1106 1204 libidinosus,
1122 1109 1242 1189 varias
1271 1103 1341 1188 sibi
1364 1101 1508 1187 format
1530 1095 1677 1183 illusto'
1740 1131 1741 1134 ¹

218 1245 301 1314 nes,
330 1223 385 1302 ita
414 1241 457 1303 ut
484 1218 616 1302 credat
644 1219 777 1306 videte
805 1216 871 1304 seu
899 1225 1071 1335 cogitare
1100 1247 1186 1334 quae
1214 1213 1365 1331 prorsus
1390 1223 1557 1331 ignorat.
1624 1213 1679 1297 ‘st

221 1333 403 1444 pradisla
423 1336 548 1417 Maria
568 1362 650 1417 non
676 1333 728 1416 de
752 1333 979 1432 viatoribus,
1009 1345 1144 1448 utique
1167 1329 1290 1440 liparis
1319 1333 1370 1417 ad
1389 1355 1672 1443 praceptorum

221 1450 442 1531 divinorum
461 1444 746 1559 impletionem,
761 1446 829 1532 sed
851 1451 902 1532 de
921 1451 1017 1535 statu
1035 1452 1245 1536 beatorum
1264 1442 1528 1539 dileslionem,
1551 1470 1669 1557 quant
1779 1519 1784 1526 .

223 1557 436 1658 scribebat,
467 1557 709 1674 applicasset,
749 1568 813 1647 vix
846 1559 958 1648 altius
1030 1565 1217 1678 vidquam
1245 1563 1297 1648 dc
1331 1563 1461 1646 divina
1485 1557 1673 1650 fruitione

223 1677 357 1788 quoad
374 1688 376 1691 ’
393 1670 525 1873 alitpua
563 1677 640 1762 dici
668 1702 870 1790 potuerat,
898 1675 966 1763 sed
995 1593 1154 1763 sallebat
1197 1704 1282 1762 earn
1320 1676 1518 1761 tumiditas
1554 1675 1671 1757 animi

224 1788 384 1901 passioni
417 1791 458 1873 di
474 1795 637 1877 eslionis
662 1797 847 1879 immixta.
933 1789 1097 1878 Putabat
1124 1795 1240 1907 igitur
1267 1789 1306 1878 se
1328 1787 1404 1875 frui
1428 1791 1545 1886 De0,
1576 1787 1672 1869 dum

224 1904 379 2038 pigebat
394 1931 442 1990 ea
457 1903 575 2016 paffio
598 1903 711 1991 sortis
734 1911 832 1991 circa
855 1910 987 1996 Deum
1006 1916 1046 1993 in
1064 1917 1144 2019 ejus
1162 1909 1310 2008 animo,
1325 1925 1673 2022 quantumcunque

226 2023 401 2105 adivims
425 2026 625 2134 praecptis
653 2018 773 2138 longe
802 2018 904 2108 esset.
1672 2128 1675 2137 ¹

325 2182 500 2313 Regula
550 2210 623 2300 13·
696 2169 890 2281 Eadem
943 2177 1191 2314 persona,
1237 2209 1350 2316 quae
1390 2170 1547 2282 habet
1588 2169 1673 2278 ali·

229 2317 435 2457 quando
471 2350 613 2423 veras
641 2317 990 2438 revelationes,
1027 2323 1194 2455 potest
1236 2321 1329 2425 alia
1375 2329 1483 2425 vice
1519 2315 1695 2434 illudi„

227 2457 370 2575 Gerson
399 2463 443 2546 l.
462 2460 552 2545 CC
577 2457 627 2543 fic
654 2460 793 2544 habet:
831 2465 928 2546 Non
952 2464 1003 2547 est
1029 2464 1362 2575 pratereundum,
1392 2462 1504 2576 quod
1533 2460 1674 2544 eadent·

225 2580 397 2687 persona,
424 2575 519 2660 ficut
545 2602 649 2658 nunc
673 2580 801 2687 potest
833 2572 907 2661 eise
931 2578 1065 2674 bona,
1096 2581 1135 2660 &
1167 2603 1302 2662 ornata
1331 2580 1537 2677 charitate,
1568 2600 1671 2659 nunc
1700 2667 1709 2673 .

226 2691 416 2777 declinare
438 2696 477 2774 in
507 2694 664 2786 vitium,
697 2694 734 2773 δι
763 2688 885 2775 rursus
909 2691 932 2777 i
956 2688 1099 2777 malitia
1123 2697 1163 2777 in
1186 2695 1361 2799 justitiam
1388 2694 1588 2792 converti,
1621 2687 1672 2774 stc

224 2804 397 2918 poffibile
421 2807 497 2901 est,
524 2807 688 2890 eandem
719 2802 919 2917 personam
950 2835 1054 2890 nunc
1080 2811 1177 2891 veiis
1202 2803 1501 2893 revelationibus
1519 2803 1670 2902 visitari.

226 2951 322 3009 nunc
340 2922 496 3034 fatigari
516 2916 577 3004 vel
597 2926 733 3020 tentari
751 2917 849 3007 salsis
868 2917 1120 3007 illusionibus.
1178 2926 1285 3008 Nam
1309 2928 1346 3008 δι
1373 2923 1577 3035 Propheta
1595 2922 1671 3004 'nod

224 3039 288 3138 siti,
313 3063 358 3123 ut
385 3036 532 3132 David,
556 3029 730 3132 Elisaeus,
758 3042 795 3119 oz
816 3038 996 3134 Nathan,
1025 3065 1109 3122 non
1133 3033 1281 3150 semper
1298 3039 1349 3123 ad
1369 3063 1505 3123 nutum
1534 3037 1670 3149 praesto

223 3153 418 3240 habebant
447 3145 656 3235 secundum
683 3155 916 3264 Gregorium
950 3157 989 3234 δι
1022 3156 1226 3237 Historiam
1266 3156 1537 3266 propheticum
1565 3145 1669 3260 spiri·

223 3292 307 3356 rum.
368 3268 489 3354 Unde
508 3268 666 3350 Nathan
690 3294 737 3350 ex
759 3267 953 3380 frequenti
973 3265 1037 3351 usu
1061 3270 1299 3380 propheticae
1327 3268 1482 3360 visonis
1503 3263 1670 3350 credidit
1725 3310 1729 3316 ·

220 3391 410 3500 propriam
438 3381 728 3466 aestimationem
756 3377 830 3467 esse
856 3385 1162 3493 revelationem,
1188 3383 1284 3467 dum
1309 3383 1378 3498 ipsi
1411 3381 1541 3468 David
1565 3374 1683 3496 quaef'
1736 3466 1740 3473 ,

220 3509 303 3589 tenti
332 3503 388 3588 de
415 3493 677 3584 aedificatione
700 3491 835 3610 templi
861 3525 903 3582 re
947 3499 1084 3586 onditt
1126 3497 1213 3596 Fac,
1242 3523 1464 3609 quecunque
1490 3491 1603 3583 habes
1623 3498 1671 3615 ist

217 3615 447 3715 cordetuo,
492 3610 690 3699 Dominus
719 3622 841 3698 tecum
877 3526 942 3722 eil
1024 3607 1139 3697 Valet
1167 3615 1248 3698 hoc
1278 3611 1499 3727 exemplum
1528 3613 1579 3696 ad
1608 3639 1670 3712 et,

203 3760 287 3845 -qua
313 3739 367 3822 de
397 3725 470 3817 usu
507 3721 728 3810 dileclionis
762 3727 900 3811 divinae
927 3735 1103 3838 ptaetacla
1134 3724 1228 3812 sunt.
1300 3727 1573 3838 Quamobrem
1599 3731 1671 3840 qui

213 3851 242 3932 in
262 3850 406 3940 talibus
431 3846 657 3930 existimant
673 3838 710 3925 se
732 3847 894 3954 proprio
914 3838 1033 3939 sensu,
1057 3838 1138 3928 a'rte
1161 3838 1221 3928 vel
1240 3845 1421 3930 industria
1441 3837 1667 3938 discernere,

213 3968 348 4058 videant
373 3993 435 4054 ne
467 3981 624 4054 errent,
660 3956 900 4071 quoniamst
929 3955 1233 4074 praesumptionis
1264 3954 1412 4074 spiritus
1443 3951 1669 4070 obrepseriu

209 4074 422 4180 subintrabit
450 4068 578 4164 facile
597 4080 741 4159 vanitas
762 4066 961 4160 illusionis.

946 4254 1011 4364 M
1050 4295 1076 4362 2
1231 4396 1235 4403 J
1527 4265 1670 4391 Regu·
