3796 4994
224 382 320 457 102
602 359 775 492 Regale
795 387 854 460 ert
880 357 1002 462 dard
1026 355 1294 460 delatrata.

222 556 400 646 facienda
425 558 480 645 est
507 566 635 645 oratio
665 561 865 664 mentalis,
887 593 987 651 uxor
1015 596 1096 652 non
1124 592 1279 652 tenetur
1303 565 1468 653 obedire
1492 570 1579 654 viro
1604 564 1675 658 ali-

222 676 321 788 quid
349 679 605 787 praecipienti,
664 682 745 762 uod
775 688 994 766 orationem
1025 687 1077 764 im
1109 684 1226 768 ediat.
1281 713 1322 785 4.
1354 684 1482 794 Quod
1505 684 1675 770 orationi

222 789 380 875 mentali
402 816 579 875 vacantes
603 707 666 878 vd
705 823 867 907 peccare
894 822 977 881 non
1002 818 1057 912 po
1117 822 1182 895 nt,
1218 798 1279 882 vel
1308 792 1577 885 difficillimum
1607 802 1674 901 est.

222 905 337 1017 quod
357 928 531 1018 peccent.
552 911 629 992 dcc.

204 1077 208 1081 ·
329 1055 499 1185 Regula
541 1089 582 1153 2.
642 1049 1035 1194 Contemplatio
1081 1056 1149 1160 cst
1193 1049 1497 1189 simplex&
1543 1049 1674 1160 fixus

68 1288 72 1295 f
220 1198 434 1298 intuitus
469 1191 741 1299 intellectus
775 1197 874 1303 stne
909 1196 1114 1303 discursu
1146 1206 1287 1322 circa,
1301 1229 1414 1303 rem
1443 1198 1674 1335 aliquam

155 1442 158 1447 ,
219 1332 302 1437 seu
341 1344 621 1440 Veritatem.
697 1360 833 1476 Opust.
860 1391 895 1463 3.
924 1362 965 1447 C.
995 1390 1031 1447 t.
1090 1358 1309 1473 Explicatur
1333 1358 1517 1474 exemplo
1544 1368 1674 1474 pidto·

219 1478 297 1571 ris,
326 1480 397 1589 qui
425 1475 474 1560 ab
503 1480 616 1562 initio
645 1480 862 1562 consrdetat
890 1473 1040 1561 seotsrm
1080 1504 1217 1560 omnes
1245 1501 1371 1588 partes
1399 1481 1552 1590 picturae
1583 1477 1607 1563 ἃ
1634 1472 1672 1563 se

219 1590 418 1688 facienda,
449 1591 555 1687 dein,
588 1596 794 1707 postquam
820 1589 990 1704 perfecta
1017 1589 1147 1688 fuerit,
1177 1596 1353 1674 omnium
1383 1596 1548 1703 partium
1578 1620 1672 1705 pro-

218 1706 459 1816 portionem,
479 1708 673 1805 ordinem,
699 1703 865 1808 colores‚
884 1703 1114 1791 lineamenta
1138 1711 1213 1786 dcc.
1241 1732 1321 1788 uno
1346 1707 1487 1789 obtutu
1505 1706 1675 1790 admira·

219 1817 378 1903 bundus
407 1817 701 1932 contemplatur.
757 1823 821 1909 Sic
848 1827 888 1904 dc
905 1817 991 1918 ille,
1021 1825 1090 1933 qui
1112 1817 1361 1903 discurrendo
1384 1825 1481 1903 circa
1504 1817 1672 1934 aliquod

220 1935 440 2043 mysterium
458 1964 598 2020 omnes
616 1932 719 2019 illius
743 1960 869 2047 partes
892 1934 1134 2031 considerat,
1163 1936 1413 2047 postmodum
1438 1960 1566 2020 totum
1586 1964 1674 2019 cum

170 2120 173 2125 .
220 2052 397 2141 omnium
424 2057 588 2162 partium
611 2053 813 2134 harmonia
829 2048 911 2136 fixo
929 2055 1069 2133 intuitu
1087 2045 1382 2159 contemplatur.
1404 2053 1457 2135 C.
1481 2082 1516 2134 a.
1557 2053 1673 2135 Con-

169 2246 176 2258 ,
220 2166 429 2248 comitatur
456 2181 585 2249 autern
611 2166 715 2250 hunc
737 2173 865 2249 adum
893 2160 1136 2259 intellectus,
1169 2165 1330 2275 quando
1359 2166 1412 2246 est
1441 2162 1672 2263 fructuosus,

219 2268 377 2361 dffedtio
408 2283 472 2390 pia
497 2276 719 2362 voluntatis.
744 2283 795 2366 C.
820 2310 856 2384 3.
885 2284 924 2362 dc
954 2276 1167 2394 aliquando
1190 2280 1244 2363 est
1272 2276 1430 2383 infusus,
1458 2276 1674 2394 aliquando
1709 2312 1717 2342 2

103 2416 105 2420 ’
215 2392 315 2494 pero
336 2392 540 2508 acquisitus
563 2395 616 2481 C.
642 2422 711 2480 to.
1438 2431 1441 2437 ·
1530 2397 1538 2404 ’

322 2537 495 2667 Regula
536 2568 579 2659 3.
615 2530 788 2638 Status
824 2529 1257 2667 contemplativus
1298 2561 1409 2635 non
1443 2529 1512 2634 est
1545 2531 1672 2637 sem·

194 2704 312 2808 ¹per
338 2673 745 2810 supernaturalis,
780 2673 858 2778 scd
900 2675 1050 2780 datur
1084 2684 1242 2779 etiam
1277 2672 1531 2778 naturalis,
1615 2701 1675 2788 lb.

115 2868 118 2873 ·
220 2815 273 2899 C.
298 2840 361 2900 ro.
416 2811 690 2928 Haeregula‚
719 2844 809 2900 cutn
834 2818 947 2899 status
979 2810 1305 2923 contemplativus
1333 2819 1480 2898 vicinus
1508 2813 1554 2898 stt
1582 2843 1673 2902 cum

139 2950 158 3017 f
221 2928 361 3027 extafi,
397 2936 436 3014 δι
468 2931 699 3029 vistonibus,
729 2936 853 3015 immo
875 2927 972 3043 saepe
1003 2958 1092 3013 cum
1122 2925 1196 3012 illis
1220 2931 1437 3026 coincidat,
1469 2931 1522 3013 est
1541 2935 1674 3044 magni

193 3046 421 3130 'momenti
479 3045 671 3131 Probatur
690 3069 820 3130 autem
836 3049 1007 3129 unanimi
1025 3037 1207 3127 consensu
1226 3045 1462 3128 Dodorum.
1516 3041 1674 3133 S.Ber-

217 3155 363 3245 nardtrs
385 3166 425 3247 in
442 3158 542 3245 flor.
562 3160 603 3245 C.
628 3189 692 3265 55.
722 3159 912 3245 debemus
934 3155 1137 3244 assuescere
1157 3163 1197 3242 in
1217 3152 1564 3270 contemplatione.
1622 3164 1672 3246 Et

215 3275 258 3357 in
279 3280 344 3358 Tr.
365 3274 418 3358 de
442 3282 537 3362 odto
562 3280 726 3387 punctis.
794 3280 929 3360 euna.
965 3304 1003 3357 1.
1042 3277 1190 3357 Verum
1211 3277 1289 3370 est,
1317 3274 1430 3386 quod
1456 3277 1547 3357 huic
1572 3302 1672 3359 con·

215 3384 460 3500 templationi
474 3385 600 3475 nullus
620 3386 840 3474 mortalium
858 3392 985 3502 potest
1000 3386 1160 3472 firmiter
1177 3390 1382 3493 inhaerere3
1411 3386 1501 3471 scias
1524 3381 1686 3490 tamen,¹

69 3542 76 3557 .
151 3597 152 3601 a
187 3501 284 3588 -ubi
312 3509 449 3589 mentis
476 3510 734 3591 intentionem
755 3505 899 3589 debeas
924 3504 1069 3586 habete
1093 3500 1222 3602 fixam,
1253 3507 1291 3585 δι
1323 3504 1372 3585 ad
1404 3529 1523 3615 quam
1555 3505 1673 3589 desti·

213 3623 416 3703 nationem
435 3615 583 3731 semper
602 3626 735 3704 animae
753 3645 826 3704 tuae
838 3646 1001 3704 revoces
1021 3621 1172 3702 initium
1189 3668 1207 3682 ·
1221 3613 1379 3701 noscere
1399 3618 1533 3720 deber,
1553 3619 1693 3732 quod-

213 3729 433 3847 frequentia
456 3740 561 3818 aolus
589 3729 749 3820 similem
787 3734 858 3818 srbi
895 3733 1071 3817 habitum
1107 3759 1292 3844 generare
1323 3727 1533 3816 consuevit.
1598 3734 1671 3821 Rr'·

212 3842 378 3933 erardus
404 3844 487 3931 lS.
508 3853 667 3934 Victore
692 3851 733 3932 Ι.
760 3876 795 3949 5.
819 3850 869 3932 C.
895 3877 930 3933 r.
988 3844 1109 3930 Aliud
1138 3850 1191 3929 est
1218 3843 1560 3957 contemplationis
1584 3876 1672 3961 gra-

50 4038 55 4057 ,
212 3965 306 4045 tiam
338 3963 520 4045 divinitus
549 3967 766 4075 perciperet
807 3988 928 4077 atque
961 3956 1161 4046 aliudest
1196 3961 1248 4044 de
1279 3962 1503 4061 hujusmodi
1539 3964 1667 4065 dono,

190 4169 193 4174 ,
212 4077 292 4163 Dei
311 4075 472 4190 quidem
495 4104 572 4160 coo
603 4081 789 4173 eratione,
813 4082 975 4189 proprio
997 4080 1181 4159 exercitio
1205 4102 1442 4187 comparare.
1501 4081 1551 4161 Et
1565 4083 1669 4164 ea.

211 4192 360 4302 Burnus
380 4107 723 4309 contemplluonir
742 4190 887 4301 modus
904 4188 1022 4307 sutgr't
1040 4217 1090 4276 ex
1109 4190 1292 4277 industria
1316 4192 1507 4282 humanat
1535 4197 1671 4278 tertiat

1617 4333 1666 4393 ex
