3796 4994
259 339 298 452 11
312 329 374 432 38
686 306 861 443 Regulae'
883 295 940 409 eat
967 307 1074 409 Pico
1099 298 1301 408 Miranti.
1343 446 1347 460 Ι

271 508 410 615 luntas
426 515 587 601 nimium
616 541 691 628 pro
720 511 807 602 ensi
838 518 924 617 est,
959 518 1136 604 aberrare
1165 516 1354 626 judicium
1378 507 1520 629 potest.
1582 534 1620 613 8.
1650 521 1733 633 Qti

222 716 228 723 .
254 627 440 718 aliorum
462 625 619 718 consilia
640 543 834 744 telpuunt.
888 661 931 731 9.
962 639 1045 743 Qui
1069 635 1121 718 de
1139 633 1324 717 omnibus
1351 628 1390 717 se
1413 630 1437 717 i
1460 635 1650 745 Deo-per
1673 661 1735 718 te·

60 747 62 752 ’
275 741 516 831 velationem
536 746 679 833 erudiri
696 743 1000 862 praesumptuose
1027 753 1199 860 cupiunt.
1261 777 1327 834 ιο.
1356 750 1440 858 Qui
1462 743 1735 836 tribulationes

270 862 520 975 indignanter
548 859 692 948 ferunt.
767 891 832 949 tr.
869 868 954 975 Qui
986 858 1284 977 singularitatem
1317 867 1433 965 vitae;
1460 868 1499 946 δι
1530 869 1571 948 in
1596 866 1734 949 vestitu

274 971 517 1089 sequuntur,
546 970 653 1061 nulla
685 973 837 1091 speciali
869 975 1034 1076 utilitate
1074 974 1256 1091 spirituali
1291 978 1451 1061 inducis.
1528 983 1635 1086 Quia
1656 980 1738 1064 haec

223 1168 226 1172 ,
276 1094 410 1177 omnia
451 1086 534 1175 sunt
578 1091 681 1203 figna
727 1091 924 1204 superbiae.
1014 1120 1078 1177 12.
1115 1097 1198 1201 Qui
1230 1087 1469 1178 deleciantut
1510 1091 1737 1176 mendaciis.

275 1199 445 1304 Talium,
469 1208 615 1289 etiamst
635 1210 904 1314 praedictiones
929 1202 1069 1321 aliquae
1096 1206 1296 1303 veraefim,
1326 1211 1472 1307 omnia,
1502 1234 1589 1319 quae
1614 1201 1762 1293 effan-.

274 1342 351 1420 tur,
380 1347 447 1405 aut
474 1350 549 1432 pro
578 1316 702 1418 salsis,
731 1346 798 1407 nur
821 1324 879 1429 ‘de
906 1320 1068 1408 falsitate
1095 1318 1272 1433 suspectis
1298 1324 1432 1408 haberi
1461 1322 1610 1407 debent
1673 1353 1738 1425 ¹3·

277 1439 319 1527 si
342 1434 385 1520 stt
416 1440 584 1521 nontin
610 1441 649 1518 in
683 1416 894 1523 visionibus
921 1438 1205 1551 percipiendis,
1238 1467 1312 1522 nec
1339 1463 1451 1522 antea
1483 1463 1657 1549 unquam
1685 1439 1738 1520 de

187 1553 195 1570 '
275 1545 518 1637 illusionibus
534 1575 710 1642 „tentatus
740 1549 876 1640 fuerim
920 1552 1009 1636 etim
1036 1558 1137 1635 enim
1158 1546 1286 1637 nullus
1315 1552 1384 1651 stt,
1414 1581 1536 1664 quem
1570 1554 1736 1635 doemon

178 1668 189 1674 ”
276 1690 359 1753 non
384 1666 651 1778 aggrediatur,
682 1666 910 1754 verendum,
931 1693 982 1751 ne
1010 1664 1224 1779 decipiatur
1246 1671 1287 1751 in
1310 1672 1529 1779 principius
1570 1665 1740 1749 maxime

263 1809 364 1867 ‚cum
386 1809 456 1888 per
484 1784 760 1893 experientiam
786 1775 1106 1867 &collationem
1137 1777 1306 1894 plurium
1327 1780 1520 1866 visionum
1544 1807 1629 1864 non
1663 1807 1738 1890 po·

278 1921 394 1983 tuerit
413 1894 480 1979 libi
498 1922 727 2007 comparate
750 1890 941 2008 regulam,
965 1891 1220 2009 dignoscendi
1246 1894 1411 1980 visiones
1439 1922 1547 1979 veras
1573 1893 1597 1980 d
1623 1891 1738 1982 fains.

278 2032 348 2109 14.
379 2014 420 2095 si
442 2007 668 2119 suspiritus
690 2007 896 2107 instabilis,
917 2014 1036 2123 vagi,
1065 2002 1304 2106 turbulenti,
1328 2037 1375 2094 ac
1394 2014 1573 2121 inquieti.
1633 2015 1739 2114 Quia

25 2204 39 2226 ,
259 2128 441 2237 ,Spiritus
462 2127 626 2207 Domini
654 2151 738 2206 non
760 2117 859 2209 sole'r
881 2120 1107 2236 quiescere,
1126 2122 1195 2207 nist
1217 2121 1329 2235 super
1349 2128 1528 2237 quietum
1550 2127 1590 2205 δι
1611 2125 1740 2207 humi-

166 2244 187 2337 ]
277 2237 369 2333 lem.
430 2241 479 2323 Et
510 2265 556 2321 ea
583 2239 637 2320 est
658 2243 874 2350 proprietas
895 2243 1043 2350 recepti
1062 2243 1102 2322 in
1125 2241 1258 2323 animo
1280 2240 1467 2348 Spiritus,
1496 2258 1544 2323 ut·
1565 2236 1741 2323 animum

187 2348 190 2355 ’
277 2377 421 2447 avocet
443 2351 467 2441 i
489 2356 649 2438 terrenis
669 2350 721 2436 ad
741 2346 933 2448 coelestia,
957 2366 1086 2466 etque
1110 2376 1208 2463 pace
1230 2355 1365 2466 quiete
1390 2357 1428 2437 dt
1459 2349 1739 2465 tranquillitate

279 2475 455 2559 animum
483 2463 709 2583 perfundat,
738 2493 859 2582 quam
886 2467 1058 2557 mundus
1087 2467 1182 2555 dare
1209 2495 1294 2554 non
1323 2468 1466 2581 potest.
1522 2471 1743 2584 Hucusque

283 2764 292 2776 ’
386 2757 557 2891 Regula
591 2780 668 2884 15.
704 2740 1122 2856 Revelationibus
1155 2751 1389 2855 vitorum
1411 2747 1600 2881 majori
1619 2780 1741 2861 con·

280 2892 491 3007 fidentia
527 2889 913 3009 assentiendum,
949 2887 1112 3027 quim
1146 2890 1438 2999 mulierum.
1511 2923 1593 3003 Has
1621 2924 1740 3020 enim,

136 3084 140 3091 ,
279 3068 332 3139 ne
353 3033 570 3155 publicixin
589 3031 757 3122 Ecclesia
775 3032 979 3127 docerent,
997 3027 1369 3143 vetuitApostolust
1398 3039 1438 3119 δι
1459 3037 1618 3123 tationis
1641 3037 1742 3145 judi·

280 3160 400 3262 cium,
430 3181 516 3269 quo
534 3148 701 3241 ttfistam
719 3143 984 3249 illusionibus,
998 3147 1039 3229 in
1057 3147 1145 3230 viris
1165 3142 1311 3233 firmius
1330 3149 1397 3233 eil.

390 3322 564 3457 Regula
604 3316 682 3421 16.
736 3311 798 3417 In
840 3301 1215 3449 antiquioribus
1256 3304 1524 3450 prophetis
1574 3316 1741 3449 magis

281 3458 658 3575 attendendum
703 3475 812 3560 etat
859 3450 926 3558 ad
970 3480 1146 3557 mores
1194 3486 1410 3573 eorum,
1470 3449 1635 3593 quim
1677 3455 1741 3559 ad

281 3607 413 3714 diua
456 3596 510 3709 dt
547 3603 827 3740 dogmata3
885 3603 941 3701 in
988 3595 1088 3701 istis
1121 3596 1262 3705 'verb
1309 3598 1426 3735 post
1470 3591 1743 3702 confirma·

145 3736 174 3775 ‘¹
280 3744 717 3871 runcationem
753 3740 818 3845 ad
853 3736 1104 3878 dogmata
1144 3749 1342 3883 magis,
1367 3770 1539 3880 quam
1573 3746 1743 3845 vitam

147 3888 152 3901 ’
279 3881 536 4033 loquentis
572 3881 938 4025 inspiciendum
973 3881 1055 3984 est.
1142 3908 1248 4014 Quia
1287 3903 1457 4013 antiquis
1494 3897 1742 4008 temporibus

280 4064 365 4122 non
395 4032 558 4116 dabatur
584 4025 808 4114 hominibus
837 4018 910 4107 alia
938 4016 1071 4134 tegula
1106 4015 1348 4105 discernendi
1386 4039 1496 4100 veras
1536 4007 1744 4096 revelatio·

281 4147 399 4257 nesi
423 4143 539 4259 falsu,
565 4143 633 4233 nist
652 4143 863 4261 authoritas
885 4132 1098 4255 loquentis²
1155 4138 1277 4247 Nunc
1297 4155 1427 4244 autern
1447 4127 1537 4247 posi
1557 4124 1743 4214 constitu·

701 4268 724 4284 '‘
1023 4263 1030 4283 '
1079 4278 1082 4283 ·
1519 4267 1522 4271 ·
1612 4272 1625 4279 ··
1659 4266 1742 4329 tam
