<?xml version="1.0" encoding="UTF-8"?>
<!DOCTYPE html PUBLIC "-//W3C//DTD XHTML 1.0 Transitional//EN"
    "http://www.w3.org/TR/xhtml1/DTD/xhtml1-transitional.dtd">
<html xmlns="http://www.w3.org/1999/xhtml" xml:lang="en" lang="en">
 <head>
  <title>
</title>
<meta http-equiv="Content-Type" content="text/html;charset=utf-8" />
  <meta name='ocr-system' content='tesseract 3.04.00' />
  <meta name='ocr-capabilities' content='ocr_page ocr_carea ocr_par ocr_line ocrx_word'/>
</head>
<body>
  <div class='ocr_page' id='page_1' title='image "./derevelationibu00amorgoog_0520.png"; bbox 0 0 3796 4994; ppageno 0'>
   <div class='ocr_carea' id='block_1_1' title="bbox 352 321 1470 458">
    <p class='ocr_par' dir='ltr' id='par_1_1' title="bbox 352 321 1470 458">
     <span class='ocr_line' id='line_1_1' title="bbox 352 321 1470 458; baseline -0.001 -31"><span class='ocrx_word' id='word_1_1' title='bbox 352 321 452 453; x_wconf 59' lang='lat'>316</span> <span class='ocrx_word' id='word_1_2' title='bbox 499 378 506 389; x_wconf 85' lang='lat'><em>·</em></span> <span class='ocrx_word' id='word_1_3' title='bbox 668 324 867 433; x_wconf 67' lang='lat' dir='ltr'>Revelad</span> <span class='ocrx_word' id='word_1_4' title='bbox 887 338 942 434; x_wconf 86' lang='lat' dir='ltr'>B.</span> <span class='ocrx_word' id='word_1_5' title='bbox 963 332 1178 433; x_wconf 76' lang='lat' dir='ltr'>Vero&#39;nirae</span> <span class='ocrx_word' id='word_1_6' title='bbox 1199 331 1252 429; x_wconf 78' lang='lat' dir='ltr'>de</span> <span class='ocrx_word' id='word_1_7' title='bbox 1270 321 1470 458; x_wconf 84' lang='lat' dir='ltr'>Binasro.</span> 
     </span>
    </p>
   </div>
   <div class='ocr_carea' id='block_1_2' title="bbox 324 525 1840 2237">
    <p class='ocr_par' dir='ltr' id='par_1_2' title="bbox 324 525 1840 2237">
     <span class='ocr_line' id='line_1_2' title="bbox 346 525 1789 651; baseline 0.005 -40"><span class='ocrx_word' id='word_1_8' title='bbox 346 549 439 612; x_wconf 79' lang='lat' dir='ltr'>usrae</span> <span class='ocrx_word' id='word_1_9' title='bbox 471 525 620 617; x_wconf 86' lang='lat' dir='ltr'>diffulsa</span> <span class='ocrx_word' id='word_1_10' title='bbox 657 529 749 621; x_wconf 88' lang='lat' dir='ltr'>lunt.</span> <span class='ocrx_word' id='word_1_11' title='bbox 804 542 902 622; x_wconf 80' lang='lat' dir='ltr'>¹llis</span> <span class='ocrx_word' id='word_1_12' title='bbox 937 541 1098 651; x_wconf 76' lang='lat' dir='ltr'>peradis</span> <span class='ocrx_word' id='word_1_13' title='bbox 1133 537 1303 622; x_wconf 84' lang='lat' dir='ltr'>Crucem</span> <span class='ocrx_word' id='word_1_14' title='bbox 1340 538 1382 618; x_wconf 91' lang='lat' dir='ltr'>in</span> <span class='ocrx_word' id='word_1_15' title='bbox 1416 529 1535 616; x_wconf 89' lang='lat' dir='ltr'>altum</span> <span class='ocrx_word' id='word_1_16' title='bbox 1574 556 1789 619; x_wconf 78' lang='lat' dir='ltr'>erexerunt.</span> 
     </span>
     <span class='ocr_line' id='line_1_3' title="bbox 348 638 1791 756; baseline 0.002 -29"><span class='ocrx_word' id='word_1_17' title='bbox 348 638 564 756; x_wconf 83' lang='lat' dir='ltr'>Conspexit</span> <span class='ocrx_word' id='word_1_18' title='bbox 586 652 779 734; x_wconf 81' lang='lat' dir='ltr'>Veronior</span> <span class='ocrx_word' id='word_1_19' title='bbox 793 658 969 736; x_wconf 76' lang='lat' dir='ltr'>etedlam</span> <span class='ocrx_word' id='word_1_20' title='bbox 992 658 1158 735; x_wconf 89' lang='lat' dir='ltr'>crucem</span> <span class='ocrx_word' id='word_1_21' title='bbox 1181 650 1354 732; x_wconf 84' lang='lat' dir='ltr'>ministris</span> <span class='ocrx_word' id='word_1_22' title='bbox 1387 642 1609 731; x_wconf 89' lang='lat' dir='ltr'>volentibus</span> <span class='ocrx_word' id='word_1_23' title='bbox 1643 652 1683 729; x_wconf 89' lang='lat' dir='ltr'>in</span> <span class='ocrx_word' id='word_1_24' title='bbox 1713 671 1791 730; x_wconf 89' lang='lat' dir='ltr'>ter-</span> 
     </span>
     <span class='ocr_line' id='line_1_4' title="bbox 346 757 1794 877; baseline -0.009 -22"><span class='ocrx_word' id='word_1_25' title='bbox 346 778 428 855; x_wconf 76' lang='lat' dir='ltr'>ram</span> <span class='ocrx_word' id='word_1_26' title='bbox 460 757 661 850; x_wconf 78' lang='lat' dir='ltr'>decidiues</span> <span class='ocrx_word' id='word_1_27' title='bbox 700 764 870 877; x_wconf 75' lang='lat' dir='ltr'>cumque</span> <span class='ocrx_word' id='word_1_28' title='bbox 898 790 1051 849; x_wconf 88' lang='lat' dir='ltr'>crucem</span> <span class='ocrx_word' id='word_1_29' title='bbox 1075 768 1216 848; x_wconf 89' lang='lat' dir='ltr'>iterato</span> <span class='ocrx_word' id='word_1_30' title='bbox 1247 768 1458 873; x_wconf 82' lang='lat' dir='ltr'>erigerent,</span> <span class='ocrx_word' id='word_1_31' title='bbox 1492 787 1558 844; x_wconf 87' lang='lat' dir='ltr'>aut</span> <span class='ocrx_word' id='word_1_32' title='bbox 1594 758 1618 844; x_wconf 78' lang='lat' dir='ltr'>al</span> <span class='ocrx_word' id='word_1_33' title='bbox 1648 761 1794 844; x_wconf 83' lang='lat' dir='ltr'>dextris</span> 
     </span>
     <span class='ocr_line' id='line_1_5' title="bbox 324 870 1790 991; baseline 0.001 -37"><span class='ocrx_word' id='word_1_34' title='bbox 324 870 523 983; x_wconf 55' lang='lat' dir='ltr'>*pendere</span> <span class='ocrx_word' id='word_1_35' title='bbox 561 898 628 959; x_wconf 89' lang='lat' dir='ltr'>aut</span> <span class='ocrx_word' id='word_1_36' title='bbox 664 874 689 960; x_wconf 80' lang='lat' dir='ltr'>al</span> <span class='ocrx_word' id='word_1_37' title='bbox 721 878 869 962; x_wconf 84' lang='lat' dir='ltr'>linillris</span> <span class='ocrx_word' id='word_1_38' title='bbox 898 874 1123 991; x_wconf 88' lang='lat' dir='ltr'>satagerunt.</span> <span class='ocrx_word' id='word_1_39' title='bbox 1209 877 1397 986; x_wconf 88' lang='lat' dir='ltr'>Denique</span> <span class='ocrx_word' id='word_1_40' title='bbox 1424 877 1556 959; x_wconf 88' lang='lat' dir='ltr'>Cruee</span> <span class='ocrx_word' id='word_1_41' title='bbox 1585 872 1790 956; x_wconf 86' lang='lat' dir='ltr'>obfirmata</span> 
     </span>
     <span class='ocr_line' id='line_1_6' title="bbox 346 983 1792 1095; baseline -0.001 -24"><span class='ocrx_word' id='word_1_42' title='bbox 346 986 471 1095; x_wconf 87' lang='lat' dir='ltr'>Virgo</span> <span class='ocrx_word' id='word_1_43' title='bbox 494 983 739 1075; x_wconf 79' lang='lat' dir='ltr'>exclamavit!</span> <span class='ocrx_word' id='word_1_44' title='bbox 773 997 862 1076; x_wconf 85' lang='lat' dir='ltr'>Heu</span> <span class='ocrx_word' id='word_1_45' title='bbox 878 1018 957 1088; x_wconf 90' lang='lat' dir='ltr'>me,</span> <span class='ocrx_word' id='word_1_46' title='bbox 979 1019 1009 1075; x_wconf 92' lang='grc' dir='ltr'>ο</span> <span class='ocrx_word' id='word_1_47' title='bbox 1027 987 1081 1074; x_wconf 84' lang='lat' dir='ltr'>fili</span> <span class='ocrx_word' id='word_1_48' title='bbox 1102 993 1169 1090; x_wconf 89' lang='lat' dir='ltr'>mi,</span> <span class='ocrx_word' id='word_1_49' title='bbox 1193 1016 1243 1073; x_wconf 90' lang='lat' dir='ltr'>en</span> <span class='ocrx_word' id='word_1_50' title='bbox 1267 1013 1422 1072; x_wconf 91' lang='lat' dir='ltr'>tuorum</span> <span class='ocrx_word' id='word_1_51' title='bbox 1446 988 1656 1073; x_wconf 89' lang='lat' dir='ltr'>verborum</span> <span class='ocrx_word' id='word_1_52' title='bbox 1673 1013 1792 1071; x_wconf 86' lang='lat' dir='ltr'>even·</span> 
     </span>
     <span class='ocr_line' id='line_1_7' title="bbox 348 1096 1793 1213; baseline 0.002 -32"><span class='ocrx_word' id='word_1_53' title='bbox 348 1116 410 1181; x_wconf 85' lang='lat' dir='ltr'>tus</span> <span class='ocrx_word' id='word_1_54' title='bbox 440 1096 633 1190; x_wconf 79' lang='lat' dir='ltr'>infelicess</span> <span class='ocrx_word' id='word_1_55' title='bbox 685 1107 790 1189; x_wconf 81' lang='lat' dir='ltr'>Ecce</span> <span class='ocrx_word' id='word_1_56' title='bbox 823 1107 922 1189; x_wconf 82' lang='lat' dir='ltr'>milti</span> <span class='ocrx_word' id='word_1_57' title='bbox 947 1106 1017 1191; x_wconf 91' lang='lat' dir='ltr'>abs</span> <span class='ocrx_word' id='word_1_58' title='bbox 1057 1126 1112 1188; x_wconf 89' lang='lat' dir='ltr'>te·</span> <span class='ocrx_word' id='word_1_59' title='bbox 1131 1107 1379 1213; x_wconf 72' lang='lat' dir='ltr'>praenuntiata</span> <span class='ocrx_word' id='word_1_60' title='bbox 1412 1125 1566 1210; x_wconf 89' lang='lat' dir='ltr'>tempus</span> <span class='ocrx_word' id='word_1_61' title='bbox 1599 1097 1793 1210; x_wconf 90' lang='lat' dir='ltr'>locusque</span> 
     </span>
     <span class='ocr_line' id='line_1_8' title="bbox 349 1205 1794 1330; baseline -0.003 -27"><span class='ocrx_word' id='word_1_62' title='bbox 349 1205 486 1303; x_wconf 72' lang='lat' dir='ltr'>adlun</span> <span class='ocrx_word' id='word_1_63' title='bbox 521 1215 665 1327; x_wconf 85' lang='lat' dir='ltr'>quibus</span> <span class='ocrx_word' id='word_1_64' title='bbox 696 1242 738 1303; x_wconf 94' lang='lat' dir='ltr'>te</span> <span class='ocrx_word' id='word_1_65' title='bbox 763 1219 899 1305; x_wconf 87' lang='lat' dir='ltr'>videus</span> <span class='ocrx_word' id='word_1_66' title='bbox 929 1221 1157 1330; x_wconf 88' lang='lat' dir='ltr'>contingere</span> <span class='ocrx_word' id='word_1_67' title='bbox 1191 1241 1365 1327; x_wconf 86' lang='lat' dir='ltr'>nequeo.</span> <span class='ocrx_word' id='word_1_68' title='bbox 1447 1218 1568 1298; x_wconf 88' lang='lat' dir='ltr'>Nunc</span> <span class='ocrx_word' id='word_1_69' title='bbox 1602 1215 1794 1298; x_wconf 80' lang='lat' dir='ltr'>Simeonis</span> 
     </span>
     <span class='ocr_line' id='line_1_9' title="bbox 349 1322 1794 1444; baseline 0.003 -37"><span class='ocrx_word' id='word_1_70' title='bbox 349 1322 470 1407; x_wconf 84' lang='lat' dir='ltr'>verba</span> <span class='ocrx_word' id='word_1_71' title='bbox 490 1331 719 1440; x_wconf 87' lang='lat' dir='ltr'>prophetica</span> <span class='ocrx_word' id='word_1_72' title='bbox 740 1334 781 1416; x_wconf 88' lang='lat' dir='ltr'>in</span> <span class='ocrx_word' id='word_1_73' title='bbox 801 1360 867 1417; x_wconf 88' lang='lat' dir='ltr'>me</span> <span class='ocrx_word' id='word_1_74' title='bbox 891 1326 1088 1444; x_wconf 87' lang='lat' dir='ltr'>completa</span> <span class='ocrx_word' id='word_1_75' title='bbox 1118 1327 1275 1428; x_wconf 69' lang='lat' dir='ltr'>fateor,</span> <span class='ocrx_word' id='word_1_76' title='bbox 1310 1333 1348 1410; x_wconf 85' lang='lat' dir='ltr'>dt</span> <span class='ocrx_word' id='word_1_77' title='bbox 1373 1349 1478 1411; x_wconf 90' lang='lat' dir='ltr'>tuam</span> <span class='ocrx_word' id='word_1_78' title='bbox 1498 1325 1634 1437; x_wconf 86' lang='lat' dir='ltr'>ipfius,</span> <span class='ocrx_word' id='word_1_79' title='bbox 1651 1331 1794 1440; x_wconf 89' lang='lat' dir='ltr'>inquit,</span> 
     </span>
     <span class='ocr_line' id='line_1_10' title="bbox 349 1437 1794 1560; baseline 0.002 -39"><span class='ocrx_word' id='word_1_80' title='bbox 349 1440 517 1523; x_wconf 82' lang='lat' dir='ltr'>animam</span> <span class='ocrx_word' id='word_1_81' title='bbox 545 1443 785 1553; x_wconf 63' lang='lat' dir='ltr'>pertransibit</span> <span class='ocrx_word' id='word_1_82' title='bbox 806 1440 969 1560; x_wconf 80' lang='lat' dir='ltr'>gladius.</span> <span class='ocrx_word' id='word_1_83' title='bbox 1037 1450 1075 1528; x_wconf 93' lang='grc'><strong>0</strong></span> <span class='ocrx_word' id='word_1_84' title='bbox 1097 1439 1151 1528; x_wconf 85' lang='lat' dir='ltr'>fili</span> <span class='ocrx_word' id='word_1_85' title='bbox 1176 1437 1399 1537; x_wconf 85' lang='lat' dir='ltr'>dulciffime,</span> <span class='ocrx_word' id='word_1_86' title='bbox 1422 1438 1542 1553; x_wconf 74' lang='lat' dir='ltr'>quim</span> <span class='ocrx_word' id='word_1_87' title='bbox 1567 1445 1794 1554; x_wconf 88' lang='lat' dir='ltr'>pungentis·</span> 
     </span>
     <span class='ocr_line' id='line_1_11' title="bbox 349 1546 1794 1671; baseline 0.001 -36"><span class='ocrx_word' id='word_1_88' title='bbox 349 1546 484 1650; x_wconf 80' lang='lat' dir='ltr'>fimus,</span> <span class='ocrx_word' id='word_1_89' title='bbox 520 1555 640 1670; x_wconf 71' lang='lat' dir='ltr'>quim</span> <span class='ocrx_word' id='word_1_90' title='bbox 666 1557 895 1644; x_wconf 79' lang='lat' dir='ltr'>acutlllrmus</span> <span class='ocrx_word' id='word_1_91' title='bbox 924 1560 979 1645; x_wconf 89' lang='lat' dir='ltr'>ell</span> <span class='ocrx_word' id='word_1_92' title='bbox 1009 1553 1159 1671; x_wconf 80' lang='lat' dir='ltr'>gladius</span> <span class='ocrx_word' id='word_1_93' title='bbox 1180 1556 1273 1652; x_wconf 88' lang='lat' dir='ltr'>hic,</span> <span class='ocrx_word' id='word_1_94' title='bbox 1304 1581 1389 1668; x_wconf 88' lang='lat' dir='ltr'>quo</span> <span class='ocrx_word' id='word_1_95' title='bbox 1422 1558 1537 1637; x_wconf 87' lang='lat' dir='ltr'>rantis</span> <span class='ocrx_word' id='word_1_96' title='bbox 1565 1554 1794 1638; x_wconf 88' lang='lat' dir='ltr'>eruciatibus</span> 
     </span>
     <span class='ocr_line' id='line_1_12' title="bbox 349 1664 1793 1785; baseline 0.001 -36"><span class='ocrx_word' id='word_1_97' title='bbox 349 1684 401 1757; x_wconf 62' lang='lat' dir='ltr'>te,</span> <span class='ocrx_word' id='word_1_98' title='bbox 413 1669 456 1748; x_wconf 92' lang='lat' dir='ltr'>in</span> <span class='ocrx_word' id='word_1_99' title='bbox 478 1693 590 1754; x_wconf 90' lang='lat' dir='ltr'>cruce</span> <span class='ocrx_word' id='word_1_100' title='bbox 612 1672 849 1782; x_wconf 80' lang='lat' dir='ltr'>pendentem</span> <span class='ocrx_word' id='word_1_101' title='bbox 875 1667 1038 1785; x_wconf 77' lang='lat' dir='ltr'>aspicior</span> <span class='ocrx_word' id='word_1_102' title='bbox 1063 1664 1154 1756; x_wconf 90' lang='lat' dir='ltr'>talia</span> <span class='ocrx_word' id='word_1_103' title='bbox 1177 1667 1367 1782; x_wconf 88' lang='lat' dir='ltr'>perstabat</span> <span class='ocrx_word' id='word_1_104' title='bbox 1400 1694 1619 1752; x_wconf 89' lang='lat' dir='ltr'>memorans</span> <span class='ocrx_word' id='word_1_105' title='bbox 1653 1672 1793 1764; x_wconf 87' lang='lat' dir='ltr'>Mater,</span> 
     </span>
     <span class='ocr_line' id='line_1_13' title="bbox 349 1769 1795 1899; baseline 0.001 -36"><span class='ocrx_word' id='word_1_106' title='bbox 349 1769 480 1892; x_wconf 69' lang='lat' dir='ltr'>sepius</span> <span class='ocrx_word' id='word_1_107' title='bbox 504 1785 545 1865; x_wconf 88' lang='lat' dir='ltr'>in</span> <span class='ocrx_word' id='word_1_108' title='bbox 568 1805 708 1869; x_wconf 84' lang='lat' dir='ltr'>terram</span> <span class='ocrx_word' id='word_1_109' title='bbox 729 1814 805 1899; x_wconf 75' lang='lat' dir='ltr'>pra</span> <span class='ocrx_word' id='word_1_110' title='bbox 831 1789 1010 1871; x_wconf 87' lang='lat' dir='ltr'>moetoris</span> <span class='ocrx_word' id='word_1_111' title='bbox 1033 1783 1299 1897; x_wconf 83' lang='lat' dir='ltr'>magnitudine</span> <span class='ocrx_word' id='word_1_112' title='bbox 1321 1776 1476 1893; x_wconf 84' lang='lat' dir='ltr'>dilapsa,</span> <span class='ocrx_word' id='word_1_113' title='bbox 1492 1808 1611 1893; x_wconf 87' lang='lat' dir='ltr'>quam</span> <span class='ocrx_word' id='word_1_114' title='bbox 1633 1782 1795 1892; x_wconf 88' lang='lat' dir='ltr'>Magda-</span> 
     </span>
     <span class='ocr_line' id='line_1_14' title="bbox 349 1884 1840 2007; baseline 0.001 -30"><span class='ocrx_word' id='word_1_115' title='bbox 349 1884 441 1977; x_wconf 81' lang='lat' dir='ltr'>lena</span> <span class='ocrx_word' id='word_1_116' title='bbox 473 1896 657 2007; x_wconf 82' lang='lat' dir='ltr'>erigebat</span> <span class='ocrx_word' id='word_1_117' title='bbox 698 1948 718 1967; x_wconf 94' lang='lat'><em>-</em></span> <span class='ocrx_word' id='word_1_118' title='bbox 793 1899 933 2006; x_wconf 77' lang='lat' dir='ltr'>Aiebat</span> <span class='ocrx_word' id='word_1_119' title='bbox 964 1903 1160 1986; x_wconf 90' lang='lat' dir='ltr'>Veronica</span> <span class='ocrx_word' id='word_1_120' title='bbox 1183 1892 1221 1980; x_wconf 87' lang='lat' dir='ltr'>le</span> <span class='ocrx_word' id='word_1_121' title='bbox 1254 1923 1393 1979; x_wconf 91' lang='lat' dir='ltr'>omnes</span> <span class='ocrx_word' id='word_1_122' title='bbox 1422 1918 1552 1978; x_wconf 88' lang='lat' dir='ltr'>motus</span> <span class='ocrx_word' id='word_1_123' title='bbox 1587 1897 1730 1979; x_wconf 84' lang='lat' dir='ltr'>Clrn&#39;sti</span> <span class='ocrx_word' id='word_1_124' title='bbox 1754 1900 1795 1979; x_wconf 92' lang='lat' dir='ltr'>in</span> <span class='ocrx_word' id='word_1_125' title='bbox 1832 1933 1840 1946; x_wconf 93' lang='lat'><strong>·</strong></span> 
     </span>
     <span class='ocr_line' id='line_1_15' title="bbox 352 2007 1792 2124; baseline 0 -33"><span class='ocrx_word' id='word_1_126' title='bbox 352 2030 468 2091; x_wconf 83' lang='lat' dir='ltr'>cruce</span> <span class='ocrx_word' id='word_1_127' title='bbox 501 2007 717 2095; x_wconf 81' lang='lat' dir='ltr'>observalle</span> <span class='ocrx_word' id='word_1_128' title='bbox 728 2069 742 2110; x_wconf 89' lang='lat'>,</span> <span class='ocrx_word' id='word_1_129' title='bbox 770 2008 973 2124; x_wconf 74' lang='lat' dir='ltr'>presertim</span> <span class='ocrx_word' id='word_1_130' title='bbox 1002 2011 1132 2122; x_wconf 89' lang='lat' dir='ltr'>spinea</span> <span class='ocrx_word' id='word_1_131' title='bbox 1163 2035 1311 2093; x_wconf 90' lang='lat' dir='ltr'>corona</span> <span class='ocrx_word' id='word_1_132' title='bbox 1343 2033 1572 2120; x_wconf 85' lang='lat' dir='ltr'>premente,</span> <span class='ocrx_word' id='word_1_133' title='bbox 1598 2036 1687 2092; x_wconf 90' lang='lat' dir='ltr'>cum</span> <span class='ocrx_word' id='word_1_134' title='bbox 1709 2035 1792 2092; x_wconf 88' lang='lat' dir='ltr'>non</span> 
     </span>
     <span class='ocr_line' id='line_1_16' title="bbox 349 2117 1796 2237; baseline 0.003 -34"><span class='ocrx_word' id='word_1_135' title='bbox 349 2117 527 2219; x_wconf 86' lang='lat' dir='ltr'>baberet,</span> <span class='ocrx_word' id='word_1_136' title='bbox 542 2123 611 2206; x_wconf 87' lang='lat' dir='ltr'>ubi</span> <span class='ocrx_word' id='word_1_137' title='bbox 635 2149 750 2234; x_wconf 82' lang='lat' dir='ltr'>caput</span> <span class='ocrx_word' id='word_1_138' title='bbox 763 2120 977 2223; x_wconf 83' lang='lat' dir='ltr'>reclinaret,</span> <span class='ocrx_word' id='word_1_139' title='bbox 996 2123 1112 2237; x_wconf 90' lang='lat' dir='ltr'>quod</span> <span class='ocrx_word' id='word_1_140' title='bbox 1132 2122 1317 2235; x_wconf 87' lang='lat' dir='ltr'>deinceps</span> <span class='ocrx_word' id='word_1_141' title='bbox 1338 2118 1463 2206; x_wconf 86' lang='lat' dir='ltr'>versus</span> <span class='ocrx_word' id='word_1_142' title='bbox 1478 2124 1610 2234; x_wconf 78' lang='lat' dir='ltr'>pedus</span> <span class='ocrx_word' id='word_1_143' title='bbox 1625 2123 1796 2231; x_wconf 88' lang='lat' dir='ltr'>pendere</span> 
     </span>
    </p>
   </div>
   <div class='ocr_carea' id='block_1_3' title="bbox 212 2228 1795 2334">
    <p class='ocr_par' dir='ltr' id='par_1_3' title="bbox 212 2228 1795 2334">
     <span class='ocr_line' id='line_1_17' title="bbox 212 2228 1795 2334; baseline 0 -15"><span class='ocrx_word' id='word_1_144' title='bbox 212 2234 216 2239; x_wconf 80' lang='grc'><strong>’</strong></span> <span class='ocrx_word' id='word_1_145' title='bbox 350 2228 511 2319; x_wconf 78' lang='lat' dir='ltr'>libebat.</span> <span class='ocrx_word' id='word_1_146' title='bbox 590 2238 751 2321; x_wconf 78' lang='lat' dir='ltr'>Christo</span> <span class='ocrx_word' id='word_1_147' title='bbox 780 2238 960 2334; x_wconf 88' lang='lat' dir='ltr'>dicente,</span> <span class='ocrx_word' id='word_1_148' title='bbox 985 2238 1109 2334; x_wconf 85' lang='lat' dir='ltr'>Sirio,</span> <span class='ocrx_word' id='word_1_149' title='bbox 1131 2239 1257 2320; x_wconf 82' lang='lat' dir='ltr'>Mater</span> <span class='ocrx_word' id='word_1_150' title='bbox 1279 2231 1518 2321; x_wconf 84' lang='lat' dir='ltr'>exclamavit.</span> <span class='ocrx_word' id='word_1_151' title='bbox 1604 2242 1693 2320; x_wconf 88' lang='lat' dir='ltr'>Heu</span> <span class='ocrx_word' id='word_1_152' title='bbox 1719 2264 1795 2333; x_wconf 91' lang='lat' dir='ltr'>me,</span> 
     </span>
    </p>
   </div>
   <div class='ocr_carea' id='block_1_4' title="bbox 350 2341 1798 2681">
    <p class='ocr_par' dir='ltr' id='par_1_4' title="bbox 350 2341 1798 2681">
     <span class='ocr_line' id='line_1_18' title="bbox 353 2341 1794 2549; baseline 0.001 -118"><span class='ocrx_word' id='word_1_153' title='bbox 353 2352 394 2431; x_wconf 89' lang='lat'><strong>0</strong></span> <span class='ocrx_word' id='word_1_154' title='bbox 413 2341 471 2430; x_wconf 86' lang='lat' dir='ltr'>lili</span> <span class='ocrx_word' id='word_1_155' title='bbox 493 2349 576 2445; x_wconf 90' lang='lat' dir='ltr'>mi,</span> <span class='ocrx_word' id='word_1_156' title='bbox 599 2375 679 2462; x_wconf 86' lang='lat' dir='ltr'>ego</span> <span class='ocrx_word' id='word_1_157' title='bbox 702 2373 742 2434; x_wconf 88' lang='lat' dir='ltr'>te</span> <span class='ocrx_word' id='word_1_158' title='bbox 762 2346 859 2436; x_wconf 90' lang='lat' dir='ltr'>olim</span> <span class='ocrx_word' id='word_1_159' title='bbox 887 2348 989 2436; x_wconf 76' lang='lat' dir='ltr'>lade</span> <span class='ocrx_word' id='word_1_160' title='bbox 1008 2353 1139 2549; x_wconf 57' lang='lat' dir='ltr'>pavi,</span> <span class='ocrx_word' id='word_1_161' title='bbox 1170 2373 1211 2434; x_wconf 85' lang='lat' dir='ltr'>at</span> <span class='ocrx_word' id='word_1_162' title='bbox 1231 2376 1336 2433; x_wconf 87' lang='lat' dir='ltr'>nunc</span> <span class='ocrx_word' id='word_1_163' title='bbox 1360 2348 1431 2432; x_wconf 93' lang='lat' dir='ltr'>tibi</span> <span class='ocrx_word' id='word_1_164' title='bbox 1455 2374 1594 2460; x_wconf 91' lang='lat' dir='ltr'>porum</span> <span class='ocrx_word' id='word_1_165' title='bbox 1621 2350 1794 2460; x_wconf 79' lang='lat' dir='ltr'>prebere</span> 
     </span>
     <span class='ocr_line' id='line_1_19' title="bbox 350 2456 1798 2578; baseline 0.001 -32"><span class='ocrx_word' id='word_1_166' title='bbox 350 2485 527 2573; x_wconf 81' lang='lat' dir='ltr'>nequeo.</span> <span class='ocrx_word' id='word_1_167' title='bbox 582 2460 720 2578; x_wconf 79' lang='lat' dir='ltr'>Atque</span> <span class='ocrx_word' id='word_1_168' title='bbox 739 2468 840 2551; x_wconf 89' lang='lat' dir='ltr'>inter</span> <span class='ocrx_word' id='word_1_169' title='bbox 866 2464 986 2551; x_wconf 80' lang='lat' dir='ltr'>verba</span> <span class='ocrx_word' id='word_1_170' title='bbox 1023 2461 1094 2550; x_wconf 93' lang='lat' dir='ltr'>olo</span> <span class='ocrx_word' id='word_1_171' title='bbox 1113 2456 1295 2549; x_wconf 87' lang='lat' dir='ltr'>dilabitur</span> <span class='ocrx_word' id='word_1_172' title='bbox 1314 2466 1508 2549; x_wconf 88' lang='lat' dir='ltr'>exanimis.</span> <span class='ocrx_word' id='word_1_173' title='bbox 1563 2460 1798 2575; x_wconf 87' lang='lat' dir='ltr'>Conspicata</span> 
     </span>
     <span class='ocr_line' id='line_1_20' title="bbox 354 2573 1797 2681; baseline -0.003 -18"><span class='ocrx_word' id='word_1_174' title='bbox 354 2578 410 2663; x_wconf 80' lang='lat' dir='ltr'>eil</span> <span class='ocrx_word' id='word_1_175' title='bbox 429 2577 629 2664; x_wconf 77' lang='lat' dir='ltr'>Veronicae</span> <span class='ocrx_word' id='word_1_176' title='bbox 653 2605 763 2664; x_wconf 89' lang='lat' dir='ltr'>mens</span> <span class='ocrx_word' id='word_1_177' title='bbox 777 2585 875 2665; x_wconf 85' lang='lat' dir='ltr'>hora</span> <span class='ocrx_word' id='word_1_178' title='bbox 897 2582 1033 2664; x_wconf 87' lang='lat' dir='ltr'>mortis</span> <span class='ocrx_word' id='word_1_179' title='bbox 1048 2580 1169 2681; x_wconf 72' lang='lat' dir='ltr'>Jfisu</span> <span class='ocrx_word' id='word_1_180' title='bbox 1189 2573 1297 2662; x_wconf 85' lang='lat' dir='ltr'>illurn</span> <span class='ocrx_word' id='word_1_181' title='bbox 1317 2574 1577 2662; x_wconf 84' lang='lat' dir='ltr'>transformari</span> <span class='ocrx_word' id='word_1_182' title='bbox 1601 2583 1641 2659; x_wconf 91' lang='lat'>&amp;</span> <span class='ocrx_word' id='word_1_183' title='bbox 1662 2579 1797 2661; x_wconf 91' lang='lat' dir='ltr'>lachri-</span> 
     </span>
    </p>
   </div>
   <div class='ocr_carea' id='block_1_5' title="bbox 188 2685 1796 2805">
    <p class='ocr_par' dir='ltr' id='par_1_5' title="bbox 188 2685 1796 2805">
     <span class='ocr_line' id='line_1_21' title="bbox 188 2685 1796 2805; baseline -0.001 -30"><span class='ocrx_word' id='word_1_184' title='bbox 188 2786 192 2793; x_wconf 72' lang='lat'>,</span> <span class='ocrx_word' id='word_1_185' title='bbox 353 2692 428 2775; x_wconf 84' lang='lat' dir='ltr'>uris</span> <span class='ocrx_word' id='word_1_186' title='bbox 451 2687 614 2799; x_wconf 78' lang='lat' dir='ltr'>profusis</span> <span class='ocrx_word' id='word_1_187' title='bbox 632 2696 792 2805; x_wconf 86' lang='lat' dir='ltr'>irriguas</span> <span class='ocrx_word' id='word_1_188' title='bbox 822 2719 942 2804; x_wconf 86' lang='lat' dir='ltr'>genas</span> <span class='ocrx_word' id='word_1_189' title='bbox 976 2698 1056 2800; x_wconf 78' lang='lat' dir='ltr'>ejus</span> <span class='ocrx_word' id='word_1_190' title='bbox 1087 2694 1321 2788; x_wconf 70' lang='lat' dir='ltr'>humedari,</span> <span class='ocrx_word' id='word_1_191' title='bbox 1355 2685 1498 2774; x_wconf 88' lang='lat' dir='ltr'>nullam</span> <span class='ocrx_word' id='word_1_192' title='bbox 1527 2690 1624 2775; x_wconf 83' lang='lat' dir='ltr'>verb</span> <span class='ocrx_word' id='word_1_193' title='bbox 1656 2718 1796 2774; x_wconf 90' lang='lat' dir='ltr'>vocem</span> 
     </span>
    </p>
   </div>
   <div class='ocr_carea' id='block_1_6' title="bbox 353 2797 1797 3147">
    <p class='ocr_par' dir='ltr' id='par_1_6' title="bbox 353 2797 1797 3147">
     <span class='ocr_line' id='line_1_22' title="bbox 353 2797 1797 2919; baseline 0.001 -34"><span class='ocrx_word' id='word_1_194' title='bbox 353 2803 454 2885; x_wconf 88' lang='lat' dir='ltr'>inter</span> <span class='ocrx_word' id='word_1_195' title='bbox 477 2797 676 2889; x_wconf 84' lang='lat' dir='ltr'>lachrimas</span> <span class='ocrx_word' id='word_1_196' title='bbox 700 2808 809 2903; x_wconf 86' lang='lat' dir='ltr'>dixit,</span> <span class='ocrx_word' id='word_1_197' title='bbox 834 2831 1056 2917; x_wconf 77' lang='lat' dir='ltr'>praterea,</span> <span class='ocrx_word' id='word_1_198' title='bbox 1087 2832 1175 2919; x_wconf 89' lang='lat' dir='ltr'>quae</span> <span class='ocrx_word' id='word_1_199' title='bbox 1200 2799 1443 2917; x_wconf 83' lang='lat' dir='ltr'>Evangelillae</span> <span class='ocrx_word' id='word_1_200' title='bbox 1477 2806 1624 2888; x_wconf 88' lang='lat' dir='ltr'>dieunt.</span> <span class='ocrx_word' id='word_1_201' title='bbox 1700 2812 1797 2888; x_wconf 89' lang='lat' dir='ltr'>Ora-</span> 
     </span>
     <span class='ocr_line' id='line_1_23' title="bbox 354 2909 1796 3031; baseline 0.003 -32"><span class='ocrx_word' id='word_1_202' title='bbox 354 2909 533 2999; x_wconf 84' lang='lat' dir='ltr'>tiunculae</span> <span class='ocrx_word' id='word_1_203' title='bbox 550 2916 597 3006; x_wconf 80' lang='lat' dir='ltr'>B.</span> <span class='ocrx_word' id='word_1_204' title='bbox 619 2922 788 3031; x_wconf 86' lang='lat' dir='ltr'>Virginis</span> <span class='ocrx_word' id='word_1_205' title='bbox 804 2923 845 3002; x_wconf 91' lang='lat' dir='ltr'>in</span> <span class='ocrx_word' id='word_1_206' title='bbox 867 2916 1018 3004; x_wconf 88' lang='lat' dir='ltr'>summo</span> <span class='ocrx_word' id='word_1_207' title='bbox 1038 2944 1209 3004; x_wconf 88' lang='lat' dir='ltr'>moerore</span> <span class='ocrx_word' id='word_1_208' title='bbox 1235 2945 1319 3002; x_wconf 92' lang='lat' dir='ltr'>non</span> <span class='ocrx_word' id='word_1_209' title='bbox 1333 2914 1417 3003; x_wconf 88' lang='lat' dir='ltr'>sunt</span> <span class='ocrx_word' id='word_1_210' title='bbox 1435 2914 1684 3005; x_wconf 76' lang='lat' dir='ltr'>verosimiles.</span> <span class='ocrx_word' id='word_1_211' title='bbox 1720 2924 1796 3003; x_wconf 91' lang='lat' dir='ltr'>Re·</span> 
     </span>
     <span class='ocr_line' id='line_1_24' title="bbox 354 3023 1314 3147; baseline -0.001 -32"><span class='ocrx_word' id='word_1_212' title='bbox 354 3023 570 3116; x_wconf 73' lang='lat' dir='ltr'>velationes</span> <span class='ocrx_word' id='word_1_213' title='bbox 592 3032 725 3116; x_wconf 85' lang='lat' dir='ltr'>Mariae</span> <span class='ocrx_word' id='word_1_214' title='bbox 745 3031 798 3116; x_wconf 88' lang='lat' dir='ltr'>de</span> <span class='ocrx_word' id='word_1_215' title='bbox 813 3031 974 3147; x_wconf 84' lang='lat' dir='ltr'>Agreda</span> <span class='ocrx_word' id='word_1_216' title='bbox 1001 3030 1086 3120; x_wconf 91' lang='lat' dir='ltr'>sunt</span> <span class='ocrx_word' id='word_1_217' title='bbox 1107 3035 1314 3119; x_wconf 73' lang='lat' dir='ltr'>donnana.</span> 
     </span>
    </p>
   </div>
   <div class='ocr_carea' id='block_1_7' title="bbox 222 3256 1803 4282">
    <p class='ocr_par' dir='ltr' id='par_1_7' title="bbox 222 3256 1803 4252">
     <span class='ocr_line' id='line_1_25' title="bbox 471 3256 1801 3372; baseline 0.004 -34.561"><span class='ocrx_word' id='word_1_218' title='bbox 471 3257 518 3341; x_wconf 90' lang='lat' dir='ltr'>L</span> <span class='ocrx_word' id='word_1_219' title='bbox 544 3286 587 3361; x_wconf 70' lang='lat'>4.</span> <span class='ocrx_word' id='word_1_220' title='bbox 615 3256 670 3345; x_wconf 88' lang='lat' dir='ltr'>C.</span> <span class='ocrx_word' id='word_1_221' title='bbox 692 3279 762 3354; x_wconf 68' lang='grc' dir='ltr'>ιε.</span> <span class='ocrx_word' id='word_1_222' title='bbox 816 3258 928 3344; x_wconf 85' lang='lat' dir='ltr'>Dixit</span> <span class='ocrx_word' id='word_1_223' title='bbox 954 3261 1173 3355; x_wconf 87' lang='lat' dir='ltr'>Veronica,</span> <span class='ocrx_word' id='word_1_224' title='bbox 1200 3284 1247 3343; x_wconf 89' lang='lat' dir='ltr'>ea</span> <span class='ocrx_word' id='word_1_225' title='bbox 1269 3259 1388 3355; x_wconf 90' lang='lat' dir='ltr'>hora,</span> <span class='ocrx_word' id='word_1_226' title='bbox 1418 3285 1498 3372; x_wconf 90' lang='lat' dir='ltr'>qua</span> <span class='ocrx_word' id='word_1_227' title='bbox 1522 3258 1696 3343; x_wconf 87' lang='lat' dir='ltr'>Christus</span> <span class='ocrx_word' id='word_1_228' title='bbox 1723 3263 1801 3343; x_wconf 92' lang='lat' dir='ltr'>ani·</span> 
     </span>
     <span class='ocr_line' id='line_1_26' title="bbox 355 3366 1800 3487; baseline 0.002 -34"><span class='ocrx_word' id='word_1_229' title='bbox 355 3392 461 3453; x_wconf 77' lang='lat' dir='ltr'>nam</span> <span class='ocrx_word' id='word_1_230' title='bbox 481 3374 586 3455; x_wconf 87' lang='lat' dir='ltr'>Patri</span> <span class='ocrx_word' id='word_1_231' title='bbox 605 3370 790 3471; x_wconf 67' lang='lat' dir='ltr'>stadidit,</span> <span class='ocrx_word' id='word_1_232' title='bbox 819 3368 858 3457; x_wconf 92' lang='lat' dir='ltr'>se</span> <span class='ocrx_word' id='word_1_233' title='bbox 881 3370 1136 3487; x_wconf 81' lang='lat' dir='ltr'>conspiratam</span> <span class='ocrx_word' id='word_1_234' title='bbox 1165 3366 1286 3475; x_wconf 88' lang='lat' dir='ltr'>solem</span> <span class='ocrx_word' id='word_1_235' title='bbox 1312 3374 1490 3457; x_wconf 88' lang='lat' dir='ltr'>tenebras</span> <span class='ocrx_word' id='word_1_236' title='bbox 1519 3369 1701 3474; x_wconf 88' lang='lat' dir='ltr'>induille,</span> <span class='ocrx_word' id='word_1_237' title='bbox 1733 3400 1800 3484; x_wconf 91' lang='lat' dir='ltr'>pe·</span> 
     </span>
     <span class='ocr_line' id='line_1_27' title="bbox 356 3478 1800 3600; baseline 0.003 -35"><span class='ocrx_word' id='word_1_238' title='bbox 356 3505 432 3565; x_wconf 86' lang='lat' dir='ltr'>tras</span> <span class='ocrx_word' id='word_1_239' title='bbox 452 3478 586 3585; x_wconf 69' lang='lat' dir='ltr'>scillas,</span> <span class='ocrx_word' id='word_1_240' title='bbox 609 3502 863 3570; x_wconf 81' lang='lat' dir='ltr'>monumenta</span> <span class='ocrx_word' id='word_1_241' title='bbox 884 3509 1038 3600; x_wconf 84' lang='lat' dir='ltr'>aperta,</span> <span class='ocrx_word' id='word_1_242' title='bbox 1055 3489 1327 3583; x_wconf 86' lang='lat' dir='ltr'>vehementem</span> <span class='ocrx_word' id='word_1_243' title='bbox 1347 3509 1454 3595; x_wconf 83' lang='lat' dir='ltr'>terrae</span> <span class='ocrx_word' id='word_1_244' title='bbox 1469 3512 1620 3571; x_wconf 89' lang='lat' dir='ltr'>motum</span> <span class='ocrx_word' id='word_1_245' title='bbox 1640 3485 1800 3585; x_wconf 72' lang='lat' dir='ltr'>fadum,</span> 
     </span>
     <span class='ocr_line' id='line_1_28' title="bbox 354 3589 1801 3793; baseline 0.006 -116"><span class='ocrx_word' id='word_1_246' title='bbox 354 3589 627 3727; x_wconf 73' lang='lat' dir='ltr'>plurimosque</span> <span class='ocrx_word' id='word_1_247' title='bbox 655 3604 922 3793; x_wconf 72' lang='lat' dir='ltr'>pmcutientes</span> <span class='ocrx_word' id='word_1_248' title='bbox 947 3607 1106 3714; x_wconf 70' lang='lat' dir='ltr'>pedrosa</span> <span class='ocrx_word' id='word_1_249' title='bbox 1142 3597 1205 3691; x_wconf 87' lang='lat' dir='ltr'>sua</span> <span class='ocrx_word' id='word_1_250' title='bbox 1242 3605 1408 3689; x_wconf 82' lang='lat' dir='ltr'>revertis</span> <span class='ocrx_word' id='word_1_251' title='bbox 1450 3602 1673 3712; x_wconf 84' lang='lat' dir='ltr'>Longinum</span> <span class='ocrx_word' id='word_1_252' title='bbox 1703 3596 1801 3685; x_wconf 89' lang='lat' dir='ltr'>latus</span> 
     </span>
     <span class='ocr_line' id='line_1_29' title="bbox 222 3707 1801 3826; baseline 0.006 -37"><span class='ocrx_word' id='word_1_253' title='bbox 222 3779 223 3782; x_wconf 20' lang='grc' dir='ltr'>ι</span> <span class='ocrx_word' id='word_1_254' title='bbox 354 3731 636 3821; x_wconf 80' lang='lat' dir='ltr'>percuttemem</span> <span class='ocrx_word' id='word_1_255' title='bbox 670 3716 803 3797; x_wconf 86' lang='lat' dir='ltr'>umine</span> <span class='ocrx_word' id='word_1_256' title='bbox 819 3707 1027 3816; x_wconf 81' lang='lat' dir='ltr'>oculorum</span> <span class='ocrx_word' id='word_1_257' title='bbox 1055 3738 1217 3826; x_wconf 89' lang='lat' dir='ltr'>recepto</span> <span class='ocrx_word' id='word_1_258' title='bbox 1239 3712 1290 3798; x_wconf 92' lang='lat' dir='ltr'>ad</span> <span class='ocrx_word' id='word_1_259' title='bbox 1315 3716 1446 3798; x_wconf 91' lang='lat' dir='ltr'>Deum</span> <span class='ocrx_word' id='word_1_260' title='bbox 1478 3717 1664 3797; x_wconf 89' lang='lat' dir='ltr'>converri.</span> <span class='ocrx_word' id='word_1_261' title='bbox 1736 3719 1801 3800; x_wconf 91' lang='lat' dir='ltr'>Vi·</span> 
     </span>
     <span class='ocr_line' id='line_1_30' title="bbox 244 3818 1800 3940; baseline 0.003 -33"><span class='ocrx_word' id='word_1_262' title='bbox 244 3885 247 3889; x_wconf 59' lang='lat'>.</span> <span class='ocrx_word' id='word_1_263' title='bbox 356 3818 419 3907; x_wconf 78' lang='lat' dir='ltr'>de</span> <span class='ocrx_word' id='word_1_264' title='bbox 443 3818 733 3934; x_wconf 76' lang='lat' dir='ltr'>infuper·,···eum</span> <span class='ocrx_word' id='word_1_265' title='bbox 762 3828 960 3940; x_wconf 82' lang='lat' dir='ltr'>Longinus</span> <span class='ocrx_word' id='word_1_266' title='bbox 986 3824 1085 3913; x_wconf 82' lang='lat' dir='ltr'>latus</span> <span class='ocrx_word' id='word_1_267' title='bbox 1111 3822 1361 3940; x_wconf 87' lang='lat' dir='ltr'>perforallet,</span> <span class='ocrx_word' id='word_1_268' title='bbox 1390 3832 1589 3940; x_wconf 79' lang='lat' dir='ltr'>Virginem</span> <span class='ocrx_word' id='word_1_269' title='bbox 1612 3833 1689 3930; x_wconf 90' lang='lat' dir='ltr'>jam</span> <span class='ocrx_word' id='word_1_270' title='bbox 1718 3854 1800 3912; x_wconf 89' lang='lat' dir='ltr'>ere·</span> 
     </span>
     <span class='ocr_line' id='line_1_31' title="bbox 356 3936 1801 4053; baseline 0.001 -33"><span class='ocrx_word' id='word_1_271' title='bbox 356 3938 457 4019; x_wconf 64' lang='lat' dir='ltr'>stam</span> <span class='ocrx_word' id='word_1_272' title='bbox 478 3942 684 4047; x_wconf 24' lang='lat' dir='ltr'>iet-*terram</span> <span class='ocrx_word' id='word_1_273' title='bbox 715 3939 853 4024; x_wconf 87' lang='lat' dir='ltr'>denuo</span> <span class='ocrx_word' id='word_1_274' title='bbox 873 3936 1079 4053; x_wconf 85' lang='lat' dir='ltr'>collapsam</span> <span class='ocrx_word' id='word_1_275' title='bbox 1101 3990 1124 4008; x_wconf 82' lang='lat'><strong>·</strong></span> <span class='ocrx_word' id='word_1_276' title='bbox 1149 3937 1457 4027; x_wconf 87' lang='lat' dir='ltr'>lamentabantur</span> <span class='ocrx_word' id='word_1_277' title='bbox 1486 3968 1639 4038; x_wconf 87' lang='lat' dir='ltr'>omnes,</span> <span class='ocrx_word' id='word_1_278' title='bbox 1670 3945 1801 4053; x_wconf 87' lang='lat' dir='ltr'>cupie-</span> 
     </span>
     <span class='ocr_line' id='line_1_32' title="bbox 356 4046 1803 4252; baseline 0 -115"><span class='ocrx_word' id='word_1_279' title='bbox 356 4046 535 4166; x_wconf 76' lang='lat' dir='ltr'>buntque</span> <span class='ocrx_word' id='word_1_280' title='bbox 568 4055 647 4137; x_wconf 68' lang='lat' dir='ltr'>ulta</span> <span class='ocrx_word' id='word_1_281' title='bbox 667 4048 850 4140; x_wconf 72' lang='lat' dir='ltr'>-lmdlum</span> <span class='ocrx_word' id='word_1_282' title='bbox 880 4053 933 4139; x_wconf 90' lang='lat' dir='ltr'>de</span> <span class='ocrx_word' id='word_1_283' title='bbox 972 4068 1088 4139; x_wconf 83' lang='lat' dir='ltr'>ctuc‘e</span> <span class='ocrx_word' id='word_1_284' title='bbox 1120 4081 1270 4167; x_wconf 89' lang='lat' dir='ltr'>ponere</span> <span class='ocrx_word' id='word_1_285' title='bbox 1296 4078 1371 4139; x_wconf 87' lang='lat' dir='ltr'>nec</span> <span class='ocrx_word' id='word_1_286' title='bbox 1402 4050 1608 4153; x_wconf 81' lang='lat' dir='ltr'>valebant3</span> <span class='ocrx_word' id='word_1_287' title='bbox 1650 4060 1803 4252; x_wconf 53' lang='lat' dir='ltr'>Veperlg</span> 
     </span>
    </p>

    <p class='ocr_par' dir='ltr' id='par_1_8' title="bbox 1661 4174 1773 4282">
     <span class='ocr_line' id='line_1_33' title="bbox 1661 4174 1773 4282; baseline 0 -30"><span class='ocrx_word' id='word_1_288' title='bbox 1661 4174 1710 4272; x_wconf 91' lang='lat' dir='ltr'>Jo</span> <span class='ocrx_word' id='word_1_289' title='bbox 1727 4196 1773 4282; x_wconf 88' lang='lat' dir='ltr'>ep</span> 
     </span>
    </p>
   </div>
   <div class='ocr_carea' id='block_1_8' title="bbox 0 0 1910 4994">
    <p class='ocr_par' dir='ltr' id='par_1_9' title="bbox 0 0 1910 4994">
     <span class='ocr_line' id='line_1_34' title="bbox 0 0 1910 4994; baseline 0 0"><span class='ocrx_word' id='word_1_290' title='bbox 0 0 1910 4994; x_wconf 95' lang='lat' dir='ltr'> </span> 
     </span>
    </p>
   </div>
  </div>
 </body>
</html>
