3690 4988
193 298 290 423 164
501 298 703 393 Reverti.
724 298 769 391 S.
794 216 1044 424 Eltflalethae
1062 290 1313 429 Scbt'r'nrtrg.

305 530 339 584 a.
374 500 469 583 Dies
501 497 615 583 festus
638 499 836 612 agebatur,
859 506 896 583 &
924 526 1072 584 eramus
1090 498 1293 585 assistentes
1312 499 1452 585 diuino
1478 498 1613 601 Officio,

189 645 276 702 cum
303 644 351 696 cx
374 611 653 697 consuetudine
677 621 851 723 apparuit
874 608 1048 724 Angelus
1071 616 1111 695 in
1139 609 1347 722 conspectu
1373 642 1487 703 mcor
1523 643 1611 701 cunt·

189 758 269 843 que
292 729 473 811 demota
501 734 579 830 ejus
601 723 784 839 longiore
809 722 950 811 delicta
972 752 1060 811 mea
1090 721 1324 836 culpassem,
1352 728 1436 811 dixi
1459 728 1509 811 ad
1527 756 1616 813 eum:

189 842 343 929 Placeat
373 868 477 921 nunc
503 844 675 923 Domine
706 844 773 933 mi,
798 864 840 922 ur
863 846 899 922 ur
918 844 1036 923 tertiat
1058 834 1267 936 illiusviat,
1288 844 1452 953 quaeest
1477 844 1618 927 Saudo

190 986 274 1042 rum
302 959 540 1064 Martyrum,
581 948 818 1063 disciplinam
848 953 962 1036 nobis
990 952 1163 1037 insmues.
1245 960 1359 1037 Tunc
1385 960 1559 1065 aperient
1582 982 1617 1039 oa

192 1069 299 1153 suum
321 1063 474 1149 locutus
494 1069 559 1161 cst,
579 1068 729 1151 dicens:
766 1070 904 1178 Agnus
926 1067 1099 1151 Christus
1131 1065 1314 1178 precedit
1348 1094 1483 1153 coram
1506 1066 1615 1153 findit

189 1181 421 1293 Martyribus
444 1186 519 1262 dte.
537 1183 611 1261 &c

310 1326 346 1395 3·
376 1298 531 1377 Fadum
556 1292 610 1376 ell
631 1316 774 1387 autem,
797 1293 1002 1405 postquam
1037 1290 1155 1377 verba
1176 1291 1257 1375 haec
1287 1290 1520 1381 terminasset
1550 1294 1614 1378 Ar·

190 1406 312 1526 gelus,
342 1412 412 1519 qui
442 1434 592 1491 mecum
631 1401 888 1517 loquebatur,
927 1433 969 1490 ut
996 1402 1254 1517 superueniret
1281 1402 1464 1491 felbvitas
1500 1410 1613 1491 beato·

193 1554 278 1611 rum
302 1524 499 1631 Virginum
525 1514 663 1603 Ursulae
700 1523 964 1603 &Sociorum
1003 1528 1081 1625 ejus
1108 1521 1288 1603 undecim
1318 1516 1511 1619 millium,
1542 1532 1615 1605 tunc

193 1635 468 1723 decantabatur
497 1638 537 1717 in
557 1628 696 1749 Vigilia
717 1636 906 1715 Matutine
923 1628 1049 1715 sermo
1073 1627 1138 1714 ille
1165 1635 1344 1731 divinus,
1365 1662 1454 1749 quo
1480 1636 1613 1719 dicitur:

192 1751 346 1838 Reddet
374 1749 482 1831 Deus
511 1746 734 1829 mercedem
771 1742 949 1829 laborum
977 1748 1205 1831 Sannorum
1230 1742 1414 1848 suorum,
1442 1754 1482 1831 dt
1510 1748 1615 1831 dedu·

193 1891 254 1951 cet
282 1858 371 1945 illos
396 1865 436 1944 in
465 1863 525 1943 via
553 1854 727 1943 mirabili.
784 1860 899 1943 Unde
925 1862 1159 1971 interrogavi
1185 1860 1460 1945 lostrudorem
1493 1886 1617 1956 menn.

195 2007 282 2064 cum
307 1980 404 2059 inter
431 1969 576 2057 silentia
598 1968 715 2055 Milsae
736 1998 849 2057 more
872 1968 986 2055 solito
1011 1968 1250 2084 apparuisset,
1279 1974 1434 2059 dicens:
1464 1976 1617 2057 Domine

196 2091 414 2177 demonstra
449 2089 572 2184 mihi,
607 2114 781 2198 quamam
806 2089 859 2169 est
878 2091 940 2169 via
961 2082 1025 2171 illa
1048 2081 1242 2169 mirabilis.
1329 2094 1415 2197 Qui
1448 2086 1616 2173 connato

193 2202 428 2315 respondens
447 2206 519 2285 ait:
561 2206 631 2284 Vra
655 2201 881 2283 bandorum
911 2205 1126 2311 Martyrum
1153 2201 1233 2281 haec
1260 2200 1315 2283 est
1341 2249 1359 2265 -
1390 2203 1473 2285 hoc
1499 2198 1618 2284 intueti
1658 2292 1661 2301 ,

192 2343 307 2431 potes
338 2320 376 2397 in
409 2310 516 2397 sacris
540 2309 614 2398 illis
642 2314 886 2424 Virginibus,
911 2340 1074 2426 quarum
1105 2314 1227 2399 hodie
1255 2323 1439 2427 martyria
1465 2310 1619 2399 celebra·

193 2437 254 2519 ris.
283 2435 357 2513 &o
380 2434 452 2512 dcc.
1637 2452 1641 2463 ·

308 2578 348 2647 4.
384 2547 451 2625 Fui
481 2544 520 2623 in
555 2544 733 2623 oratione
767 2545 807 2622 δι
834 2544 1009 2651 appatuit
1039 2542 1131 2624 mihi
1159 2536 1273 2626 solito
1298 2568 1414 2626 more
1439 2542 1618 2627 Dominus

195 2687 316 2755 meus,
342 2662 380 2738 δι
404 2651 594 2764 postulavi
615 2656 663 2735 ab
692 2681 744 2737 eu
766 2650 999 2763 disciplinam
1021 2658 1089 2737 viae
1117 2651 1239 2751 illrus,
1268 2684 1354 2767 quar
1381 2656 1436 2741 ad
1460 2656 1626 2739 ordinem·

197 2779 490 2882 conjugatorum
518 2773 693 2879 pertinet.
775 2768 992 2879 Statimque
1018 2762 1183 2866 assensit,
1212 2767 1346 2879 sicque
1372 2768 1531 2853 exorsus
1556 2768 1618 2851 elle

195 2894 296 2974 Ecce
324 2885 523 2966 admoneo
552 2888 806 2993 conjugatos,
832 2882 1017 2964 abstinere
1046 2879 1162 2964 vosd
1189 2886 1315 2990 pravis
1349 2882 1537 2993 operibus
1566 2904 1621 2963 ve·

195 3005 287 3087 stris.
311 3005 384 3081 dte.
403 3001 478 3080 uc.
513 3041 531 3059 ·
590 2998 684 3079 Dies
711 2993 854 3089 festos,
877 3000 917 3076 δι
947 2995 1030 3076 dies
1055 2989 1232 3105 legitimae
1254 2993 1458 3093 abstinete,
1481 2998 1521 3077 dt
1536 3019 1619 3079 retu·

54 3186 58 3197 .
193 3143 290 3232 pora
324 3113 590 3223 praegnationis
618 3136 687 3220 per
712 3112 990 3191 continentiam
1026 3108 1221 3190 honorate
1246 3156 1265 3173 ·
1303 3113 1374 3221 qui
1404 3112 1509 3193 enim
1538 3112 1619 3191 inter

195 3234 298 3315 diem
320 3234 358 3309 δε
381 3232 498 3319 diem,
517 3227 616 3307 inter
635 3247 788 3331 tempus
805 3226 844 3303 dt
861 3246 1010 3333 tempus
1026 3220 1266 3304 continendo
1287 3248 1372 3305 non
1387 3222 1618 3333 distinguunt,

193 3344 401 3429 vindictam
421 3341 585 3419 Domini
600 3341 652 3451 pin
679 3331 950 3445 semetipso&
976 3342 1015 3417 in
1043 3332 1183 3419 semine
1211 3332 1294 3433 suo,
1322 3360 1406 3446 qua
1433 3338 1531 3419 bora
1550 3358 1618 3415 rtuu

194 3458 426 3569 putaverint,
453 3450 627 3534 sentient.
680 3498 699 3515 ·
752 3493 769 3511 ·
826 3495 843 3511 ·
902 3452 1073 3559 Rogavit
1100 3474 1164 3529 me
1192 3453 1416 3533 Germanus
1442 3474 1563 3545 meur,
1583 3464 1618 3529 α

105 3588 110 3597 ’
194 3567 392 3657 sciscitarer
420 3563 469 3647 ab
501 3559 691 3676 Angelo,
725 3562 937 3675 quomodo
965 3562 1016 3645 ad
1045 3566 1272 3673 conjugatos
1300 3566 1494 3673 pertineat
1520 3564 1617 3645 edan

191 3683 414 3769 fornicario.
474 3679 659 3790 Cumque
685 3671 796 3786 super
824 3677 902 3760 hoc
931 3676 1056 3759 dubio
1076 3679 1294 3759 Dominum
1316 3702 1450 3761 meum
1478 3680 1619 3760 intertu-

76 3844 83 3851 -
192 3823 282 3999 guare
302 3786 509 3991 cgpilgpm,
535 3787 692 3880 locutus
716 3790 839 3875 estad
859 3817 923 3876 me
942 3790 1096 3875 dicente
1123 3788 1239 3902 plena
1266 3792 1324 3875 est
1348 3816 1451 3877 terra
1477 3796 1619 3877 intuunt-

235 3935 287 3998 ua
356 3932 390 3993 c.
452 3930 486 3990 c.

1497 4157 1533 4236 ς.
1555 4124 1619 4216 Ct-
