<?xml version="1.0" encoding="UTF-8"?>
<!DOCTYPE html PUBLIC "-//W3C//DTD XHTML 1.0 Transitional//EN"
    "http://www.w3.org/TR/xhtml1/DTD/xhtml1-transitional.dtd">
<html xmlns="http://www.w3.org/1999/xhtml" xml:lang="en" lang="en">
 <head>
  <title>
</title>
<meta http-equiv="Content-Type" content="text/html;charset=utf-8" />
  <meta name='ocr-system' content='tesseract 3.04.00' />
  <meta name='ocr-capabilities' content='ocr_page ocr_carea ocr_par ocr_line ocrx_word'/>
</head>
<body>
  <div class='ocr_page' id='page_1' title='image "./derevelationibu00amorgoog_0028.png"; bbox 0 0 3772 4988; ppageno 0'>
   <div class='ocr_carea' id='block_1_1' title="bbox 702 267 1678 472">
    <p class='ocr_par' dir='ltr' id='par_1_1' title="bbox 702 267 1678 472">
     <span class='ocr_line' id='line_1_1' title="bbox 702 267 1678 472; baseline -0.001 -41"><span class='ocrx_word' id='word_1_1' title='bbox 702 330 876 465; x_wconf 81' lang='lat' dir='ltr'>Regula</span> <span class='ocrx_word' id='word_1_2' title='bbox 903 359 963 428; x_wconf 83' lang='lat' dir='ltr'>ear</span> <span class='ocrx_word' id='word_1_3' title='bbox 986 328 1224 461; x_wconf 80' lang='lat' dir='ltr'><em>Scriptura.</em></span> <span class='ocrx_word' id='word_1_4' title='bbox 1413 267 1416 271; x_wconf 13' lang='lat'>⁸</span> <span class='ocrx_word' id='word_1_5' title='bbox 1651 374 1678 472; x_wconf 89' lang='lat'><em>5</em></span> 
     </span>
    </p>
   </div>
   <div class='ocr_carea' id='block_1_2' title="bbox 185 529 1822 1805">
    <p class='ocr_par' dir='ltr' id='par_1_2' title="bbox 228 529 1822 770">
     <span class='ocr_line' id='line_1_2' title="bbox 228 529 1822 658; baseline 0.005 -31"><span class='ocrx_word' id='word_1_6' title='bbox 228 572 302 651; x_wconf 66' lang='grc' dir='ltr'>ωας</span> <span class='ocrx_word' id='word_1_7' title='bbox 319 536 393 658; x_wconf 77' lang='lat' dir='ltr'>sed</span> <span class='ocrx_word' id='word_1_8' title='bbox 421 566 445 626; x_wconf 82' lang='lat' dir='ltr'><em>e</em></span> <span class='ocrx_word' id='word_1_9' title='bbox 477 568 507 623; x_wconf 93' lang='grc' dir='ltr'><strong><em>ο</em></strong></span> <span class='ocrx_word' id='word_1_10' title='bbox 537 532 615 623; x_wconf 86' lang='lat' dir='ltr'>odi</span> <span class='ocrx_word' id='word_1_11' title='bbox 637 536 714 622; x_wconf 78' lang='lat' dir='ltr'>erm</span> <span class='ocrx_word' id='word_1_12' title='bbox 734 540 823 649; x_wconf 80' lang='lat' dir='ltr'>quia</span> <span class='ocrx_word' id='word_1_13' title='bbox 842 564 920 624; x_wconf 84' lang='lat' dir='ltr'>noa</span> <span class='ocrx_word' id='word_1_14' title='bbox 938 529 1142 648; x_wconf 78' lang='lat' dir='ltr'><em>prophetat</em></span> <span class='ocrx_word' id='word_1_15' title='bbox 1161 532 1251 624; x_wconf 83' lang='lat' dir='ltr'>mibi</span> <span class='ocrx_word' id='word_1_16' title='bbox 1271 532 1424 627; x_wconf 75' lang='lat' dir='ltr'>tonum.</span> <span class='ocrx_word' id='word_1_17' title='bbox 1454 593 1470 608; x_wconf 92' lang='lat'><strong>·</strong></span> <span class='ocrx_word' id='word_1_18' title='bbox 1497 591 1516 608; x_wconf 91' lang='lat'><strong>·</strong></span> <span class='ocrx_word' id='word_1_19' title='bbox 1561 530 1681 634; x_wconf 79' lang='lat' dir='ltr'><em>Vena</em></span> <span class='ocrx_word' id='word_1_20' title='bbox 1818 580 1822 587; x_wconf 92' lang='lat'>·</span> 
     </span>
     <span class='ocr_line' id='line_1_3' title="bbox 229 569 1681 770; baseline 0 -25"><span class='ocrx_word' id='word_1_21' title='bbox 229 664 318 770; x_wconf 70' lang='lat' dir='ltr'>taque</span> <span class='ocrx_word' id='word_1_22' title='bbox 335 569 564 743; x_wconf 59' lang='lat' dir='ltr'>Micdaeas</span> <span class='ocrx_word' id='word_1_23' title='bbox 587 648 646 739; x_wconf 86' lang='lat' dir='ltr'>ad</span> <span class='ocrx_word' id='word_1_24' title='bbox 661 651 817 769; x_wconf 79' lang='lat' dir='ltr'>Regem,</span> <span class='ocrx_word' id='word_1_25' title='bbox 840 655 905 763; x_wconf 81' lang='lat' dir='ltr'>qui</span> <span class='ocrx_word' id='word_1_26' title='bbox 924 653 982 738; x_wconf 84' lang='lat' dir='ltr'>ait</span> <span class='ocrx_word' id='word_1_27' title='bbox 1000 648 1054 735; x_wconf 84' lang='lat' dir='ltr'>ad</span> <span class='ocrx_word' id='word_1_28' title='bbox 1074 678 1183 736; x_wconf 86' lang='lat' dir='ltr'>eum:</span> <span class='ocrx_word' id='word_1_29' title='bbox 1212 649 1351 766; x_wconf 78' lang='lat' dir='ltr'>adjuro</span> <span class='ocrx_word' id='word_1_30' title='bbox 1372 666 1431 752; x_wconf 86' lang='lat' dir='ltr'>te,</span> <span class='ocrx_word' id='word_1_31' title='bbox 1456 664 1501 743; x_wconf 87' lang='lat' dir='ltr'>ut</span> <span class='ocrx_word' id='word_1_32' title='bbox 1524 684 1602 744; x_wconf 83' lang='lat' dir='ltr'>uon</span> <span class='ocrx_word' id='word_1_33' title='bbox 1626 657 1681 746; x_wconf 87' lang='lat' dir='ltr'>to·</span> 
     </span>
    </p>

    <p class='ocr_par' dir='ltr' id='par_1_3' title="bbox 185 763 1683 1805">
     <span class='ocr_line' id='line_1_4' title="bbox 185 763 1683 883; baseline 0 -26"><span class='ocrx_word' id='word_1_34' title='bbox 185 804 191 833; x_wconf 88' lang='grc'><em>·</em></span> <span class='ocrx_word' id='word_1_35' title='bbox 232 778 322 883; x_wconf 80' lang='lat' dir='ltr'><em>paris</em></span> <span class='ocrx_word' id='word_1_36' title='bbox 343 766 444 857; x_wconf 72' lang='lat' dir='ltr'>mibi</span> <span class='ocrx_word' id='word_1_37' title='bbox 457 835 473 872; x_wconf 90' lang='lat'><em>,</em></span> <span class='ocrx_word' id='word_1_38' title='bbox 496 766 579 876; x_wconf 71' lang='lat' dir='ltr'>nist</span> <span class='ocrx_word' id='word_1_39' title='bbox 604 763 704 878; x_wconf 84' lang='lat' dir='ltr'>quod</span> <span class='ocrx_word' id='word_1_40' title='bbox 720 794 856 854; x_wconf 82' lang='lat' dir='ltr'>verum</span> <span class='ocrx_word' id='word_1_41' title='bbox 880 764 940 879; x_wconf 79' lang='lat' dir='ltr'>est.</span> <span class='ocrx_word' id='word_1_42' title='bbox 1000 766 1052 853; x_wconf 81' lang='lat' dir='ltr'>Et</span> <span class='ocrx_word' id='word_1_43' title='bbox 1069 763 1132 851; x_wconf 80' lang='lat' dir='ltr'>aa</span> <span class='ocrx_word' id='word_1_44' title='bbox 1154 770 1240 854; x_wconf 81' lang='lat' dir='ltr'><em>att:</em></span> <span class='ocrx_word' id='word_1_45' title='bbox 1270 769 1321 855; x_wconf 90' lang='lat' dir='ltr'><em>V</em></span> <span class='ocrx_word' id='word_1_46' title='bbox 1319 765 1373 854; x_wconf 83' lang='lat' dir='ltr'>idi</span> <span class='ocrx_word' id='word_1_47' title='bbox 1393 768 1683 870; x_wconf 75' lang='lat' dir='ltr'>Dominam&amp;</span> 
     </span>
     <span class='ocr_line' id='line_1_5' title="bbox 234 879 1682 993; baseline 0.003 -22"><span class='ocrx_word' id='word_1_48' title='bbox 234 914 340 974; x_wconf 81' lang='lat' dir='ltr'>ouum</span> <span class='ocrx_word' id='word_1_49' title='bbox 363 887 601 972; x_wconf 79' lang='lat' dir='ltr'>exercitum</span> <span class='ocrx_word' id='word_1_50' title='bbox 621 881 702 969; x_wconf 87' lang='lat' dir='ltr'><em>coetr&#39;</em></span> <span class='ocrx_word' id='word_1_51' title='bbox 722 879 933 993; x_wconf 79' lang='lat' dir='ltr'>affiflentrm</span> <span class='ocrx_word' id='word_1_52' title='bbox 949 886 993 967; x_wconf 86' lang='lat' dir='ltr'>ei.</span> <span class='ocrx_word' id='word_1_53' title='bbox 1067 881 1120 967; x_wconf 87' lang='lat' dir='ltr'>Et</span> <span class='ocrx_word' id='word_1_54' title='bbox 1133 884 1191 968; x_wconf 87' lang='lat' dir='ltr'>ait</span> <span class='ocrx_word' id='word_1_55' title='bbox 1202 881 1429 969; x_wconf 83' lang='lat' dir='ltr'>Dominus:</span> <span class='ocrx_word' id='word_1_56' title='bbox 1499 892 1561 989; x_wconf 75' lang='lat' dir='ltr'>uir</span> <span class='ocrx_word' id='word_1_57' title='bbox 1578 884 1682 975; x_wconf 79' lang='lat' dir='ltr'>dect·</span> 
     </span>
     <span class='ocr_line' id='line_1_6' title="bbox 233 993 1678 1200; baseline 0.002 -113"><span class='ocrx_word' id='word_1_58' title='bbox 233 1004 288 1112; x_wconf 79' lang='lat' dir='ltr'>piet</span> <span class='ocrx_word' id='word_1_59' title='bbox 306 998 445 1088; x_wconf 76' lang='lat' dir='ltr'><em>Achab</em></span> <span class='ocrx_word' id='word_1_60' title='bbox 470 1000 617 1117; x_wconf 78' lang='lat' dir='ltr'>Regem</span> <span class='ocrx_word' id='word_1_61' title='bbox 621 995 748 1200; x_wconf 45' lang='lat' dir='ltr'>{staff</span> <span class='ocrx_word' id='word_1_62' title='bbox 755 994 830 1083; x_wconf 85' lang='lat' dir='ltr'>?ut</span> <span class='ocrx_word' id='word_1_63' title='bbox 857 993 1056 1108; x_wconf 78' lang='lat' dir='ltr'><em>ascendat,</em></span> <span class='ocrx_word' id='word_1_64' title='bbox 1075 994 1134 1091; x_wconf 84' lang='lat'><em>65</em></span> <span class='ocrx_word' id='word_1_65' title='bbox 1151 994 1265 1084; x_wconf 85' lang='lat' dir='ltr'>cadat</span> <span class='ocrx_word' id='word_1_66' title='bbox 1281 1002 1320 1086; x_wconf 81' lang='lat' dir='ltr'>tu</span> <span class='ocrx_word' id='word_1_67' title='bbox 1334 998 1474 1086; x_wconf 88' lang='lat' dir='ltr'>Ramot</span> <span class='ocrx_word' id='word_1_68' title='bbox 1510 999 1678 1090; x_wconf 82' lang='lat' dir='ltr'>Galaad.</span> 
     </span>
     <span class='ocr_line' id='line_1_7' title="bbox 237 1109 1678 1235; baseline 0.004 -36"><span class='ocrx_word' id='word_1_69' title='bbox 237 1116 375 1234; x_wconf 65' lang='lat' dir='ltr'>Egressus</span> <span class='ocrx_word' id='word_1_70' title='bbox 394 1112 448 1225; x_wconf 75' lang='lat' dir='ltr'>etl</span> <span class='ocrx_word' id='word_1_71' title='bbox 471 1126 607 1200; x_wconf 85' lang='lat' dir='ltr'>autem</span> <span class='ocrx_word' id='word_1_72' title='bbox 645 1116 810 1223; x_wconf 80' lang='lat' dir='ltr'>piritua,</span> <span class='ocrx_word' id='word_1_73' title='bbox 830 1110 888 1207; x_wconf 98' lang='lat'><em>65</em></span> <span class='ocrx_word' id='word_1_74' title='bbox 899 1109 1007 1221; x_wconf 71' lang='lat' dir='ltr'>stetit</span> <span class='ocrx_word' id='word_1_75' title='bbox 1031 1138 1152 1195; x_wconf 89' lang='lat' dir='ltr'>coram</span> <span class='ocrx_word' id='word_1_76' title='bbox 1169 1112 1365 1211; x_wconf 84' lang='lat' dir='ltr'>Domino,</span> <span class='ocrx_word' id='word_1_77' title='bbox 1397 1110 1455 1210; x_wconf 84' lang='lat'><em>65</em></span> <span class='ocrx_word' id='word_1_78' title='bbox 1475 1118 1567 1202; x_wconf 87' lang='lat' dir='ltr'><em>ait:</em></span> <span class='ocrx_word' id='word_1_79' title='bbox 1596 1118 1678 1235; x_wconf 81' lang='lat' dir='ltr'>Ego</span> 
     </span>
     <span class='ocr_line' id='line_1_8' title="bbox 236 1223 1677 1344; baseline 0.004 -31"><span class='ocrx_word' id='word_1_80' title='bbox 236 1226 385 1344; x_wconf 76' lang='lat' dir='ltr'>decipiam</span> <span class='ocrx_word' id='word_1_81' title='bbox 405 1225 532 1316; x_wconf 74' lang='lat' dir='ltr'>illum.</span> <span class='ocrx_word' id='word_1_82' title='bbox 622 1230 693 1316; x_wconf 83' lang='lat' dir='ltr'>Cui</span> <span class='ocrx_word' id='word_1_83' title='bbox 715 1223 864 1314; x_wconf 78' lang='lat' dir='ltr'>locutus</span> <span class='ocrx_word' id='word_1_84' title='bbox 883 1224 932 1329; x_wconf 80' lang='lat' dir='ltr'>ett</span> <span class='ocrx_word' id='word_1_85' title='bbox 961 1226 1185 1334; x_wconf 60' lang='lat' dir='ltr'>Dominam</span> <span class='ocrx_word' id='word_1_86' title='bbox 1224 1225 1392 1339; x_wconf 80' lang='lat' dir='ltr'>inquo?</span> <span class='ocrx_word' id='word_1_87' title='bbox 1436 1226 1495 1324; x_wconf 88' lang='lat'><em>65</em></span> <span class='ocrx_word' id='word_1_88' title='bbox 1512 1227 1575 1317; x_wconf 80' lang='lat' dir='ltr'>tlte</span> <span class='ocrx_word' id='word_1_89' title='bbox 1594 1236 1677 1319; x_wconf 85' lang='lat' dir='ltr'><em>ait:</em></span> 
     </span>
     <span class='ocr_line' id='line_1_9' title="bbox 238 1337 1676 1462; baseline 0.005 -33"><span class='ocrx_word' id='word_1_90' title='bbox 238 1343 420 1462; x_wconf 78' lang='lat' dir='ltr'>Egrediar,</span> <span class='ocrx_word' id='word_1_91' title='bbox 435 1341 498 1439; x_wconf 89' lang='lat'><em>65</em></span> <span class='ocrx_word' id='word_1_92' title='bbox 516 1370 584 1429; x_wconf 86' lang='lat' dir='ltr'>ero</span> <span class='ocrx_word' id='word_1_93' title='bbox 607 1341 767 1455; x_wconf 82' lang='lat' dir='ltr'><em>Spiritus</em></span> <span class='ocrx_word' id='word_1_94' title='bbox 782 1338 1001 1428; x_wconf 78' lang='lat' dir='ltr'>mandaria</span> <span class='ocrx_word' id='word_1_95' title='bbox 1023 1368 1089 1426; x_wconf 88' lang='lat' dir='ltr'>ore</span> <span class='ocrx_word' id='word_1_96' title='bbox 1108 1347 1273 1429; x_wconf 77' lang='lat' dir='ltr'>omnium</span> <span class='ocrx_word' id='word_1_97' title='bbox 1290 1337 1568 1453; x_wconf 77' lang='lat' dir='ltr'><em>Prophetarum</em></span> <span class='ocrx_word' id='word_1_98' title='bbox 1584 1350 1676 1436; x_wconf 82' lang='lat' dir='ltr'>e’us.</span> 
     </span>
     <span class='ocr_line' id='line_1_10' title="bbox 238 1452 1676 1576; baseline 0.003 -31"><span class='ocrx_word' id='word_1_99' title='bbox 238 1458 280 1545; x_wconf 77' lang='lat' dir='ltr'>Et</span> <span class='ocrx_word' id='word_1_100' title='bbox 298 1456 391 1546; x_wconf 82' lang='lat' dir='ltr'><em>tr&#39;xt&#39;t</em></span> <span class='ocrx_word' id='word_1_101' title='bbox 414 1459 642 1547; x_wconf 82' lang='lat' dir='ltr'>Dominus:</span> <span class='ocrx_word' id='word_1_102' title='bbox 673 1452 861 1575; x_wconf 81' lang='lat' dir='ltr'>Egredrre</span> <span class='ocrx_word' id='word_1_103' title='bbox 879 1453 937 1553; x_wconf 82' lang='lat'><em>65</em></span> <span class='ocrx_word' id='word_1_104' title='bbox 955 1459 1026 1567; x_wconf 83' lang='lat' dir='ltr'>fac</span> <span class='ocrx_word' id='word_1_105' title='bbox 1048 1460 1117 1542; x_wconf 81' lang='lat' dir='ltr'>aa.</span> <span class='ocrx_word' id='word_1_106' title='bbox 1177 1456 1300 1543; x_wconf 84' lang='lat' dir='ltr'>Nunc</span> <span class='ocrx_word' id='word_1_107' title='bbox 1322 1460 1441 1576; x_wconf 82' lang='lat' dir='ltr'>igitur</span> <span class='ocrx_word' id='word_1_108' title='bbox 1467 1456 1571 1548; x_wconf 81' lang='lat' dir='ltr'>dedit</span> <span class='ocrx_word' id='word_1_109' title='bbox 1635 1490 1676 1549; x_wconf 83' lang='lat' dir='ltr'>o·</span> 
     </span>
     <span class='ocr_line' id='line_1_11' title="bbox 238 1568 1678 1805; baseline 0.005 -147"><span class='ocrx_word' id='word_1_110' title='bbox 238 1580 342 1805; x_wconf 54' lang='lat' dir='ltr'>dm?</span> <span class='ocrx_word' id='word_1_111' title='bbox 358 1574 542 1687; x_wconf 81' lang='lat' dir='ltr'>Spiritum</span> <span class='ocrx_word' id='word_1_112' title='bbox 566 1570 750 1663; x_wconf 85' lang='lat' dir='ltr'>mendacii</span> <span class='ocrx_word' id='word_1_113' title='bbox 770 1576 811 1661; x_wconf 85' lang='lat' dir='ltr'>in</span> <span class='ocrx_word' id='word_1_114' title='bbox 831 1598 899 1659; x_wconf 88' lang='lat' dir='ltr'>ore</span> <span class='ocrx_word' id='word_1_115' title='bbox 926 1576 1090 1660; x_wconf 81' lang='lat' dir='ltr'>omnium</span> <span class='ocrx_word' id='word_1_116' title='bbox 1111 1568 1384 1686; x_wconf 80' lang='lat' dir='ltr'>prophetarum</span> <span class='ocrx_word' id='word_1_117' title='bbox 1410 1583 1589 1677; x_wconf 79' lang='lat' dir='ltr'>tuomm,</span> <span class='ocrx_word' id='word_1_118' title='bbox 1611 1579 1678 1692; x_wconf 79' lang='lat' dir='ltr'>qut</span> 
     </span>
    </p>

    <p class='ocr_par' dir='ltr' id='par_1_4' title="bbox 260 1699 400 1777">
     <span class='ocr_line' id='line_1_12' title="bbox 260 1699 400 1777; baseline 0.029 -4"><span class='ocrx_word' id='word_1_119' title='bbox 260 1716 289 1776; x_wconf 87' lang='lat' dir='ltr'>tc</span> <span class='ocrx_word' id='word_1_120' title='bbox 322 1699 400 1777; x_wconf 87' lang='lat' dir='ltr'>unt.</span> 
     </span>
    </p>
   </div>
   <div class='ocr_carea' id='block_1_3' title="bbox 240 1796 1674 2099">
    <p class='ocr_par' dir='ltr' id='par_1_5' title="bbox 240 1796 1674 2099">
     <span class='ocr_line' id='line_1_13' title="bbox 327 1796 1674 1945; baseline 0.005 -35"><span class='ocrx_word' id='word_1_121' title='bbox 327 1815 494 1945; x_wconf 84' lang='lat' dir='ltr'>Regula</span> <span class='ocrx_word' id='word_1_122' title='bbox 517 1847 566 1939; x_wconf 89' lang='lat'>4.</span> <span class='ocrx_word' id='word_1_123' title='bbox 637 1803 1026 1925; x_wconf 82' lang='lat' dir='ltr'>Revelationes‚</span> <span class='ocrx_word' id='word_1_124' title='bbox 1061 1838 1176 1945; x_wconf 82' lang='lat' dir='ltr'>quae</span> <span class='ocrx_word' id='word_1_125' title='bbox 1200 1796 1293 1913; x_wconf 69' lang='lat' dir='ltr'>suis</span> <span class='ocrx_word' id='word_1_126' title='bbox 1320 1800 1557 1915; x_wconf 73' lang='lat' dir='ltr'>dottrint&#39;s</span> <span class='ocrx_word' id='word_1_127' title='bbox 1581 1832 1674 1918; x_wconf 85' lang='lat' dir='ltr'>aut</span> 
     </span>
     <span class='ocr_line' id='line_1_14' title="bbox 240 1948 1673 2099; baseline 0.004 -45"><span class='ocrx_word' id='word_1_128' title='bbox 240 1952 477 2087; x_wconf 83' lang='lat' dir='ltr'>promiffis</span> <span class='ocrx_word' id='word_1_129' title='bbox 515 1948 789 2089; x_wconf 88' lang='lat' dir='ltr'>disponunt</span> <span class='ocrx_word' id='word_1_130' title='bbox 829 1975 1123 2089; x_wconf 85' lang='lat' dir='ltr'>peccatores</span> <span class='ocrx_word' id='word_1_131' title='bbox 1160 1948 1224 2056; x_wconf 90' lang='lat' dir='ltr'>ad</span> <span class='ocrx_word' id='word_1_132' title='bbox 1267 1951 1673 2099; x_wconf 72' lang='lat' dir='ltr'>protrahendam</span> 
     </span>
    </p>
   </div>
   <div class='ocr_carea' id='block_1_4' title="bbox 217 2092 1846 3501">
    <p class='ocr_par' dir='ltr' id='par_1_6' title="bbox 238 2092 1846 2810">
     <span class='ocr_line' id='line_1_15' title="bbox 242 2092 1846 2228; baseline -0.006 -30"><span class='ocrx_word' id='word_1_133' title='bbox 242 2103 609 2228; x_wconf 79' lang='lat' dir='ltr'>poenitcntiam,</span> <span class='ocrx_word' id='word_1_134' title='bbox 631 2124 742 2198; x_wconf 87' lang='lat' dir='ltr'>non</span> <span class='ocrx_word' id='word_1_135' title='bbox 764 2097 878 2199; x_wconf 87' lang='lat' dir='ltr'>sunt</span> <span class='ocrx_word' id='word_1_136' title='bbox 901 2094 931 2197; x_wconf 75' lang='grc' dir='ltr'>ὲ</span> <span class='ocrx_word' id='word_1_137' title='bbox 956 2092 1088 2198; x_wconf 79' lang='lat' dir='ltr'>Deo.</span> <span class='ocrx_word' id='word_1_138' title='bbox 1162 2111 1239 2191; x_wconf 81' lang='lat' dir='ltr'>Hic</span> <span class='ocrx_word' id='word_1_139' title='bbox 1268 2108 1479 2191; x_wconf 80' lang='lat' dir='ltr'>Charrtter</span> <span class='ocrx_word' id='word_1_140' title='bbox 1499 2101 1674 2192; x_wconf 84' lang='lat' dir='ltr'>Pseudo-</span> <span class='ocrx_word' id='word_1_141' title='bbox 1839 2141 1846 2148; x_wconf 86' lang='lat'><em>·</em></span> 
     </span>
     <span class='ocr_line' id='line_1_16' title="bbox 241 2225 1673 2348; baseline 0.002 -29"><span class='ocrx_word' id='word_1_142' title='bbox 241 2238 501 2348; x_wconf 82' lang='lat' dir='ltr'>Prophetarum</span> <span class='ocrx_word' id='word_1_143' title='bbox 525 2259 733 2319; x_wconf 85' lang='lat' dir='ltr'>annotatur</span> <span class='ocrx_word' id='word_1_144' title='bbox 740 2233 918 2347; x_wconf 80' lang='lat' dir='ltr'>Jerrmr&#39;a</span> <span class='ocrx_word' id='word_1_145' title='bbox 931 2263 963 2319; x_wconf 88' lang='lat' dir='ltr'>c.</span> <span class='ocrx_word' id='word_1_146' title='bbox 982 2265 1048 2336; x_wconf 79' lang='lat'>23·</span> <span class='ocrx_word' id='word_1_147' title='bbox 1064 2235 1124 2318; x_wconf 84' lang='lat' dir='ltr'>his</span> <span class='ocrx_word' id='word_1_148' title='bbox 1143 2232 1299 2321; x_wconf 79' lang='lat' dir='ltr'>verbis:</span> <span class='ocrx_word' id='word_1_149' title='bbox 1322 2234 1369 2319; x_wconf 82' lang='lat' dir='ltr'>tn</span> <span class='ocrx_word' id='word_1_150' title='bbox 1389 2225 1584 2345; x_wconf 80' lang='lat' dir='ltr'>prophetis</span> <span class='ocrx_word' id='word_1_151' title='bbox 1599 2233 1673 2347; x_wconf 84' lang='lat' dir='ltr'>Je-</span> 
     </span>
     <span class='ocr_line' id='line_1_17' title="bbox 242 2345 1671 2462; baseline 0.001 -28"><span class='ocrx_word' id='word_1_152' title='bbox 242 2347 377 2461; x_wconf 69' lang='lat' dir='ltr'>ntalem</span> <span class='ocrx_word' id='word_1_153' title='bbox 396 2346 481 2439; x_wconf 75' lang='lat' dir='ltr'><em>viti</em></span> <span class='ocrx_word' id='word_1_154' title='bbox 498 2356 573 2435; x_wconf 83' lang='lat' dir='ltr'>iter</span> <span class='ocrx_word' id='word_1_155' title='bbox 596 2345 807 2458; x_wconf 80' lang='lat' dir='ltr'>mendacit3</span> <span class='ocrx_word' id='word_1_156' title='bbox 837 2348 1235 2462; x_wconf 73' lang='lat' dir='ltr'>&amp;confortaverunt</span> <span class='ocrx_word' id='word_1_157' title='bbox 1261 2372 1395 2435; x_wconf 85' lang='lat' dir='ltr'>manas</span> <span class='ocrx_word' id='word_1_158' title='bbox 1418 2347 1671 2461; x_wconf 85' lang='lat' dir='ltr'>peffimorum,</span> 
     </span>
     <span class='ocr_line' id='line_1_18' title="bbox 240 2458 1672 2577; baseline 0 -28"><span class='ocrx_word' id='word_1_159' title='bbox 240 2475 355 2553; x_wconf 83' lang='lat' dir='ltr'>utnon</span> <span class='ocrx_word' id='word_1_160' title='bbox 374 2473 668 2553; x_wconf 80' lang='lat' dir='ltr'>conuerteretur</span> <span class='ocrx_word' id='word_1_161' title='bbox 692 2460 985 2576; x_wconf 56' lang='lat' dir='ltr'>unusquisque&amp;</span> <span class='ocrx_word' id='word_1_162' title='bbox 1014 2460 1159 2550; x_wconf 83' lang='lat' dir='ltr'>matitia</span> <span class='ocrx_word' id='word_1_163' title='bbox 1179 2461 1270 2577; x_wconf 80' lang='lat' dir='ltr'>sua.</span> <span class='ocrx_word' id='word_1_164' title='bbox 1353 2465 1455 2549; x_wconf 80' lang='lat' dir='ltr'>Hac</span> <span class='ocrx_word' id='word_1_165' title='bbox 1469 2458 1560 2551; x_wconf 83' lang='lat' dir='ltr'>dicit</span> <span class='ocrx_word' id='word_1_166' title='bbox 1580 2464 1672 2551; x_wconf 87' lang='lat' dir='ltr'>Do-</span> 
     </span>
     <span class='ocr_line' id='line_1_19' title="bbox 239 2574 1674 2694; baseline 0.003 -33"><span class='ocrx_word' id='word_1_167' title='bbox 239 2583 365 2667; x_wconf 82' lang='lat' dir='ltr'>ru&#39;uus:</span> <span class='ocrx_word' id='word_1_168' title='bbox 395 2578 532 2671; x_wconf 74' lang='lat' dir='ltr'>Nolite</span> <span class='ocrx_word' id='word_1_169' title='bbox 556 2575 691 2665; x_wconf 85' lang='lat' dir='ltr'>audire</span> <span class='ocrx_word' id='word_1_170' title='bbox 713 2578 836 2670; x_wconf 85' lang='lat' dir='ltr'>verta</span> <span class='ocrx_word' id='word_1_171' title='bbox 849 2574 1119 2694; x_wconf 81' lang='lat' dir='ltr'>prophetarum</span> <span class='ocrx_word' id='word_1_172' title='bbox 1138 2581 1202 2690; x_wconf 81' lang='lat' dir='ltr'>qut</span> <span class='ocrx_word' id='word_1_173' title='bbox 1222 2575 1411 2691; x_wconf 84' lang='lat' dir='ltr'>decipiunt</span> <span class='ocrx_word' id='word_1_174' title='bbox 1426 2605 1525 2685; x_wconf 85' lang='lat' dir='ltr'>vor‚·</span> <span class='ocrx_word' id='word_1_175' title='bbox 1555 2581 1674 2692; x_wconf 68' lang='lat' dir='ltr'>utto·</span> 
     </span>
     <span class='ocr_line' id='line_1_20' title="bbox 238 2690 1671 2810; baseline 0 -29"><span class='ocrx_word' id='word_1_176' title='bbox 238 2720 304 2781; x_wconf 86' lang='lat' dir='ltr'>rm</span> <span class='ocrx_word' id='word_1_177' title='bbox 325 2693 451 2784; x_wconf 83' lang='lat' dir='ltr'>cordis</span> <span class='ocrx_word' id='word_1_178' title='bbox 463 2697 530 2810; x_wconf 80' lang='lat' dir='ltr'>firi</span> <span class='ocrx_word' id='word_1_179' title='bbox 546 2690 779 2806; x_wconf 61' lang='lat' dir='ltr'>aquantur,</span> <span class='ocrx_word' id='word_1_180' title='bbox 816 2692 874 2791; x_wconf 84' lang='lat'><em>65</em></span> <span class='ocrx_word' id='word_1_181' title='bbox 895 2724 971 2782; x_wconf 84' lang='lat' dir='ltr'>uon</span> <span class='ocrx_word' id='word_1_182' title='bbox 993 2691 1039 2780; x_wconf 83' lang='lat' dir='ltr'>dr</span> <span class='ocrx_word' id='word_1_183' title='bbox 1062 2719 1128 2780; x_wconf 89' lang='lat' dir='ltr'>ore</span> <span class='ocrx_word' id='word_1_184' title='bbox 1149 2693 1327 2781; x_wconf 80' lang='lat' dir='ltr'>Domini.</span> <span class='ocrx_word' id='word_1_185' title='bbox 1410 2692 1567 2781; x_wconf 79' lang='lat' dir='ltr'>Dicunt</span> <span class='ocrx_word' id='word_1_186' title='bbox 1588 2693 1671 2799; x_wconf 77' lang='lat' dir='ltr'>tis,</span> 
     </span>
    </p>

    <p class='ocr_par' dir='ltr' id='par_1_7' title="bbox 217 2806 1674 3272">
     <span class='ocr_line' id='line_1_21' title="bbox 236 2806 1672 2926; baseline 0.001 -29"><span class='ocrx_word' id='word_1_187' title='bbox 236 2814 289 2921; x_wconf 76' lang='lat' dir='ltr'>pti</span> <span class='ocrx_word' id='word_1_188' title='bbox 302 2810 555 2926; x_wconf 80' lang='lat' dir='ltr'>btarptremant</span> <span class='ocrx_word' id='word_1_189' title='bbox 572 2837 643 2896; x_wconf 86' lang='lat' dir='ltr'>me.</span> <span class='ocrx_word' id='word_1_190' title='bbox 696 2809 867 2897; x_wconf 83' lang='lat' dir='ltr'>Locutus</span> <span class='ocrx_word' id='word_1_191' title='bbox 889 2808 939 2907; x_wconf 70' lang='grc' dir='ltr'>ιθ</span> <span class='ocrx_word' id='word_1_192' title='bbox 957 2810 1189 2899; x_wconf 79' lang='lat' dir='ltr'>Dominus:</span> <span class='ocrx_word' id='word_1_193' title='bbox 1232 2808 1321 2894; x_wconf 84' lang='lat' dir='ltr'>Pax</span> <span class='ocrx_word' id='word_1_194' title='bbox 1336 2812 1409 2896; x_wconf 82' lang='lat' dir='ltr'>erit</span> <span class='ocrx_word' id='word_1_195' title='bbox 1425 2806 1550 2895; x_wconf 79' lang='lat' dir='ltr'>vobis.</span> <span class='ocrx_word' id='word_1_196' title='bbox 1619 2811 1672 2900; x_wconf 87' lang='lat' dir='ltr'>Et</span> 
     </span>
     <span class='ocr_line' id='line_1_22' title="bbox 236 2920 1674 3041; baseline 0.001 -28"><span class='ocrx_word' id='word_1_197' title='bbox 236 2930 340 3029; x_wconf 82' lang='lat' dir='ltr'>mat,</span> <span class='ocrx_word' id='word_1_198' title='bbox 356 2932 423 3041; x_wconf 83' lang='lat' dir='ltr'>qui</span> <span class='ocrx_word' id='word_1_199' title='bbox 444 2920 615 3015; x_wconf 84' lang='lat' dir='ltr'>ambulat</span> <span class='ocrx_word' id='word_1_200' title='bbox 637 2928 677 3013; x_wconf 86' lang='lat' dir='ltr'>in</span> <span class='ocrx_word' id='word_1_201' title='bbox 697 2928 893 3038; x_wconf 84' lang='lat' dir='ltr'>pravitate</span> <span class='ocrx_word' id='word_1_202' title='bbox 922 2922 1048 3012; x_wconf 81' lang='lat' dir='ltr'>cordis</span> <span class='ocrx_word' id='word_1_203' title='bbox 1070 2922 1168 3037; x_wconf 79' lang='lat' dir='ltr'>fui,</span> <span class='ocrx_word' id='word_1_204' title='bbox 1195 2920 1410 3009; x_wconf 83' lang='lat' dir='ltr'>dixerunt:</span> <span class='ocrx_word' id='word_1_205' title='bbox 1441 2951 1516 3010; x_wconf 86' lang='lat' dir='ltr'>non</span> <span class='ocrx_word' id='word_1_206' title='bbox 1542 2930 1674 3015; x_wconf 81' lang='lat' dir='ltr'>ueniet</span> 
     </span>
     <span class='ocr_line' id='line_1_23' title="bbox 230 3032 1671 3155; baseline -0.003 -26"><span class='ocrx_word' id='word_1_207' title='bbox 230 3036 323 3155; x_wconf 69' lang='lat' dir='ltr'><em>firptr</em></span> <span class='ocrx_word' id='word_1_208' title='bbox 342 3069 420 3129; x_wconf 86' lang='lat' dir='ltr'>uos</span> <span class='ocrx_word' id='word_1_209' title='bbox 443 3039 594 3127; x_wconf 85' lang='lat' dir='ltr'>matum.</span> <span class='ocrx_word' id='word_1_210' title='bbox 676 3042 745 3126; x_wconf 78' lang='lat' dir='ltr'>ad</span> <span class='ocrx_word' id='word_1_211' title='bbox 769 3042 837 3126; x_wconf 75' lang='lat' dir='ltr'>har</span> <span class='ocrx_word' id='word_1_212' title='bbox 858 3034 967 3125; x_wconf 80' lang='lat' dir='ltr'>falsas</span> <span class='ocrx_word' id='word_1_213' title='bbox 992 3040 1217 3155; x_wconf 81' lang='lat' dir='ltr'>prophetias</span> <span class='ocrx_word' id='word_1_214' title='bbox 1239 3040 1433 3150; x_wconf 83' lang='lat' dir='ltr'>pertiuent</span> <span class='ocrx_word' id='word_1_215' title='bbox 1457 3032 1529 3122; x_wconf 69' lang='lat' dir='ltr'>111ae</span> <span class='ocrx_word' id='word_1_216' title='bbox 1545 3040 1671 3125; x_wconf 86' lang='lat' dir='ltr'>Reve-</span> 
     </span>
     <span class='ocr_line' id='line_1_24' title="bbox 217 3148 1672 3272; baseline 0.005 -37"><span class='ocrx_word' id='word_1_217' title='bbox 217 3154 399 3258; x_wconf 74' lang='lat' dir='ltr'>tuiones,</span> <span class='ocrx_word' id='word_1_218' title='bbox 430 3182 518 3272; x_wconf 80' lang='lat' dir='ltr'>quae</span> <span class='ocrx_word' id='word_1_219' title='bbox 539 3155 810 3267; x_wconf 82' lang='lat' dir='ltr'>peccatoribus</span> <span class='ocrx_word' id='word_1_220' title='bbox 838 3155 895 3239; x_wconf 90' lang='lat' dir='ltr'>ob</span> <span class='ocrx_word' id='word_1_221' title='bbox 923 3154 1114 3269; x_wconf 84' lang='lat' dir='ltr'>quasdam</span> <span class='ocrx_word' id='word_1_222' title='bbox 1149 3148 1445 3238; x_wconf 82' lang='lat' dir='ltr'>devotiunculas</span> <span class='ocrx_word' id='word_1_223' title='bbox 1474 3148 1672 3266; x_wconf 86' lang='lat' dir='ltr'>spondent</span> 
     </span>
    </p>

    <p class='ocr_par' dir='ltr' id='par_1_8' title="bbox 232 3262 1756 3501">
     <span class='ocr_line' id='line_1_25' title="bbox 232 3262 1756 3384; baseline -0.003 -29"><span class='ocrx_word' id='word_1_224' title='bbox 232 3273 264 3355; x_wconf 86' lang='lat' dir='ltr'>in</span> <span class='ocrx_word' id='word_1_225' title='bbox 283 3267 445 3359; x_wconf 78' lang='lat' dir='ltr'>articulo</span> <span class='ocrx_word' id='word_1_226' title='bbox 467 3278 605 3356; x_wconf 84' lang='lat' dir='ltr'>mortis</span> <span class='ocrx_word' id='word_1_227' title='bbox 628 3270 948 3362; x_wconf 81' lang='lat' dir='ltr'>converfionem3</span> <span class='ocrx_word' id='word_1_228' title='bbox 976 3295 1041 3356; x_wconf 84' lang='lat' dir='ltr'>aut</span> <span class='ocrx_word' id='word_1_229' title='bbox 1059 3269 1273 3354; x_wconf 80' lang='lat' dir='ltr'>monstrant</span> <span class='ocrx_word' id='word_1_230' title='bbox 1294 3262 1384 3353; x_wconf 78' lang='lat' dir='ltr'>alias</span> <span class='ocrx_word' id='word_1_231' title='bbox 1406 3271 1597 3384; x_wconf 80' lang='lat' dir='ltr'>quasdam</span> <span class='ocrx_word' id='word_1_232' title='bbox 1617 3272 1672 3359; x_wconf 85' lang='lat' dir='ltr'>ad</span> <span class='ocrx_word' id='word_1_233' title='bbox 1727 3328 1756 3351; x_wconf 85' lang='lat'>-.</span> 
     </span>
     <span class='ocr_line' id='line_1_26' title="bbox 233 3381 891 3501; baseline -0.003 -29"><span class='ocrx_word' id='word_1_234' title='bbox 233 3384 357 3475; x_wconf 76' lang='lat' dir='ltr'>celum</span> <span class='ocrx_word' id='word_1_235' title='bbox 382 3394 464 3474; x_wconf 82' lang='lat' dir='ltr'>vius</span> <span class='ocrx_word' id='word_1_236' title='bbox 484 3382 664 3501; x_wconf 55' lang='lat' dir='ltr'>neglect&amp;</span> <span class='ocrx_word' id='word_1_237' title='bbox 688 3381 750 3469; x_wconf 68' lang='lat' dir='ltr'>vid</span> <span class='ocrx_word' id='word_1_238' title='bbox 774 3384 891 3472; x_wconf 68' lang='lat' dir='ltr'>arttd.</span> 
     </span>
    </p>
   </div>
   <div class='ocr_carea' id='block_1_5' title="bbox 231 3540 1672 3829">
    <p class='ocr_par' dir='ltr' id='par_1_9' title="bbox 231 3540 1672 3829">
     <span class='ocr_line' id='line_1_27' title="bbox 316 3540 1670 3686; baseline 0.001 -37"><span class='ocrx_word' id='word_1_239' title='bbox 316 3554 488 3686; x_wconf 77' lang='lat' dir='ltr'>Regula</span> <span class='ocrx_word' id='word_1_240' title='bbox 519 3585 562 3678; x_wconf 88' lang='lat'>5.</span> <span class='ocrx_word' id='word_1_241' title='bbox 609 3543 1008 3661; x_wconf 69' lang='lat' dir='ltr'>revelationes,</span> <span class='ocrx_word' id='word_1_242' title='bbox 1053 3542 1323 3681; x_wconf 83' lang='lat' dir='ltr'>praesertim</span> <span class='ocrx_word' id='word_1_243' title='bbox 1364 3540 1670 3668; x_wconf 86' lang='lat' dir='ltr'>mulierum,</span> 
     </span>
     <span class='ocr_line' id='line_1_28' title="bbox 231 3682 1672 3829; baseline 0.003 -38"><span class='ocrx_word' id='word_1_244' title='bbox 231 3720 327 3824; x_wconf 83' lang='lat' dir='ltr'>quae</span> <span class='ocrx_word' id='word_1_245' title='bbox 348 3688 668 3829; x_wconf 86' lang='lat' dir='ltr'>occupando</span> <span class='ocrx_word' id='word_1_246' title='bbox 690 3682 932 3791; x_wconf 88' lang='lat' dir='ltr'>homines</span> <span class='ocrx_word' id='word_1_247' title='bbox 960 3695 1012 3789; x_wconf 89' lang='lat' dir='ltr'>in</span> <span class='ocrx_word' id='word_1_248' title='bbox 1040 3686 1409 3791; x_wconf 82' lang='lat' dir='ltr'>devotiunculis</span> <span class='ocrx_word' id='word_1_249' title='bbox 1436 3688 1672 3796; x_wconf 89' lang='lat' dir='ltr'>tribuunt</span> 
     </span>
    </p>
   </div>
   <div class='ocr_carea' id='block_1_6' title="bbox 231 3836 1673 3966">
    <p class='ocr_par' dir='ltr' id='par_1_10' title="bbox 231 3836 1673 3966">
     <span class='ocr_line' id='line_1_29' title="bbox 231 3836 1673 3966; baseline 0.003 -33"><span class='ocrx_word' id='word_1_250' title='bbox 231 3865 395 3942; x_wconf 84' lang='lat' dir='ltr'>ranam</span> <span class='ocrx_word' id='word_1_251' title='bbox 416 3836 751 3942; x_wconf 86' lang='lat' dir='ltr'>securitatem</span> <span class='ocrx_word' id='word_1_252' title='bbox 777 3854 869 3935; x_wconf 89' lang='lat' dir='ltr'>aut</span> <span class='ocrx_word' id='word_1_253' title='bbox 901 3853 1172 3966; x_wconf 84' lang='lat' dir='ltr'>torporem</span> <span class='ocrx_word' id='word_1_254' title='bbox 1203 3838 1254 3932; x_wconf 87' lang='lat' dir='ltr'>in</span> <span class='ocrx_word' id='word_1_255' title='bbox 1287 3840 1531 3966; x_wconf 87' lang='lat' dir='ltr'>peccatis,</span> <span class='ocrx_word' id='word_1_256' title='bbox 1559 3864 1673 3939; x_wconf 86' lang='lat' dir='ltr'>nou</span> 
     </span>
    </p>
   </div>
   <div class='ocr_carea' id='block_1_7' title="bbox 227 3974 1671 4230">
    <p class='ocr_par' dir='ltr' id='par_1_11' title="bbox 227 3974 1671 4230">
     <span class='ocr_line' id='line_1_30' title="bbox 227 3974 1671 4104; baseline 0 -30"><span class='ocrx_word' id='word_1_257' title='bbox 227 3974 319 4084; x_wconf 82' lang='lat' dir='ltr'>sunt</span> <span class='ocrx_word' id='word_1_258' title='bbox 341 3980 368 4086; x_wconf 65' lang='grc' dir='ltr'>ὲ</span> <span class='ocrx_word' id='word_1_259' title='bbox 392 3980 539 4088; x_wconf 79' lang='lat' dir='ltr'>Deo.</span> <span class='ocrx_word' id='word_1_260' title='bbox 615 3993 731 4076; x_wconf 84' lang='lat' dir='ltr'>Ratio</span> <span class='ocrx_word' id='word_1_261' title='bbox 751 3990 827 4087; x_wconf 87' lang='lat' dir='ltr'>est,</span> <span class='ocrx_word' id='word_1_262' title='bbox 844 3994 937 4104; x_wconf 79' lang='lat' dir='ltr'>quta</span> <span class='ocrx_word' id='word_1_263' title='bbox 957 3991 1088 4087; x_wconf 86' lang='lat' dir='ltr'>Deus,</span> <span class='ocrx_word' id='word_1_264' title='bbox 1106 4016 1194 4074; x_wconf 87' lang='lat' dir='ltr'>curu</span> <span class='ocrx_word' id='word_1_265' title='bbox 1220 3984 1308 4075; x_wconf 83' lang='lat' dir='ltr'>sciat</span> <span class='ocrx_word' id='word_1_266' title='bbox 1325 3990 1512 4102; x_wconf 83' lang='lat' dir='ltr'>angustias</span> <span class='ocrx_word' id='word_1_267' title='bbox 1533 3992 1671 4076; x_wconf 78' lang='lat' dir='ltr'>huma·</span> 
     </span>
     <span class='ocr_line' id='line_1_31' title="bbox 228 4107 1671 4230; baseline -0.005 -31"><span class='ocrx_word' id='word_1_268' title='bbox 228 4142 273 4199; x_wconf 83' lang='lat' dir='ltr'>m</span> <span class='ocrx_word' id='word_1_269' title='bbox 293 4129 507 4219; x_wconf 70' lang='lat' dir='ltr'>mmmm,</span> <span class='ocrx_word' id='word_1_270' title='bbox 539 4112 777 4230; x_wconf 76' lang='lat' dir='ltr'>poriffimum</span> <span class='ocrx_word' id='word_1_271' title='bbox 798 4110 896 4201; x_wconf 84' lang='lat' dir='ltr'>solet</span> <span class='ocrx_word' id='word_1_272' title='bbox 918 4140 1054 4225; x_wconf 84' lang='lat' dir='ltr'>urgere</span> <span class='ocrx_word' id='word_1_273' title='bbox 1075 4139 1120 4195; x_wconf 84' lang='lat' dir='ltr'>ac</span> <span class='ocrx_word' id='word_1_274' title='bbox 1144 4111 1361 4195; x_wconf 84' lang='lat' dir='ltr'>identidem</span> <span class='ocrx_word' id='word_1_275' title='bbox 1383 4107 1580 4197; x_wconf 76' lang='lat' dir='ltr'>inculcare</span> <span class='ocrx_word' id='word_1_276' title='bbox 1595 4111 1671 4193; x_wconf 92' lang='lat' dir='ltr'>ob-</span> 
     </span>
    </p>
   </div>
   <div class='ocr_carea' id='block_1_8' title="bbox 227 4224 1757 4451">
    <p class='ocr_par' dir='ltr' id='par_1_12' title="bbox 227 4224 1757 4451">
     <span class='ocr_line' id='line_1_32' title="bbox 227 4224 1757 4433; baseline -0.037 -101"><span class='ocrx_word' id='word_1_277' title='bbox 227 4224 395 4347; x_wconf 69' lang='lat' dir='ltr'>figtuouer</span> <span class='ocrx_word' id='word_1_278' title='bbox 410 4226 714 4353; x_wconf 74' lang='lat' dir='ltr'>substantiales.</span> <span class='ocrx_word' id='word_1_279' title='bbox 771 4231 831 4321; x_wconf 90' lang='lat' dir='ltr'>·1u</span> <span class='ocrx_word' id='word_1_280' title='bbox 849 4224 1052 4323; x_wconf 65' lang='lat' dir='ltr'>uacaret,</span> <span class='ocrx_word' id='word_1_281' title='bbox 1066 4254 1107 4433; x_wconf 47' lang='lat' dir='ltr'>a</span> <span class='ocrx_word' id='word_1_282' title='bbox 1117 4254 1133 4310; x_wconf 91' lang='grc' dir='ltr'>ι</span> <span class='ocrx_word' id='word_1_283' title='bbox 1145 4256 1181 4331; x_wconf 78' lang='lat'>3.</span> <span class='ocrx_word' id='word_1_284' title='bbox 1195 4227 1357 4315; x_wconf 73' lang='lat' dir='ltr'>dicitur:</span> <span class='ocrx_word' id='word_1_285' title='bbox 1406 4227 1515 4317; x_wconf 79' lang='lat' dir='ltr'>Pone</span> <span class='ocrx_word' id='word_1_286' title='bbox 1527 4227 1671 4428; x_wconf 55' lang='lat' dir='ltr'>sm</span> <span class='ocrx_word' id='word_1_287' title='bbox 1754 4270 1757 4275; x_wconf 78' lang='grc'><strong>.</strong></span> 
     </span>
     <span class='ocr_line' id='line_1_33' title="bbox 1139 4371 1160 4451; baseline -0.048 0"><span class='ocrx_word' id='word_1_288' title='bbox 1139 4371 1160 4451; x_wconf 76' lang='lat'>3</span> 
     </span>
    </p>
   </div>
   <div class='ocr_carea' id='block_1_9' title="bbox 0 0 1894 4988">
    <p class='ocr_par' dir='ltr' id='par_1_13' title="bbox 0 0 1894 4988">
     <span class='ocr_line' id='line_1_34' title="bbox 0 0 1894 4988; baseline 0 0"><span class='ocrx_word' id='word_1_289' title='bbox 0 0 1894 4988; x_wconf 95' lang='lat' dir='ltr'> </span> 
     </span>
    </p>
   </div>
  </div>
 </body>
</html>
