<?xml version="1.0" encoding="UTF-8"?>
<!DOCTYPE html PUBLIC "-//W3C//DTD XHTML 1.0 Transitional//EN"
    "http://www.w3.org/TR/xhtml1/DTD/xhtml1-transitional.dtd">
<html xmlns="http://www.w3.org/1999/xhtml" xml:lang="en" lang="en">
 <head>
  <title>
</title>
<meta http-equiv="Content-Type" content="text/html;charset=utf-8" />
  <meta name='ocr-system' content='tesseract 3.04.00' />
  <meta name='ocr-capabilities' content='ocr_page ocr_carea ocr_par ocr_line ocrx_word'/>
</head>
<body>
  <div class='ocr_page' id='page_1' title='image "./derevelationibu00amorgoog_0130.png"; bbox 0 0 3796 4994; ppageno 0'>
   <div class='ocr_carea' id='block_1_1' title="bbox 237 361 1293 504">
    <p class='ocr_par' dir='ltr' id='par_1_1' title="bbox 237 361 1293 504">
     <span class='ocr_line' id='line_1_1' title="bbox 237 361 1293 504; baseline -0.008 -32"><span class='ocrx_word' id='word_1_1' title='bbox 237 397 332 472; x_wconf 83' lang='lat'>110</span> <span class='ocrx_word' id='word_1_2' title='bbox 619 372 793 504; x_wconf 74' lang='lat' dir='ltr'>Regula</span> <span class='ocrx_word' id='word_1_3' title='bbox 809 361 866 468; x_wconf 78' lang='lat' dir='ltr'>ex</span> <span class='ocrx_word' id='word_1_4' title='bbox 886 369 1008 470; x_wconf 83' lang='lat' dir='ltr'>Card.</span> <span class='ocrx_word' id='word_1_5' title='bbox 1034 367 1086 468; x_wconf 85' lang='lat' dir='ltr'>de</span> <span class='ocrx_word' id='word_1_6' title='bbox 1101 377 1293 470; x_wconf 67' lang='lat' dir='ltr'>Laurea.</span> 
     </span>
    </p>
   </div>
   <div class='ocr_carea' id='block_1_2' title="bbox 210 562 1681 1259">
    <p class='ocr_par' dir='ltr' id='par_1_2' title="bbox 210 562 1681 1259">
     <span class='ocr_line' id='line_1_2' title="bbox 210 562 1680 687; baseline -0.001 -26"><span class='ocrx_word' id='word_1_7' title='bbox 210 562 327 671; x_wconf 74' lang='lat' dir='ltr'>:horis</span> <span class='ocrx_word' id='word_1_8' title='bbox 356 569 501 687; x_wconf 75' lang='lat' dir='ltr'>singula</span> <span class='ocrx_word' id='word_1_9' title='bbox 529 576 709 660; x_wconf 84' lang='lat' dir='ltr'>exercitia</span> <span class='ocrx_word' id='word_1_10' title='bbox 736 565 962 666; x_wconf 77' lang='lat' dir='ltr'>tribuendas</span> <span class='ocrx_word' id='word_1_11' title='bbox 1000 575 1344 669; x_wconf 85' lang='lat' dir='ltr'>confiderandum,</span> <span class='ocrx_word' id='word_1_12' title='bbox 1372 569 1489 686; x_wconf 92' lang='lat' dir='ltr'>quod</span> <span class='ocrx_word' id='word_1_13' title='bbox 1520 569 1680 686; x_wconf 81' lang='lat' dir='ltr'>grandir</span> 
     </span>
     <span class='ocr_line' id='line_1_3' title="bbox 219 685 1678 799; baseline -0.006 -18"><span class='ocrx_word' id='word_1_14' title='bbox 219 692 333 781; x_wconf 86' lang='lat' dir='ltr'>restat</span> <span class='ocrx_word' id='word_1_15' title='bbox 352 693 427 788; x_wconf 88' lang='lat' dir='ltr'>via,</span> <span class='ocrx_word' id='word_1_16' title='bbox 458 688 588 773; x_wconf 89' lang='lat' dir='ltr'>donec</span> <span class='ocrx_word' id='word_1_17' title='bbox 609 690 785 776; x_wconf 86' lang='lat' dir='ltr'>videatur</span> <span class='ocrx_word' id='word_1_18' title='bbox 811 694 921 776; x_wconf 86' lang='lat' dir='ltr'>Deus</span> <span class='ocrx_word' id='word_1_19' title='bbox 944 696 984 776; x_wconf 92' lang='lat' dir='ltr'>in</span> <span class='ocrx_word' id='word_1_20' title='bbox 1009 695 1118 776; x_wconf 83' lang='lat' dir='ltr'><strong>Sion.</strong></span> <span class='ocrx_word' id='word_1_21' title='bbox 1175 696 1271 773; x_wconf 80' lang='lat' dir='ltr'>Hac</span> <span class='ocrx_word' id='word_1_22' title='bbox 1297 693 1336 771; x_wconf 93' lang='lat' dir='ltr'>in</span> <span class='ocrx_word' id='word_1_23' title='bbox 1366 685 1678 799; x_wconf 81' lang='lat' dir='ltr'>contemplativo</span> 
     </span>
     <span class='ocr_line' id='line_1_4' title="bbox 220 797 1680 914; baseline -0.001 -23"><span class='ocrx_word' id='word_1_24' title='bbox 220 805 385 891; x_wconf 90' lang='lat' dir='ltr'>homine</span> <span class='ocrx_word' id='word_1_25' title='bbox 405 808 651 914; x_wconf 89' lang='lat' dir='ltr'>requiruntur</span> <span class='ocrx_word' id='word_1_26' title='bbox 672 833 724 890; x_wconf 84' lang='lat' dir='ltr'>ex</span> <span class='ocrx_word' id='word_1_27' title='bbox 751 804 787 893; x_wconf 79' lang='lat'><strong>5.</strong></span> <span class='ocrx_word' id='word_1_28' title='bbox 805 801 1023 892; x_wconf 84' lang='lat' dir='ltr'>Bernardo.</span> <span class='ocrx_word' id='word_1_29' title='bbox 1045 806 1083 892; x_wconf 65' lang='grc' dir='ltr'>δ’.</span> <span class='ocrx_word' id='word_1_30' title='bbox 1104 805 1263 891; x_wconf 79' lang='lat' dir='ltr'>Bonan.</span> <span class='ocrx_word' id='word_1_31' title='bbox 1292 797 1338 886; x_wconf 85' lang='lat' dir='ltr'>de</span> <span class='ocrx_word' id='word_1_32' title='bbox 1367 830 1409 899; x_wconf 89' lang='lat'>7.</span> <span class='ocrx_word' id='word_1_33' title='bbox 1433 803 1525 888; x_wconf 85' lang='lat' dir='ltr'>ltin.</span> <span class='ocrx_word' id='word_1_34' title='bbox 1547 811 1680 890; x_wconf 70' lang='lat' dir='ltr'>arna.</span> 
     </span>
     <span class='ocr_line' id='line_1_5' title="bbox 220 912 1681 1032; baseline -0.007 -24"><span class='ocrx_word' id='word_1_35' title='bbox 220 913 325 1028; x_wconf 80' lang='lat' dir='ltr'><strong>Dr&#39;jl.</strong></span> <span class='ocrx_word' id='word_1_36' title='bbox 346 947 380 1000; x_wconf 82' lang='lat' dir='ltr'>a.</span> <span class='ocrx_word' id='word_1_37' title='bbox 438 915 783 1032; x_wconf 78' lang='lat' dir='ltr'>Contemplativus</span> <span class='ocrx_word' id='word_1_38' title='bbox 809 920 930 1005; x_wconf 85' lang='lat' dir='ltr'>debet</span> <span class='ocrx_word' id='word_1_39' title='bbox 961 916 1035 1004; x_wconf 81' lang='lat' dir='ltr'>effe</span> <span class='ocrx_word' id='word_1_40' title='bbox 1063 918 1142 1003; x_wconf 88' lang='lat' dir='ltr'>fine</span> <span class='ocrx_word' id='word_1_41' title='bbox 1174 940 1358 1029; x_wconf 80' lang='lat' dir='ltr'>peccatos</span> <span class='ocrx_word' id='word_1_42' title='bbox 1401 912 1581 1028; x_wconf 90' lang='lat' dir='ltr'>alioquin</span> <span class='ocrx_word' id='word_1_43' title='bbox 1609 921 1681 998; x_wconf 91' lang='lat' dir='ltr'>im·</span> 
     </span>
     <span class='ocr_line' id='line_1_6' title="bbox 217 1026 1680 1146; baseline -0.003 -30"><span class='ocrx_word' id='word_1_44' title='bbox 217 1031 389 1146; x_wconf 89' lang='lat' dir='ltr'>peditur,</span> <span class='ocrx_word' id='word_1_45' title='bbox 420 1059 471 1114; x_wconf 86' lang='lat' dir='ltr'>ne</span> <span class='ocrx_word' id='word_1_46' title='bbox 491 1026 631 1118; x_wconf 85' lang='lat' dir='ltr'>sursum</span> <span class='ocrx_word' id='word_1_47' title='bbox 649 1031 803 1119; x_wconf 88' lang='lat' dir='ltr'>feratur.</span> <span class='ocrx_word' id='word_1_48' title='bbox 860 1034 996 1118; x_wconf 87' lang='lat' dir='ltr'>Debet</span> <span class='ocrx_word' id='word_1_49' title='bbox 1017 1030 1091 1116; x_wconf 85' lang='lat' dir='ltr'>effe</span> <span class='ocrx_word' id='word_1_50' title='bbox 1107 1029 1207 1116; x_wconf 78' lang='lat' dir='ltr'>liber</span> <span class='ocrx_word' id='word_1_51' title='bbox 1228 1030 1252 1116; x_wconf 73' lang='lat' dir='ltr'>a</span> <span class='ocrx_word' id='word_1_52' title='bbox 1276 1057 1364 1113; x_wconf 85' lang='lat' dir='ltr'>cura</span> <span class='ocrx_word' id='word_1_53' title='bbox 1387 1027 1680 1142; x_wconf 84' lang='lat' dir='ltr'>temporalium,</span> 
     </span>
     <span class='ocr_line' id='line_1_7' title="bbox 221 1139 1681 1259; baseline 0 -30"><span class='ocrx_word' id='word_1_54' title='bbox 221 1149 318 1259; x_wconf 86' lang='lat' dir='ltr'>quia</span> <span class='ocrx_word' id='word_1_55' title='bbox 344 1145 444 1228; x_wconf 86' lang='lat' dir='ltr'>libet</span> <span class='ocrx_word' id='word_1_56' title='bbox 471 1139 619 1256; x_wconf 86' lang='lat' dir='ltr'>spiritus</span> <span class='ocrx_word' id='word_1_57' title='bbox 648 1149 873 1244; x_wconf 81' lang='lat' dir='ltr'>dimittitur,</span> <span class='ocrx_word' id='word_1_58' title='bbox 936 1149 1069 1233; x_wconf 89' lang='lat' dir='ltr'>uando</span> <span class='ocrx_word' id='word_1_59' title='bbox 1100 1143 1253 1230; x_wconf 85' lang='lat' dir='ltr'>calcatis</span> <span class='ocrx_word' id='word_1_60' title='bbox 1290 1149 1451 1228; x_wconf 88' lang='lat' dir='ltr'>terrenis</span> <span class='ocrx_word' id='word_1_61' title='bbox 1480 1142 1681 1229; x_wconf 73' lang='lat' dir='ltr'>desideriis</span> 
     </span>
    </p>
   </div>
   <div class='ocr_carea' id='block_1_3' title="bbox 215 1175 1682 1604">
    <p class='ocr_par' dir='ltr' id='par_1_3' title="bbox 215 1175 1682 1604">
     <span class='ocr_line' id='line_1_8' title="bbox 215 1175 1680 1373; baseline 0 -30"><span class='ocrx_word' id='word_1_62' title='bbox 215 1261 271 1358; x_wconf 56' lang='lat' dir='ltr'>‚ab</span> <span class='ocrx_word' id='word_1_63' title='bbox 295 1263 537 1373; x_wconf 87' lang='lat' dir='ltr'>appetitione</span> <span class='ocrx_word' id='word_1_64' title='bbox 552 1257 825 1373; x_wconf 80' lang='lat' dir='ltr'>temporalium</span> <span class='ocrx_word' id='word_1_65' title='bbox 852 1175 1111 1347; x_wconf 73' lang='lat' dir='ltr'>inlecuritate</span> <span class='ocrx_word' id='word_1_66' title='bbox 1132 1266 1272 1346; x_wconf 88' lang='lat' dir='ltr'>mentis</span> <span class='ocrx_word' id='word_1_67' title='bbox 1291 1282 1535 1345; x_wconf 86' lang='lat' dir='ltr'><strong>exoneratur.</strong></span> <span class='ocrx_word' id='word_1_68' title='bbox 1595 1260 1680 1343; x_wconf 88' lang='lat' dir='ltr'>Dc·</span> 
     </span>
     <span class='ocr_line' id='line_1_9' title="bbox 220 1368 1682 1485; baseline 0 -26"><span class='ocrx_word' id='word_1_69' title='bbox 220 1374 292 1459; x_wconf 88' lang='lat' dir='ltr'>bet</span> <span class='ocrx_word' id='word_1_70' title='bbox 319 1368 394 1458; x_wconf 83' lang='lat' dir='ltr'>else</span> <span class='ocrx_word' id='word_1_71' title='bbox 416 1369 610 1485; x_wconf 83' lang='lat' dir='ltr'>perspicax</span> <span class='ocrx_word' id='word_1_72' title='bbox 638 1380 677 1458; x_wconf 64' lang='grc' dir='ltr'>ὅ(</span> <span class='ocrx_word' id='word_1_73' title='bbox 699 1372 863 1474; x_wconf 88' lang='lat' dir='ltr'>sanatus,</span> <span class='ocrx_word' id='word_1_74' title='bbox 894 1372 1054 1460; x_wconf 91' lang='lat' dir='ltr'>oculum</span> <span class='ocrx_word' id='word_1_75' title='bbox 1075 1380 1212 1461; x_wconf 89' lang='lat' dir='ltr'>mentis</span> <span class='ocrx_word' id='word_1_76' title='bbox 1231 1374 1255 1460; x_wconf 76' lang='lat' dir='ltr'>a</span> <span class='ocrx_word' id='word_1_77' title='bbox 1276 1372 1551 1484; x_wconf 84' lang='lat' dir='ltr'>cupiditatibus</span> <span class='ocrx_word' id='word_1_78' title='bbox 1570 1399 1682 1459; x_wconf 86' lang='lat' dir='ltr'>avet·</span> 
     </span>
     <span class='ocr_line' id='line_1_10' title="bbox 218 1486 1562 1604; baseline -0.003 -29"><span class='ocrx_word' id='word_1_79' title='bbox 218 1486 321 1586; x_wconf 80' lang='lat' dir='ltr'>tens,</span> <span class='ocrx_word' id='word_1_80' title='bbox 344 1491 385 1570; x_wconf 81' lang='lat' dir='ltr'>dt</span> <span class='ocrx_word' id='word_1_81' title='bbox 411 1492 452 1571; x_wconf 91' lang='lat' dir='ltr'>in</span> <span class='ocrx_word' id='word_1_82' title='bbox 474 1493 566 1573; x_wconf 88' lang='lat' dir='ltr'>Deo</span> <span class='ocrx_word' id='word_1_83' title='bbox 589 1486 725 1603; x_wconf 82' lang='lat' dir='ltr'>figens.</span> <span class='ocrx_word' id='word_1_84' title='bbox 784 1486 900 1574; x_wconf 82' lang='lat' dir='ltr'>Plura</span> <span class='ocrx_word' id='word_1_85' title='bbox 926 1491 1048 1574; x_wconf 89' lang='lat' dir='ltr'>videti</span> <span class='ocrx_word' id='word_1_86' title='bbox 1067 1486 1224 1604; x_wconf 70' lang='lat' dir='ltr'>poliunt</span> <span class='ocrx_word' id='word_1_87' title='bbox 1242 1493 1287 1577; x_wconf 90' lang='lat' dir='ltr'>L.</span> <span class='ocrx_word' id='word_1_88' title='bbox 1307 1488 1399 1574; x_wconf 89' lang='lat' dir='ltr'><strong>CC.</strong></span> <span class='ocrx_word' id='word_1_89' title='bbox 1416 1488 1468 1572; x_wconf 91' lang='lat' dir='ltr'>C.</span> <span class='ocrx_word' id='word_1_90' title='bbox 1487 1521 1531 1592; x_wconf 86' lang='lat'><strong>4.</strong></span> <span class='ocrx_word' id='word_1_91' title='bbox 1557 1534 1562 1541; x_wconf 94' lang='lat'><strong>·</strong></span> 
     </span>
    </p>
   </div>
   <div class='ocr_carea' id='block_1_4' title="bbox 88 1658 1707 1942">
    <p class='ocr_par' dir='ltr' id='par_1_4' title="bbox 88 1658 1707 1942">
     <span class='ocr_line' id='line_1_11' title="bbox 327 1658 1679 1801; baseline 0.007 -41"><span class='ocrx_word' id='word_1_92' title='bbox 327 1666 495 1797; x_wconf 84' lang='lat' dir='ltr'>Regula</span> <span class='ocrx_word' id='word_1_93' title='bbox 547 1696 623 1766; x_wconf 83' lang='lat'><strong>12.</strong></span> <span class='ocrx_word' id='word_1_94' title='bbox 691 1658 863 1766; x_wconf 83' lang='lat' dir='ltr'>Etiam</span> <span class='ocrx_word' id='word_1_95' title='bbox 912 1661 1365 1799; x_wconf 85' lang='lat' dir='ltr'>contemplationis</span> <span class='ocrx_word' id='word_1_96' title='bbox 1424 1664 1679 1801; x_wconf 76' lang='lat' dir='ltr'>acquifitae</span> 
     </span>
     <span class='ocr_line' id='line_1_12' title="bbox 88 1797 1707 1942; baseline 0.004 -36"><span class='ocrx_word' id='word_1_97' title='bbox 88 1845 98 1853; x_wconf 93' lang='lat'><em>·</em></span> <span class='ocrx_word' id='word_1_98' title='bbox 222 1797 426 1907; x_wconf 72' lang='lat' dir='ltr'>effecius</span> <span class='ocrx_word' id='word_1_99' title='bbox 463 1803 575 1910; x_wconf 90' lang='lat' dir='ltr'>sunt</span> <span class='ocrx_word' id='word_1_100' title='bbox 616 1799 907 1911; x_wconf 65' lang='lat' dir='ltr'>affectiones</span> <span class='ocrx_word' id='word_1_101' title='bbox 944 1803 1156 1927; x_wconf 74' lang='lat' dir='ltr'>sanciae3</span> <span class='ocrx_word' id='word_1_102' title='bbox 1231 1803 1464 1942; x_wconf 85' lang='lat' dir='ltr'>adeoque</span> <span class='ocrx_word' id='word_1_103' title='bbox 1502 1839 1565 1911; x_wconf 87' lang='lat' dir='ltr'>ex</span> <span class='ocrx_word' id='word_1_104' title='bbox 1600 1801 1707 1912; x_wconf 87' lang='lat' dir='ltr'>his-</span> 
     </span>
    </p>
   </div>
   <div class='ocr_carea' id='block_1_5' title="bbox 221 1939 1681 2085">
    <p class='ocr_par' dir='ltr' id='par_1_5' title="bbox 221 1939 1681 2085">
     <span class='ocr_line' id='line_1_13' title="bbox 221 1939 1681 2085; baseline 0.003 -36"><span class='ocrx_word' id='word_1_105' title='bbox 221 1939 480 2050; x_wconf 70' lang='lat' dir='ltr'>effedlibus</span> <span class='ocrx_word' id='word_1_106' title='bbox 512 1976 623 2050; x_wconf 91' lang='lat' dir='ltr'>non</span> <span class='ocrx_word' id='word_1_107' title='bbox 662 1943 883 2052; x_wconf 89' lang='lat' dir='ltr'>habetur</span> <span class='ocrx_word' id='word_1_108' title='bbox 921 1968 1323 2083; x_wconf 84' lang='lat' dir='ltr'>argumentum,</span> <span class='ocrx_word' id='word_1_109' title='bbox 1371 1945 1514 2085; x_wconf 91' lang='lat' dir='ltr'>quod</span> <span class='ocrx_word' id='word_1_110' title='bbox 1555 1979 1681 2053; x_wconf 90' lang='lat' dir='ltr'>con·</span> 
     </span>
    </p>
   </div>
   <div class='ocr_carea' id='block_1_6' title="bbox 43 2085 1680 3244">
    <p class='ocr_par' dir='ltr' id='par_1_6' title="bbox 215 2085 1677 2223">
     <span class='ocr_line' id='line_1_14' title="bbox 215 2085 1677 2223; baseline 0.009 -40"><span class='ocrx_word' id='word_1_111' title='bbox 215 2085 495 2223; x_wconf 84' lang='lat' dir='ltr'>templario</span> <span class='ocrx_word' id='word_1_112' title='bbox 551 2109 641 2193; x_wconf 90' lang='lat' dir='ltr'>aut</span> <span class='ocrx_word' id='word_1_113' title='bbox 690 2089 812 2191; x_wconf 77' lang='lat' dir='ltr'>visto</span> <span class='ocrx_word' id='word_1_114' title='bbox 855 2089 914 2191; x_wconf 84' lang='lat' dir='ltr'>fit</span> <span class='ocrx_word' id='word_1_115' title='bbox 967 2087 1350 2222; x_wconf 88' lang='lat' dir='ltr'>supernaturalis</span> <span class='ocrx_word' id='word_1_116' title='bbox 1403 2085 1457 2195; x_wconf 80' lang='lat' dir='ltr'>dt</span> <span class='ocrx_word' id='word_1_117' title='bbox 1501 2085 1677 2197; x_wconf 85' lang='lat' dir='ltr'>infusa.</span> 
     </span>
    </p>

    <p class='ocr_par' dir='ltr' id='par_1_7' title="bbox 153 2222 1680 2337">
     <span class='ocr_line' id='line_1_15' title="bbox 153 2222 1680 2337; baseline 0.004 -26"><span class='ocrx_word' id='word_1_118' title='bbox 153 2272 156 2277; x_wconf 73' lang='lat'>,</span> <span class='ocrx_word' id='word_1_119' title='bbox 217 2224 332 2311; x_wconf 88' lang='lat' dir='ltr'>ldem</span> <span class='ocrx_word' id='word_1_120' title='bbox 356 2222 497 2337; x_wconf 87' lang='lat' dir='ltr'>opusc.</span> <span class='ocrx_word' id='word_1_121' title='bbox 529 2256 563 2329; x_wconf 89' lang='lat'>5.</span> <span class='ocrx_word' id='word_1_122' title='bbox 588 2232 635 2311; x_wconf 89' lang='lat' dir='ltr'><strong>C.</strong></span> <span class='ocrx_word' id='word_1_123' title='bbox 653 2256 693 2326; x_wconf 89' lang='lat'>4.</span> <span class='ocrx_word' id='word_1_124' title='bbox 721 2255 791 2311; x_wconf 88' lang='lat' dir='ltr'>eos</span> <span class='ocrx_word' id='word_1_125' title='bbox 819 2223 979 2311; x_wconf 72' lang='lat' dir='ltr'>effectus</span> <span class='ocrx_word' id='word_1_126' title='bbox 1006 2255 1232 2313; x_wconf 86' lang='lat' dir='ltr'>enumerans</span> <span class='ocrx_word' id='word_1_127' title='bbox 1255 2228 1366 2313; x_wconf 84' lang='lat' dir='ltr'>dicit:</span> <span class='ocrx_word' id='word_1_128' title='bbox 1404 2233 1556 2316; x_wconf 88' lang='lat' dir='ltr'>Primus</span> <span class='ocrx_word' id='word_1_129' title='bbox 1583 2227 1680 2318; x_wconf 88' lang='lat' dir='ltr'>effe·</span> 
     </span>
    </p>

    <p class='ocr_par' dir='ltr' id='par_1_8' title="bbox 212 2336 1679 2456">
     <span class='ocr_line' id='line_1_16' title="bbox 212 2336 1679 2456; baseline 0.004 -30"><span class='ocrx_word' id='word_1_130' title='bbox 212 2346 307 2426; x_wconf 67' lang='lat' dir='ltr'>dius</span> <span class='ocrx_word' id='word_1_131' title='bbox 337 2336 675 2453; x_wconf 84' lang='lat' dir='ltr'>contemplationis</span> <span class='ocrx_word' id='word_1_132' title='bbox 701 2340 892 2453; x_wconf 75' lang='lat' dir='ltr'>acquisitae</span> <span class='ocrx_word' id='word_1_133' title='bbox 922 2344 976 2426; x_wconf 87' lang='lat' dir='ltr'>est</span> <span class='ocrx_word' id='word_1_134' title='bbox 1003 2347 1138 2427; x_wconf 82' lang='lat' dir='ltr'>anima</span> <span class='ocrx_word' id='word_1_135' title='bbox 1166 2339 1431 2456; x_wconf 88' lang='lat' dir='ltr'>tranquillitas.</span> <span class='ocrx_word' id='word_1_136' title='bbox 1490 2376 1529 2432; x_wconf 83' lang='lat' dir='ltr'>a.</span> <span class='ocrx_word' id='word_1_137' title='bbox 1564 2348 1679 2434; x_wconf 82' lang='lat' dir='ltr'>Con·</span> 
     </span>
    </p>

    <p class='ocr_par' dir='ltr' id='par_1_9' title="bbox 214 2446 1679 2568">
     <span class='ocr_line' id='line_1_17' title="bbox 214 2446 1679 2568; baseline 0.005 -27"><span class='ocrx_word' id='word_1_138' title='bbox 214 2446 394 2567; x_wconf 73' lang='lat' dir='ltr'>stemptus</span> <span class='ocrx_word' id='word_1_139' title='bbox 415 2482 543 2541; x_wconf 90' lang='lat' dir='ltr'>rerum</span> <span class='ocrx_word' id='word_1_140' title='bbox 560 2449 847 2568; x_wconf 84' lang='lat' dir='ltr'>temporalium,</span> <span class='ocrx_word' id='word_1_141' title='bbox 873 2461 913 2541; x_wconf 77' lang='grc' dir='ltr'>δι</span> <span class='ocrx_word' id='word_1_142' title='bbox 935 2455 1164 2541; x_wconf 87' lang='lat' dir='ltr'>defiderium</span> <span class='ocrx_word' id='word_1_143' title='bbox 1188 2481 1433 2543; x_wconf 88' lang='lat' dir='ltr'>aetemorum.</span> <span class='ocrx_word' id='word_1_144' title='bbox 1495 2490 1532 2558; x_wconf 72' lang='grc' dir='ltr'><em>ς.</em></span> <span class='ocrx_word' id='word_1_145' title='bbox 1558 2457 1679 2548; x_wconf 86' lang='lat' dir='ltr'>Tole-</span> 
     </span>
    </p>

    <p class='ocr_par' dir='ltr' id='par_1_10' title="bbox 220 2564 1679 2686">
     <span class='ocr_line' id='line_1_18' title="bbox 220 2564 1679 2686; baseline 0.003 -29"><span class='ocrx_word' id='word_1_146' title='bbox 220 2575 345 2657; x_wconf 85' lang='lat' dir='ltr'>tantia</span> <span class='ocrx_word' id='word_1_147' title='bbox 372 2564 552 2655; x_wconf 88' lang='lat' dir='ltr'>laborum</span> <span class='ocrx_word' id='word_1_148' title='bbox 586 2576 625 2654; x_wconf 75' lang='grc' dir='ltr'>δι</span> <span class='ocrx_word' id='word_1_149' title='bbox 655 2570 909 2656; x_wconf 76' lang='lat' dir='ltr'>afflictionum</span> <span class='ocrx_word' id='word_1_150' title='bbox 933 2573 1045 2679; x_wconf 89' lang='lat' dir='ltr'>hujus</span> <span class='ocrx_word' id='word_1_151' title='bbox 1079 2576 1180 2659; x_wconf 82' lang='lat' dir='ltr'>vitae.</span> <span class='ocrx_word' id='word_1_152' title='bbox 1238 2602 1279 2671; x_wconf 86' lang='lat'><strong>4.</strong></span> <span class='ocrx_word' id='word_1_153' title='bbox 1309 2573 1482 2657; x_wconf 86' lang='lat' dir='ltr'>Libertas</span> <span class='ocrx_word' id='word_1_154' title='bbox 1515 2571 1679 2686; x_wconf 77' lang='lat' dir='ltr'>spiritus,</span> 
     </span>
    </p>

    <p class='ocr_par' dir='ltr' id='par_1_11' title="bbox 223 2681 1680 2798">
     <span class='ocr_line' id='line_1_19' title="bbox 223 2681 1680 2798; baseline 0.005 -30"><span class='ocrx_word' id='word_1_155' title='bbox 223 2687 266 2768; x_wconf 74' lang='grc' dir='ltr'>ἃ</span> <span class='ocrx_word' id='word_1_156' title='bbox 293 2683 536 2796; x_wconf 85' lang='lat' dir='ltr'>superioritas</span> <span class='ocrx_word' id='word_1_157' title='bbox 558 2691 637 2794; x_wconf 86' lang='lat' dir='ltr'>ejus</span> <span class='ocrx_word' id='word_1_158' title='bbox 663 2683 713 2768; x_wconf 91' lang='lat' dir='ltr'>ad</span> <span class='ocrx_word' id='word_1_159' title='bbox 736 2691 866 2770; x_wconf 91' lang='lat' dir='ltr'>omnia</span> <span class='ocrx_word' id='word_1_160' title='bbox 888 2687 1096 2772; x_wconf 90' lang='lat' dir='ltr'>mundana.</span> <span class='ocrx_word' id='word_1_161' title='bbox 1159 2717 1194 2786; x_wconf 77' lang='lat' dir='ltr'>l·</span> <span class='ocrx_word' id='word_1_162' title='bbox 1222 2681 1440 2798; x_wconf 84' lang='lat' dir='ltr'>Colligatio</span> <span class='ocrx_word' id='word_1_163' title='bbox 1461 2716 1550 2772; x_wconf 92' lang='lat' dir='ltr'>cum</span> <span class='ocrx_word' id='word_1_164' title='bbox 1574 2696 1680 2777; x_wconf 88' lang='lat' dir='ltr'>Deo.</span> 
     </span>
    </p>

    <p class='ocr_par' dir='ltr' id='par_1_12' title="bbox 155 2795 1679 2919">
     <span class='ocr_line' id='line_1_20' title="bbox 155 2795 1679 2919; baseline 0.005 -36"><span class='ocrx_word' id='word_1_165' title='bbox 155 2806 163 2816; x_wconf 85' lang='lat'><em>&#39;</em></span> <span class='ocrx_word' id='word_1_166' title='bbox 211 2812 265 2919; x_wconf 70' lang='lat' dir='ltr'>i⁶’</span> <span class='ocrx_word' id='word_1_167' title='bbox 293 2801 489 2884; x_wconf 90' lang='lat' dir='ltr'>Virtutum</span> <span class='ocrx_word' id='word_1_168' title='bbox 512 2804 697 2884; x_wconf 82' lang='lat' dir='ltr'>variarum</span> <span class='ocrx_word' id='word_1_169' title='bbox 722 2795 909 2885; x_wconf 88' lang='lat' dir='ltr'>cumulus.</span> <span class='ocrx_word' id='word_1_170' title='bbox 968 2829 1007 2897; x_wconf 90' lang='lat'>7.</span> <span class='ocrx_word' id='word_1_171' title='bbox 1037 2795 1209 2884; x_wconf 81' lang='lat' dir='ltr'>uilenio</span> <span class='ocrx_word' id='word_1_172' title='bbox 1237 2802 1315 2884; x_wconf 90' lang='lat' dir='ltr'>Dei</span> <span class='ocrx_word' id='word_1_173' title='bbox 1346 2798 1471 2886; x_wconf 85' lang='lat' dir='ltr'>dulcis</span> <span class='ocrx_word' id='word_1_174' title='bbox 1498 2809 1538 2885; x_wconf 80' lang='grc' dir='ltr'>δι</span> <span class='ocrx_word' id='word_1_175' title='bbox 1568 2801 1679 2891; x_wconf 89' lang='lat' dir='ltr'>dele·</span> 
     </span>
    </p>

    <p class='ocr_par' dir='ltr' id='par_1_13' title="bbox 43 2904 1680 3028">
     <span class='ocr_line' id='line_1_21' title="bbox 43 2904 1680 3028; baseline 0.006 -32"><span class='ocrx_word' id='word_1_176' title='bbox 43 2904 46 2917; x_wconf 73' lang='grc'><em>’</em></span> <span class='ocrx_word' id='word_1_177' title='bbox 216 2908 385 3013; x_wconf 68' lang='lat' dir='ltr'>stabilis.</span> <span class='ocrx_word' id='word_1_178' title='bbox 445 2934 484 3009; x_wconf 81' lang='lat'><strong>8.</strong></span> <span class='ocrx_word' id='word_1_179' title='bbox 514 2909 670 3000; x_wconf 92' lang='lat' dir='ltr'>Clariot</span> <span class='ocrx_word' id='word_1_180' title='bbox 695 2916 871 3025; x_wconf 84' lang='lat' dir='ltr'>cognitio</span> <span class='ocrx_word' id='word_1_181' title='bbox 895 2917 1176 3025; x_wconf 89' lang='lat' dir='ltr'>mysteriorum,</span> <span class='ocrx_word' id='word_1_182' title='bbox 1200 2914 1319 3028; x_wconf 73' lang='lat' dir='ltr'>quam</span> <span class='ocrx_word' id='word_1_183' title='bbox 1346 2943 1417 3026; x_wconf 90' lang='lat' dir='ltr'>pet</span> <span class='ocrx_word' id='word_1_184' title='bbox 1438 2917 1680 3006; x_wconf 85' lang='lat' dir='ltr'>ordinarium</span> 
     </span>
    </p>

    <p class='ocr_par' dir='ltr' id='par_1_14' title="bbox 161 3016 1679 3244">
     <span class='ocr_line' id='line_1_22' title="bbox 161 3016 1679 3146; baseline 0.007 -36"><span class='ocrx_word' id='word_1_185' title='bbox 161 3032 165 3045; x_wconf 90' lang='lat'><em>&#39;</em></span> <span class='ocrx_word' id='word_1_186' title='bbox 214 3016 356 3125; x_wconf 80' lang='lat' dir='ltr'>lumen</span> <span class='ocrx_word' id='word_1_187' title='bbox 381 3024 487 3112; x_wconf 85' lang='lat' dir='ltr'>fidei.</span> <span class='ocrx_word' id='word_1_188' title='bbox 546 3035 646 3140; x_wconf 87' lang='lat' dir='ltr'>Quae</span> <span class='ocrx_word' id='word_1_189' title='bbox 677 3032 811 3113; x_wconf 90' lang='lat' dir='ltr'>omnia</span> <span class='ocrx_word' id='word_1_190' title='bbox 833 3030 985 3114; x_wconf 85' lang='lat' dir='ltr'>Lautaea</span> <span class='ocrx_word' id='word_1_191' title='bbox 1005 3030 1051 3115; x_wconf 92' lang='lat' dir='ltr'>L.</span> <span class='ocrx_word' id='word_1_192' title='bbox 1067 3029 1160 3117; x_wconf 86' lang='lat' dir='ltr'><strong>CC.</strong></span> <span class='ocrx_word' id='word_1_193' title='bbox 1180 3031 1232 3116; x_wconf 92' lang='lat' dir='ltr'><strong>C.</strong></span> <span class='ocrx_word' id='word_1_194' title='bbox 1254 3060 1293 3133; x_wconf 88' lang='lat'><strong>4.</strong></span> <span class='ocrx_word' id='word_1_195' title='bbox 1311 3034 1351 3113; x_wconf 78' lang='grc' dir='ltr'>δι</span> <span class='ocrx_word' id='word_1_196' title='bbox 1373 3060 1408 3135; x_wconf 88' lang='lat'>5.</span> <span class='ocrx_word' id='word_1_197' title='bbox 1433 3032 1581 3146; x_wconf 83' lang='lat' dir='ltr'>probat</span> <span class='ocrx_word' id='word_1_198' title='bbox 1609 3060 1679 3120; x_wconf 84' lang='lat' dir='ltr'>au·</span> 
     </span>
     <span class='ocr_line' id='line_1_23' title="bbox 215 3142 664 3244; baseline -0.004 -15"><span class='ocrx_word' id='word_1_199' title='bbox 215 3142 407 3244; x_wconf 72' lang='lat' dir='ltr'>‚thotitate</span> <span class='ocrx_word' id='word_1_200' title='bbox 430 3147 664 3231; x_wconf 68' lang='lat' dir='ltr'>Doctorum.</span> 
     </span>
    </p>
   </div>
   <div class='ocr_carea' id='block_1_7' title="bbox 227 3248 1680 3428">
    <p class='ocr_par' dir='ltr' id='par_1_15' title="bbox 227 3248 1680 3428">
     <span class='ocr_line' id='line_1_24' title="bbox 227 3248 1680 3428; baseline 0.008 -39"><span class='ocrx_word' id='word_1_201' title='bbox 227 3348 231 3355; x_wconf 92' lang='lat'><em>·</em></span> <span class='ocrx_word' id='word_1_202' title='bbox 328 3294 500 3426; x_wconf 70' lang='lat' dir='ltr'>Regula</span> <span class='ocrx_word' id='word_1_203' title='bbox 549 3292 623 3413; x_wconf 52' lang='lat'>1&#39;3·</span> <span class='ocrx_word' id='word_1_204' title='bbox 673 3284 846 3392; x_wconf 90' lang='lat' dir='ltr'>Potest</span> <span class='ocrx_word' id='word_1_205' title='bbox 892 3288 1264 3426; x_wconf 88' lang='lat' dir='ltr'>contemplatio</span> <span class='ocrx_word' id='word_1_206' title='bbox 1315 3291 1555 3428; x_wconf 73' lang='lat' dir='ltr'>acquisita</span> <span class='ocrx_word' id='word_1_207' title='bbox 1574 3248 1580 3256; x_wconf 85' lang='lat'><strong>.</strong></span> <span class='ocrx_word' id='word_1_208' title='bbox 1598 3294 1680 3401; x_wconf 89' lang='lat' dir='ltr'>ali·</span> 
     </span>
    </p>
   </div>
   <div class='ocr_carea' id='block_1_8' title="bbox 215 3427 1679 3713">
    <p class='ocr_par' dir='ltr' id='par_1_16' title="bbox 215 3427 1679 3713">
     <span class='ocr_line' id='line_1_25' title="bbox 215 3427 1679 3568; baseline 0.008 -34"><span class='ocrx_word' id='word_1_209' title='bbox 215 3429 436 3536; x_wconf 85' lang='lat' dir='ltr'>&#39;uando</span> <span class='ocrx_word' id='word_1_210' title='bbox 478 3428 570 3536; x_wconf 83' lang='lat' dir='ltr'>effe</span> <span class='ocrx_word' id='word_1_211' title='bbox 619 3453 733 3544; x_wconf 87' lang='lat' dir='ltr'>tam</span> <span class='ocrx_word' id='word_1_212' title='bbox 777 3427 1081 3551; x_wconf 88' lang='lat' dir='ltr'>vehemens,</span> <span class='ocrx_word' id='word_1_213' title='bbox 1132 3459 1193 3535; x_wconf 93' lang='lat' dir='ltr'>ut</span> <span class='ocrx_word' id='word_1_214' title='bbox 1235 3440 1345 3568; x_wconf 91' lang='lat' dir='ltr'>quis</span> <span class='ocrx_word' id='word_1_215' title='bbox 1387 3433 1679 3546; x_wconf 87' lang='lat' dir='ltr'>naturalem</span> 
     </span>
     <span class='ocr_line' id='line_1_26' title="bbox 223 3463 1679 3713; baseline 0.002 -27"><span class='ocrx_word' id='word_1_216' title='bbox 223 3463 447 3694; x_wconf 53' lang='lat' dir='ltr'>astasio,</span> <span class='ocrx_word' id='word_1_217' title='bbox 491 3577 575 3678; x_wconf 90' lang='lat' dir='ltr'>seu</span> <span class='ocrx_word' id='word_1_218' title='bbox 622 3572 981 3680; x_wconf 88' lang='lat' dir='ltr'>alienationem</span> <span class='ocrx_word' id='word_1_219' title='bbox 1017 3575 1046 3680; x_wconf 77' lang='lat' dir='ltr'>a</span> <span class='ocrx_word' id='word_1_220' title='bbox 1095 3570 1308 3680; x_wconf 83' lang='lat' dir='ltr'>scnfibus</span> <span class='ocrx_word' id='word_1_221' title='bbox 1350 3584 1578 3713; x_wconf 88' lang='lat' dir='ltr'>patiatur</span> <span class='ocrx_word' id='word_1_222' title='bbox 1607 3588 1679 3690; x_wconf 87' lang='lat' dir='ltr'>in</span> 
     </span>
    </p>
   </div>
   <div class='ocr_carea' id='block_1_9' title="bbox 212 3713 1679 4406">
    <p class='ocr_par' dir='ltr' id='par_1_17' title="bbox 212 3713 1679 4318">
     <span class='ocr_line' id='line_1_27' title="bbox 222 3713 1679 3852; baseline 0.003 -27"><span class='ocrx_word' id='word_1_223' title='bbox 222 3713 700 3852; x_wconf 72' lang='lat' dir='ltr'>contemplatione.</span> <span class='ocrx_word' id='word_1_224' title='bbox 754 3713 760 3718; x_wconf 42' lang='grc'><strong>’</strong></span> <span class='ocrx_word' id='word_1_225' title='bbox 785 3740 899 3827; x_wconf 87' lang='lat' dir='ltr'>Idem</span> <span class='ocrx_word' id='word_1_226' title='bbox 927 3720 1124 3849; x_wconf 58' lang='lat' dir='ltr'>Opuscs5.</span> <span class='ocrx_word' id='word_1_227' title='bbox 1148 3735 1189 3821; x_wconf 85' lang='lat' dir='ltr'><strong>C.</strong></span> <span class='ocrx_word' id='word_1_228' title='bbox 1211 3751 1249 3820; x_wconf 81' lang='lat'><strong>6.</strong></span> <span class='ocrx_word' id='word_1_229' title='bbox 1278 3731 1328 3821; x_wconf 90' lang='lat' dir='ltr'>lic</span> <span class='ocrx_word' id='word_1_230' title='bbox 1350 3737 1488 3823; x_wconf 79' lang='lat' dir='ltr'>habet:</span> <span class='ocrx_word' id='word_1_231' title='bbox 1509 3782 1515 3787; x_wconf 91' lang='lat'><em>·</em></span> <span class='ocrx_word' id='word_1_232' title='bbox 1535 3741 1679 3830; x_wconf 73' lang='lat' dir='ltr'>nuans</span> 
     </span>
     <span class='ocr_line' id='line_1_28' title="bbox 218 3847 1678 3994; baseline -0.001 -51"><span class='ocrx_word' id='word_1_233' title='bbox 218 3853 407 3970; x_wconf 75' lang='lat' dir='ltr'>significat</span> <span class='ocrx_word' id='word_1_234' title='bbox 426 3852 699 3941; x_wconf 87' lang='lat' dir='ltr'>alienationem</span> <span class='ocrx_word' id='word_1_235' title='bbox 722 3861 860 3942; x_wconf 86' lang='lat' dir='ltr'>mentis</span> <span class='ocrx_word' id='word_1_236' title='bbox 883 3847 1103 3982; x_wconf 77' lang='lat' dir='ltr'>isensrbus.</span> <span class='ocrx_word' id='word_1_237' title='bbox 1172 3853 1317 3983; x_wconf 73' lang='lat' dir='ltr'>Raptus</span> <span class='ocrx_word' id='word_1_238' title='bbox 1342 3879 1416 3965; x_wconf 90' lang='lat' dir='ltr'>pro</span> <span class='ocrx_word' id='word_1_239' title='bbox 1439 3850 1585 3994; x_wconf 75' lang='lat' dir='ltr'>eodem</span> <span class='ocrx_word' id='word_1_240' title='bbox 1613 3884 1678 3942; x_wconf 89' lang='lat' dir='ltr'>ac-</span> 
     </span>
     <span class='ocr_line' id='line_1_29' title="bbox 212 3960 1678 4173; baseline 0 -1"><span class='ocrx_word' id='word_1_241' title='bbox 212 3974 375 4172; x_wconf 55' lang='lat' dir='ltr'>·llim‘·</span> <span class='ocrx_word' id='word_1_242' title='bbox 430 3973 687 4173; x_wconf 57' lang='lat' dir='ltr'>sf‘llll‘l‘l</span> <span class='ocrx_word' id='word_1_243' title='bbox 711 3973 858 4168; x_wconf 56' lang='lat' dir='ltr'>ltu?</span> <span class='ocrx_word' id='word_1_244' title='bbox 884 3961 1142 4163; x_wconf 62' lang='lat' dir='ltr'>‘liqlllm</span> <span class='ocrx_word' id='word_1_245' title='bbox 1166 3960 1678 4172; x_wconf 56' lang='lat' dir='ltr'>&#39;&#39;nl‘ufutl‘lll‘</span> 
     </span>
     <span class='ocr_line' id='line_1_30' title="bbox 225 4106 1677 4318; baseline -0.022 -3"><span class='ocrx_word' id='word_1_246' title='bbox 225 4114 279 4316; x_wconf 57' lang='lat' dir='ltr'>lle.</span> <span class='ocrx_word' id='word_1_247' title='bbox 300 4114 425 4306; x_wconf 61' lang='lat' dir='ltr'>“lfullsl</span> <span class='ocrx_word' id='word_1_248' title='bbox 436 4115 669 4318; x_wconf 66' lang='lat' dir='ltr'>vlllquandn</span> <span class='ocrx_word' id='word_1_249' title='bbox 689 4109 894 4287; x_wconf 50' lang='lat' dir='ltr'>leudem</span> <span class='ocrx_word' id='word_1_250' title='bbox 916 4192 1106 4283; x_wconf 88' lang='lat' dir='ltr'>Videmus</span> <span class='ocrx_word' id='word_1_251' title='bbox 1117 4106 1237 4282; x_wconf 57' lang='lat' dir='ltr'>’edim</span> <span class='ocrx_word' id='word_1_252' title='bbox 1261 4191 1313 4285; x_wconf 83' lang='lat' dir='ltr'>fic</span> <span class='ocrx_word' id='word_1_253' title='bbox 1336 4112 1589 4286; x_wconf 66' lang='lat' dir='ltr'>alenatosln</span> <span class='ocrx_word' id='word_1_254' title='bbox 1622 4193 1677 4284; x_wconf 80' lang='lat' dir='ltr'>al·</span> 
     </span>
    </p>

    <p class='ocr_par' dir='ltr' id='par_1_18' title="bbox 319 4337 1673 4406">
     <span class='ocr_line' id='line_1_31' title="bbox 319 4337 1673 4406; baseline -0.007 9"><span class='ocrx_word' id='word_1_255' title='bbox 319 4376 323 4380; x_wconf 77' lang='grc'><strong>’</strong></span> <span class='ocrx_word' id='word_1_256' title='bbox 377 4392 381 4399; x_wconf 87' lang='lat'><strong>.</strong></span> <span class='ocrx_word' id='word_1_257' title='bbox 1588 4337 1673 4406; x_wconf 76' lang='lat' dir='ltr'>tun</span> 
     </span>
    </p>
   </div>
   <div class='ocr_carea' id='block_1_10' title="bbox 0 0 1905 4994">
    <p class='ocr_par' dir='ltr' id='par_1_19' title="bbox 0 0 1905 4994">
     <span class='ocr_line' id='line_1_32' title="bbox 0 0 1905 4994; baseline 0 0"><span class='ocrx_word' id='word_1_258' title='bbox 0 0 1905 4994; x_wconf 95' lang='lat' dir='ltr'> </span> 
     </span>
    </p>
   </div>
  </div>
 </body>
</html>
