<?xml version="1.0" encoding="UTF-8"?>
<!DOCTYPE html PUBLIC "-//W3C//DTD XHTML 1.0 Transitional//EN"
    "http://www.w3.org/TR/xhtml1/DTD/xhtml1-transitional.dtd">
<html xmlns="http://www.w3.org/1999/xhtml" xml:lang="en" lang="en">
 <head>
  <title>
</title>
<meta http-equiv="Content-Type" content="text/html;charset=utf-8" />
  <meta name='ocr-system' content='tesseract 3.04.00' />
  <meta name='ocr-capabilities' content='ocr_page ocr_carea ocr_par ocr_line ocrx_word'/>
</head>
<body>
  <div class='ocr_page' id='page_1' title='image "./derevelationibu00amorgoog_0418.png"; bbox 0 0 3796 4994; ppageno 0'>
   <div class='ocr_carea' id='block_1_1' title="bbox 204 261 1253 394">
    <p class='ocr_par' dir='ltr' id='par_1_1' title="bbox 204 261 1253 394">
     <span class='ocr_line' id='line_1_1' title="bbox 204 261 1253 394; baseline -0.017 -23"><span class='ocrx_word' id='word_1_1' title='bbox 204 300 305 394; x_wconf 80' lang='lat'>114</span> <span class='ocrx_word' id='word_1_2' title='bbox 584 265 891 361; x_wconf 77' lang='lat' dir='ltr'>Revelationes</span> <span class='ocrx_word' id='word_1_3' title='bbox 924 267 970 357; x_wconf 91' lang='lat' dir='ltr'>S.</span> <span class='ocrx_word' id='word_1_4' title='bbox 1010 261 1253 356; x_wconf 81' lang='lat' dir='ltr'>Gertrudir.</span> 
     </span>
    </p>
   </div>
   <div class='ocr_carea' id='block_1_2' title="bbox 176 458 1655 1259">
    <p class='ocr_par' dir='ltr' id='par_1_2' title="bbox 205 458 1650 577">
     <span class='ocr_line' id='line_1_2' title="bbox 205 458 1650 577; baseline -0.013 -20"><span class='ocrx_word' id='word_1_5' title='bbox 205 472 380 557; x_wconf 87' lang='lat' dir='ltr'>continet</span> <span class='ocrx_word' id='word_1_6' title='bbox 403 460 587 577; x_wconf 79' lang='lat' dir='ltr'>speciale,</span> <span class='ocrx_word' id='word_1_7' title='bbox 615 491 690 550; x_wconf 91' lang='lat' dir='ltr'>nec</span> <span class='ocrx_word' id='word_1_8' title='bbox 715 491 820 576; x_wconf 83' lang='lat' dir='ltr'>opor</span> <span class='ocrx_word' id='word_1_9' title='bbox 846 462 902 546; x_wconf 82' lang='lat' dir='ltr'>eii</span> <span class='ocrx_word' id='word_1_10' title='bbox 926 468 1165 569; x_wconf 80' lang='lat' dir='ltr'>juramento,</span> <span class='ocrx_word' id='word_1_11' title='bbox 1194 489 1283 545; x_wconf 88' lang='lat' dir='ltr'>cnm</span> <span class='ocrx_word' id='word_1_12' title='bbox 1308 458 1376 547; x_wconf 86' lang='lat' dir='ltr'>tali</span> <span class='ocrx_word' id='word_1_13' title='bbox 1406 466 1542 551; x_wconf 85' lang='lat' dir='ltr'>modo·</span> <span class='ocrx_word' id='word_1_14' title='bbox 1566 496 1650 558; x_wconf 61' lang='lat' dir='ltr'>eff.</span> 
     </span>
    </p>

    <p class='ocr_par' dir='ltr' id='par_1_3' title="bbox 204 573 1652 692">
     <span class='ocr_line' id='line_1_3' title="bbox 204 573 1652 692; baseline -0.006 -23"><span class='ocrx_word' id='word_1_15' title='bbox 204 582 337 669; x_wconf 70' lang='lat' dir='ltr'>tiffimi</span> <span class='ocrx_word' id='word_1_16' title='bbox 372 575 554 675; x_wconf 79' lang='lat' dir='ltr'>salvetur,</span> <span class='ocrx_word' id='word_1_17' title='bbox 595 580 665 690; x_wconf 87' lang='lat' dir='ltr'>qui</span> <span class='ocrx_word' id='word_1_18' title='bbox 704 573 875 688; x_wconf 79' lang='lat' dir='ltr'>seqnitur</span> <span class='ocrx_word' id='word_1_19' title='bbox 902 579 1051 659; x_wconf 88' lang='lat' dir='ltr'>monita</span> <span class='ocrx_word' id='word_1_20' title='bbox 1088 601 1313 684; x_wconf 82' lang='lat' dir='ltr'>parentum,</span> <span class='ocrx_word' id='word_1_21' title='bbox 1334 581 1524 685; x_wconf 77' lang='lat' dir='ltr'>parochi,</span> <span class='ocrx_word' id='word_1_22' title='bbox 1560 589 1652 692; x_wconf 83' lang='lat' dir='ltr'>pio·</span> 
     </span>
    </p>

    <p class='ocr_par' dir='ltr' id='par_1_4' title="bbox 204 685 1653 802">
     <span class='ocr_line' id='line_1_4' title="bbox 204 685 1653 802; baseline -0.002 -21"><span class='ocrx_word' id='word_1_23' title='bbox 204 724 291 781; x_wconf 85' lang='lat' dir='ltr'>runt</span> <span class='ocrx_word' id='word_1_24' title='bbox 320 698 397 776; x_wconf 77' lang='lat' dir='ltr'>&amp;n</span> <span class='ocrx_word' id='word_1_25' title='bbox 485 686 721 802; x_wconf 79' lang='lat' dir='ltr'>Responderi</span> <span class='ocrx_word' id='word_1_26' title='bbox 754 689 910 801; x_wconf 85' lang='lat' dir='ltr'>potest,</span> <span class='ocrx_word' id='word_1_27' title='bbox 938 685 1227 797; x_wconf 82' lang='lat' dir='ltr'>promiffionem</span> <span class='ocrx_word' id='word_1_28' title='bbox 1258 694 1387 799; x_wconf 80' lang='lat' dir='ltr'>gratia</span> <span class='ocrx_word' id='word_1_29' title='bbox 1421 688 1548 776; x_wconf 71' lang='lat' dir='ltr'>finalia</span> <span class='ocrx_word' id='word_1_30' title='bbox 1587 693 1653 780; x_wconf 83' lang='lat' dir='ltr'>hic</span> 
     </span>
    </p>

    <p class='ocr_par' dir='ltr' id='par_1_5' title="bbox 205 799 1653 915">
     <span class='ocr_line' id='line_1_5' title="bbox 205 799 1653 915; baseline -0.001 -23"><span class='ocrx_word' id='word_1_31' title='bbox 205 807 289 892; x_wconf 82' lang='lat' dir='ltr'>heri</span> <span class='ocrx_word' id='word_1_32' title='bbox 315 807 369 888; x_wconf 85' lang='lat' dir='ltr'>ad</span> <span class='ocrx_word' id='word_1_33' title='bbox 393 800 594 915; x_wconf 76' lang='lat' dir='ltr'>personas,</span> <span class='ocrx_word' id='word_1_34' title='bbox 622 830 710 915; x_wconf 80' lang='lat' dir='ltr'>qnae</span> <span class='ocrx_word' id='word_1_35' title='bbox 736 801 994 914; x_wconf 83' lang='lat' dir='ltr'>sequebantur</span> <span class='ocrx_word' id='word_1_36' title='bbox 1020 799 1272 884; x_wconf 74' lang='lat' dir='ltr'>directionem</span> <span class='ocrx_word' id='word_1_37' title='bbox 1298 804 1339 883; x_wconf 83' lang='lat' dir='ltr'>S.</span> <span class='ocrx_word' id='word_1_38' title='bbox 1367 805 1579 889; x_wconf 85' lang='lat' dir='ltr'>Gertrndit</span> <span class='ocrx_word' id='word_1_39' title='bbox 1597 814 1653 890; x_wconf 85' lang='lat' dir='ltr'>vi·</span> 
     </span>
    </p>

    <p class='ocr_par' dir='ltr' id='par_1_6' title="bbox 209 910 1654 1031">
     <span class='ocr_line' id='line_1_6' title="bbox 209 910 1654 1031; baseline -0.001 -26"><span class='ocrx_word' id='word_1_40' title='bbox 209 928 348 1014; x_wconf 81' lang='lat' dir='ltr'>ventis,</span> <span class='ocrx_word' id='word_1_41' title='bbox 370 922 434 1014; x_wconf 87' lang='lat' dir='ltr'>ita,</span> <span class='ocrx_word' id='word_1_42' title='bbox 454 941 496 1000; x_wconf 91' lang='lat' dir='ltr'>ut</span> <span class='ocrx_word' id='word_1_43' title='bbox 514 915 540 999; x_wconf 80' lang='lat' dir='ltr'>st</span> <span class='ocrx_word' id='word_1_44' title='bbox 558 918 841 1026; x_wconf 69' lang='lat' dir='ltr'>perseverarent</span> <span class='ocrx_word' id='word_1_45' title='bbox 857 919 897 996; x_wconf 88' lang='lat' dir='ltr'>in</span> <span class='ocrx_word' id='word_1_46' title='bbox 920 938 967 995; x_wconf 88' lang='lat' dir='ltr'>ea</span> <span class='ocrx_word' id='word_1_47' title='bbox 995 910 1210 996; x_wconf 73' lang='lat' dir='ltr'>direciione</span> <span class='ocrx_word' id='word_1_48' title='bbox 1236 913 1344 995; x_wconf 91' lang='lat' dir='ltr'>bona</span> <span class='ocrx_word' id='word_1_49' title='bbox 1364 939 1500 999; x_wconf 85' lang='lat' dir='ltr'>mente</span> <span class='ocrx_word' id='word_1_50' title='bbox 1524 945 1654 1031; x_wconf 84' lang='lat' dir='ltr'>usqne</span> 
     </span>
    </p>

    <p class='ocr_par' dir='ltr' id='par_1_7' title="bbox 176 1021 1655 1259">
     <span class='ocr_line' id='line_1_7' title="bbox 210 1021 1655 1137; baseline 0 -19"><span class='ocrx_word' id='word_1_51' title='bbox 210 1034 263 1119; x_wconf 84' lang='lat' dir='ltr'>ad</span> <span class='ocrx_word' id='word_1_52' title='bbox 283 1025 482 1116; x_wconf 84' lang='lat' dir='ltr'>articulum</span> <span class='ocrx_word' id='word_1_53' title='bbox 504 1034 655 1124; x_wconf 80' lang='lat' dir='ltr'>mortis,</span> <span class='ocrx_word' id='word_1_54' title='bbox 675 1032 719 1117; x_wconf 89' lang='lat' dir='ltr'>in</span> <span class='ocrx_word' id='word_1_55' title='bbox 742 1023 815 1111; x_wconf 85' lang='lat' dir='ltr'>iilo</span> <span class='ocrx_word' id='word_1_56' title='bbox 845 1050 1022 1137; x_wconf 81' lang='lat' dir='ltr'>extremo</span> <span class='ocrx_word' id='word_1_57' title='bbox 1048 1021 1260 1111; x_wconf 74' lang='lat' dir='ltr'>discrimine</span> <span class='ocrx_word' id='word_1_58' title='bbox 1286 1030 1326 1108; x_wconf 80' lang='grc' dir='ltr'>δι</span> <span class='ocrx_word' id='word_1_59' title='bbox 1356 1038 1655 1118; x_wconf 75' lang='lat' dir='ltr'>concertatione</span> 
     </span>
     <span class='ocr_line' id='line_1_8' title="bbox 176 1136 1070 1259; baseline -0.013 -26"><span class='ocrx_word' id='word_1_60' title='bbox 176 1178 184 1193; x_wconf 88' lang='lat'><strong>·</strong></span> <span class='ocrx_word' id='word_1_61' title='bbox 208 1173 293 1232; x_wconf 81' lang='lat' dir='ltr'>aon</span> <span class='ocrx_word' id='word_1_62' title='bbox 307 1146 618 1259; x_wconf 84' lang='lat' dir='ltr'>permitterentur</span> <span class='ocrx_word' id='word_1_63' title='bbox 633 1140 799 1256; x_wconf 75' lang='lat' dir='ltr'>inperari</span> <span class='ocrx_word' id='word_1_64' title='bbox 820 1137 848 1229; x_wconf 76' lang='lat' dir='ltr'>i</span> <span class='ocrx_word' id='word_1_65' title='bbox 866 1136 1070 1223; x_wconf 69' lang='lat' dir='ltr'>demone.</span> 
     </span>
    </p>
   </div>
   <div class='ocr_carea' id='block_1_3' title="bbox 138 1362 1657 2942">
    <p class='ocr_par' dir='ltr' id='par_1_8' title="bbox 207 1362 1657 2161">
     <span class='ocr_line' id='line_1_9' title="bbox 292 1362 1657 1480; baseline 0.004 -27"><span class='ocrx_word' id='word_1_66' title='bbox 292 1367 422 1453; x_wconf 75' lang='lat' dir='ltr'>‘m</span> <span class='ocrx_word' id='word_1_67' title='bbox 477 1369 522 1453; x_wconf 77' lang='grc' dir='ltr'>Ι.</span> <span class='ocrx_word' id='word_1_68' title='bbox 551 1398 591 1468; x_wconf 84' lang='grc'>4.</span> <span class='ocrx_word' id='word_1_69' title='bbox 622 1367 675 1450; x_wconf 86' lang='lat' dir='ltr'>C.</span> <span class='ocrx_word' id='word_1_70' title='bbox 701 1395 770 1451; x_wconf 83' lang='lat' dir='ltr'>aa.</span> <span class='ocrx_word' id='word_1_71' title='bbox 828 1365 1000 1450; x_wconf 78' lang='lat' dir='ltr'>christus</span> <span class='ocrx_word' id='word_1_72' title='bbox 1028 1363 1079 1447; x_wconf 84' lang='lat' dir='ltr'>ad</span> <span class='ocrx_word' id='word_1_73' title='bbox 1104 1362 1145 1449; x_wconf 85' lang='lat' dir='ltr'>S.</span> <span class='ocrx_word' id='word_1_74' title='bbox 1175 1365 1409 1450; x_wconf 85' lang='lat' dir='ltr'>Gertrudem</span> <span class='ocrx_word' id='word_1_75' title='bbox 1437 1373 1512 1454; x_wconf 83' lang='lat' dir='ltr'>ait:</span> <span class='ocrx_word' id='word_1_76' title='bbox 1556 1378 1657 1480; x_wconf 88' lang='lat' dir='ltr'>Qui·</span> 
     </span>
     <span class='ocr_line' id='line_1_10' title="bbox 207 1471 1654 1685; baseline 0.001 -3"><span class='ocrx_word' id='word_1_77' title='bbox 207 1505 525 1683; x_wconf 52' lang='lat' dir='ltr'>niam?</span> <span class='ocrx_word' id='word_1_78' title='bbox 538 1477 803 1677; x_wconf 42' lang='lat' dir='ltr'>hiabat,</span> <span class='ocrx_word' id='word_1_79' title='bbox 818 1471 1304 1679; x_wconf 49' lang='lat' dir='ltr'>{mimi-¹</span> <span class='ocrx_word' id='word_1_80' title='bbox 1318 1478 1654 1685; x_wconf 61' lang='lat' dir='ltr'>“fficffl²‘²33{</span> 
     </span>
     <span class='ocr_line' id='line_1_11' title="bbox 210 1621 1655 1816; baseline 0.001 -22"><span class='ocrx_word' id='word_1_81' title='bbox 210 1709 423 1809; x_wconf 73' lang='lat' dir='ltr'>intudem</span> <span class='ocrx_word' id='word_1_82' title='bbox 452 1701 522 1790; x_wconf 87' lang='lat' dir='ltr'>illo</span> <span class='ocrx_word' id='word_1_83' title='bbox 553 1621 749 1802; x_wconf 50' lang='lat' dir='ltr'>hstric&#39;off</span> <span class='ocrx_word' id='word_1_84' title='bbox 774 1731 860 1816; x_wconf 88' lang='lat' dir='ltr'>quo</span> <span class='ocrx_word' id='word_1_85' title='bbox 883 1705 1077 1801; x_wconf 74' lang='lat' dir='ltr'>junone</span> <span class='ocrx_word' id='word_1_86' title='bbox 1093 1646 1323 1810; x_wconf 60' lang='lat' dir='ltr'>judicando}</span> <span class='ocrx_word' id='word_1_87' title='bbox 1345 1625 1655 1798; x_wconf 53' lang='lat' dir='ltr'>accri‘ateicgtnibrrt</span> 
     </span>
     <span class='ocr_line' id='line_1_12' title="bbox 210 1811 1655 1935; baseline 0.004 -30"><span class='ocrx_word' id='word_1_88' title='bbox 210 1824 445 1927; x_wconf 64' lang='lat' dir='ltr'>‚doemonum</span> <span class='ocrx_word' id='word_1_89' title='bbox 472 1818 789 1929; x_wconf 77' lang='lat' dir='ltr'>pregravabitut,</span> <span class='ocrx_word' id='word_1_90' title='bbox 817 1814 955 1901; x_wconf 88' lang='lat' dir='ltr'>eadem</span> <span class='ocrx_word' id='word_1_91' title='bbox 982 1811 1196 1900; x_wconf 70' lang='lat' dir='ltr'>blandiore</span> <span class='ocrx_word' id='word_1_92' title='bbox 1229 1817 1450 1918; x_wconf 82' lang='lat' dir='ltr'>exhibebo,</span> <span class='ocrx_word' id='word_1_93' title='bbox 1478 1851 1570 1935; x_wconf 85' lang='lat' dir='ltr'>qua</span> <span class='ocrx_word' id='word_1_94' title='bbox 1590 1853 1655 1911; x_wconf 87' lang='lat' dir='ltr'>me</span> 
     </span>
     <span class='ocr_line' id='line_1_13' title="bbox 212 1924 1653 2038; baseline 0.001 -17"><span class='ocrx_word' id='word_1_95' title='bbox 212 1934 344 2021; x_wconf 85' lang='lat' dir='ltr'>modo</span> <span class='ocrx_word' id='word_1_96' title='bbox 366 1934 523 2016; x_wconf 84' lang='lat' dir='ltr'>exhibui</span> <span class='ocrx_word' id='word_1_97' title='bbox 543 1935 628 2027; x_wconf 85' lang='lat' dir='ltr'>tibi,</span> <span class='ocrx_word' id='word_1_98' title='bbox 656 1935 694 2015; x_wconf 80' lang='lat' dir='ltr'>de</span> <span class='ocrx_word' id='word_1_99' title='bbox 724 1928 872 2014; x_wconf 87' lang='lat' dir='ltr'>eisdem</span> <span class='ocrx_word' id='word_1_100' title='bbox 902 1929 1027 2013; x_wconf 82' lang='lat' dir='ltr'>verbis</span> <span class='ocrx_word' id='word_1_101' title='bbox 1061 1924 1182 2038; x_wconf 86' lang='lat' dir='ltr'>ipsum</span> <span class='ocrx_word' id='word_1_102' title='bbox 1208 1926 1463 2032; x_wconf 85' lang='lat' dir='ltr'>consolabor,</span> <span class='ocrx_word' id='word_1_103' title='bbox 1495 1940 1653 2023; x_wconf 82' lang='lat' dir='ltr'>dicens:</span> 
     </span>
     <span class='ocr_line' id='line_1_14' title="bbox 210 2043 1654 2161; baseline -0.009 -31"><span class='ocrx_word' id='word_1_104' title='bbox 210 2050 299 2161; x_wconf 82' lang='lat' dir='ltr'>Ego</span> <span class='ocrx_word' id='word_1_105' title='bbox 333 2070 495 2140; x_wconf 88' lang='lat' dir='ltr'>creator,</span> <span class='ocrx_word' id='word_1_106' title='bbox 517 2043 755 2155; x_wconf 85' lang='lat' dir='ltr'>redemptor,</span> <span class='ocrx_word' id='word_1_107' title='bbox 777 2048 815 2125; x_wconf 78' lang='grc' dir='ltr'>δι</span> <span class='ocrx_word' id='word_1_108' title='bbox 844 2068 995 2127; x_wconf 89' lang='lat' dir='ltr'>amator</span> <span class='ocrx_word' id='word_1_109' title='bbox 1017 2067 1105 2126; x_wconf 89' lang='lat' dir='ltr'>tuus</span> <span class='ocrx_word' id='word_1_110' title='bbox 1134 2069 1203 2152; x_wconf 87' lang='lat' dir='ltr'>per</span> <span class='ocrx_word' id='word_1_111' title='bbox 1231 2045 1420 2154; x_wconf 84' lang='lat' dir='ltr'>angustias</span> <span class='ocrx_word' id='word_1_112' title='bbox 1446 2056 1588 2135; x_wconf 87' lang='lat' dir='ltr'>mortis</span> <span class='ocrx_word' id='word_1_113' title='bbox 1615 2077 1654 2136; x_wconf 85' lang='lat' dir='ltr'>a.</span> 
     </span>
    </p>

    <p class='ocr_par' dir='ltr' id='par_1_9' title="bbox 138 2149 1657 2942">
     <span class='ocr_line' id='line_1_15' title="bbox 138 2149 1655 2275; baseline 0.012 -43"><span class='ocrx_word' id='word_1_114' title='bbox 138 2223 145 2232; x_wconf 86' lang='lat'>.</span> <span class='ocrx_word' id='word_1_115' title='bbox 211 2157 350 2275; x_wconf 80' lang='lat' dir='ltr'>quisivi</span> <span class='ocrx_word' id='word_1_116' title='bbox 376 2182 430 2242; x_wconf 91' lang='lat' dir='ltr'>te.</span> <span class='ocrx_word' id='word_1_117' title='bbox 515 2157 632 2241; x_wconf 88' lang='lat' dir='ltr'>Unde</span> <span class='ocrx_word' id='word_1_118' title='bbox 660 2155 688 2240; x_wconf 83' lang='lat' dir='ltr'>st</span> <span class='ocrx_word' id='word_1_119' title='bbox 716 2182 821 2239; x_wconf 88' lang='lat' dir='ltr'>nunc</span> <span class='ocrx_word' id='word_1_120' title='bbox 850 2155 902 2241; x_wconf 91' lang='lat' dir='ltr'>ad</span> <span class='ocrx_word' id='word_1_121' title='bbox 926 2149 991 2239; x_wconf 84' lang='lat' dir='ltr'>illa</span> <span class='ocrx_word' id='word_1_122' title='bbox 1015 2153 1133 2239; x_wconf 86' lang='lat' dir='ltr'>verba</span> <span class='ocrx_word' id='word_1_123' title='bbox 1151 2156 1280 2238; x_wconf 72' lang='lat' dir='ltr'>Sancti</span> <span class='ocrx_word' id='word_1_124' title='bbox 1300 2161 1339 2237; x_wconf 86' lang='lat' dir='ltr'>in</span> <span class='ocrx_word' id='word_1_125' title='bbox 1361 2154 1467 2243; x_wconf 82' lang='lat' dir='ltr'>coelo</span> <span class='ocrx_word' id='word_1_126' title='bbox 1498 2159 1552 2246; x_wconf 82' lang='lat' dir='ltr'>fic</span> <span class='ocrx_word' id='word_1_127' title='bbox 1571 2159 1655 2249; x_wconf 81' lang='lat' dir='ltr'>sunt</span> 
     </span>
     <span class='ocr_line' id='line_1_16' title="bbox 212 2262 1653 2384; baseline 0.005 -27"><span class='ocrx_word' id='word_1_128' title='bbox 212 2272 404 2365; x_wconf 86' lang='lat' dir='ltr'>admirati,</span> <span class='ocrx_word' id='word_1_129' title='bbox 418 2293 565 2384; x_wconf 88' lang='lat' dir='ltr'>quanto</span> <span class='ocrx_word' id='word_1_130' title='bbox 591 2272 711 2382; x_wconf 83' lang='lat' dir='ltr'>magis</span> <span class='ocrx_word' id='word_1_131' title='bbox 731 2293 842 2379; x_wconf 84' lang='lat' dir='ltr'>putat</span> <span class='ocrx_word' id='word_1_132' title='bbox 857 2262 1122 2379; x_wconf 84' lang='lat' dir='ltr'>obstupescent</span> <span class='ocrx_word' id='word_1_133' title='bbox 1146 2272 1185 2348; x_wconf 75' lang='grc' dir='ltr'>ὰ</span> <span class='ocrx_word' id='word_1_134' title='bbox 1202 2271 1321 2351; x_wconf 80' lang='lat' dir='ltr'>territi</span> <span class='ocrx_word' id='word_1_135' title='bbox 1340 2265 1492 2383; x_wconf 83' lang='lat' dir='ltr'>fugient</span> <span class='ocrx_word' id='word_1_136' title='bbox 1514 2301 1653 2363; x_wconf 82' lang='lat' dir='ltr'>onmes</span> 
     </span>
     <span class='ocr_line' id='line_1_17' title="bbox 212 2377 1655 2500; baseline 0.004 -31"><span class='ocrx_word' id='word_1_137' title='bbox 212 2379 413 2469; x_wconf 82' lang='lat' dir='ltr'>adversarii</span> <span class='ocrx_word' id='word_1_138' title='bbox 441 2386 574 2466; x_wconf 84' lang='lat' dir='ltr'>anima</span> <span class='ocrx_word' id='word_1_139' title='bbox 600 2379 730 2466; x_wconf 73' lang='lat' dir='ltr'>iliius?</span> <span class='ocrx_word' id='word_1_140' title='bbox 764 2388 888 2465; x_wconf 86' lang='lat' dir='ltr'>Porro</span> <span class='ocrx_word' id='word_1_141' title='bbox 906 2377 1079 2465; x_wconf 84' lang='lat' dir='ltr'>salutatio</span> <span class='ocrx_word' id='word_1_142' title='bbox 1096 2382 1135 2464; x_wconf 88' lang='lat' dir='ltr'>S.</span> <span class='ocrx_word' id='word_1_143' title='bbox 1152 2380 1381 2479; x_wconf 87' lang='lat' dir='ltr'>Gertrudis,</span> <span class='ocrx_word' id='word_1_144' title='bbox 1407 2383 1460 2467; x_wconf 89' lang='lat' dir='ltr'>de</span> <span class='ocrx_word' id='word_1_145' title='bbox 1482 2414 1564 2500; x_wconf 89' lang='lat' dir='ltr'>qua</span> <span class='ocrx_word' id='word_1_146' title='bbox 1589 2387 1655 2474; x_wconf 87' lang='lat' dir='ltr'>hic</span> 
     </span>
     <span class='ocr_line' id='line_1_18' title="bbox 212 2490 1657 2607; baseline 0.001 -25"><span class='ocrx_word' id='word_1_147' title='bbox 212 2494 339 2582; x_wconf 89' lang='lat' dir='ltr'>sermo</span> <span class='ocrx_word' id='word_1_148' title='bbox 363 2496 429 2593; x_wconf 86' lang='lat' dir='ltr'>est,</span> <span class='ocrx_word' id='word_1_149' title='bbox 450 2522 530 2577; x_wconf 88' lang='lat' dir='ltr'>erat</span> <span class='ocrx_word' id='word_1_150' title='bbox 547 2499 630 2579; x_wconf 89' lang='lat' dir='ltr'>ista:</span> <span class='ocrx_word' id='word_1_151' title='bbox 658 2495 746 2578; x_wconf 84' lang='lat' dir='ltr'>Ave</span> <span class='ocrx_word' id='word_1_152' title='bbox 765 2492 958 2577; x_wconf 86' lang='lat' dir='ltr'>vivificans</span> <span class='ocrx_word' id='word_1_153' title='bbox 977 2519 1130 2605; x_wconf 84' lang='lat' dir='ltr'>gemma</span> <span class='ocrx_word' id='word_1_154' title='bbox 1148 2494 1285 2576; x_wconf 85' lang='lat' dir='ltr'>divinae</span> <span class='ocrx_word' id='word_1_155' title='bbox 1305 2490 1540 2589; x_wconf 74' lang='lat' dir='ltr'>nobilitatisr</span> <span class='ocrx_word' id='word_1_156' title='bbox 1567 2504 1657 2607; x_wconf 82' lang='lat' dir='ltr'>Ave</span> 
     </span>
     <span class='ocr_line' id='line_1_19' title="bbox 212 2604 1657 2717; baseline 0 -23"><span class='ocrx_word' id='word_1_157' title='bbox 212 2604 529 2695; x_wconf 74' lang='lat' dir='ltr'>immarcescibilis</span> <span class='ocrx_word' id='word_1_158' title='bbox 553 2613 625 2690; x_wconf 84' lang='lat' dir='ltr'>flos</span> <span class='ocrx_word' id='word_1_159' title='bbox 643 2610 820 2691; x_wconf 82' lang='lat' dir='ltr'>humana</span> <span class='ocrx_word' id='word_1_160' title='bbox 846 2609 1037 2717; x_wconf 85' lang='lat' dir='ltr'>dignitatis</span> <span class='ocrx_word' id='word_1_161' title='bbox 1062 2605 1305 2688; x_wconf 87' lang='lat' dir='ltr'>amantiffime</span> <span class='ocrx_word' id='word_1_162' title='bbox 1325 2610 1473 2708; x_wconf 76' lang='lat' dir='ltr'>Jfisu;</span> <span class='ocrx_word' id='word_1_163' title='bbox 1503 2636 1548 2698; x_wconf 90' lang='lat' dir='ltr'>tu</span> <span class='ocrx_word' id='word_1_164' title='bbox 1570 2644 1657 2701; x_wconf 78' lang='lat' dir='ltr'>mea</span> 
     </span>
     <span class='ocr_line' id='line_1_20' title="bbox 210 2713 1653 2835; baseline 0.003 -30"><span class='ocrx_word' id='word_1_165' title='bbox 210 2717 356 2805; x_wconf 86' lang='lat' dir='ltr'>summa</span> <span class='ocrx_word' id='word_1_166' title='bbox 380 2726 421 2802; x_wconf 79' lang='grc' dir='ltr'>δι</span> <span class='ocrx_word' id='word_1_167' title='bbox 444 2728 555 2805; x_wconf 85' lang='lat' dir='ltr'>unica</span> <span class='ocrx_word' id='word_1_168' title='bbox 571 2714 680 2805; x_wconf 74' lang='lat' dir='ltr'>sniis.</span> <span class='ocrx_word' id='word_1_169' title='bbox 763 2718 840 2802; x_wconf 86' lang='lat' dir='ltr'>Hic</span> <span class='ocrx_word' id='word_1_170' title='bbox 871 2717 951 2803; x_wconf 83' lang='lat' dir='ltr'>fine</span> <span class='ocrx_word' id='word_1_171' title='bbox 972 2718 1096 2801; x_wconf 89' lang='lat' dir='ltr'>dubio</span> <span class='ocrx_word' id='word_1_172' title='bbox 1119 2723 1257 2801; x_wconf 86' lang='lat' dir='ltr'>iterum</span> <span class='ocrx_word' id='word_1_173' title='bbox 1284 2713 1602 2835; x_wconf 74' lang='lat' dir='ltr'>intelligendum,</span> <span class='ocrx_word' id='word_1_174' title='bbox 1626 2730 1653 2814; x_wconf 82' lang='lat' dir='ltr'>fi</span> 
     </span>
     <span class='ocr_line' id='line_1_21' title="bbox 213 2827 1657 2942; baseline 0.006 -23"><span class='ocrx_word' id='word_1_175' title='bbox 213 2834 315 2919; x_wconf 87' lang='lat' dir='ltr'>hanc</span> <span class='ocrx_word' id='word_1_176' title='bbox 330 2827 596 2917; x_wconf 73' lang='lat' dir='ltr'>salutationem</span> <span class='ocrx_word' id='word_1_177' title='bbox 610 2834 743 2917; x_wconf 79' lang='lat' dir='ltr'>dicens</span> <span class='ocrx_word' id='word_1_178' title='bbox 765 2833 940 2915; x_wconf 86' lang='lat' dir='ltr'>hahuerit</span> <span class='ocrx_word' id='word_1_179' title='bbox 960 2856 1087 2942; x_wconf 82' lang='lat' dir='ltr'>usqne</span> <span class='ocrx_word' id='word_1_180' title='bbox 1109 2830 1160 2912; x_wconf 92' lang='lat' dir='ltr'>ad</span> <span class='ocrx_word' id='word_1_181' title='bbox 1179 2856 1344 2914; x_wconf 84' lang='lat' dir='ltr'>mortem</span> <span class='ocrx_word' id='word_1_182' title='bbox 1367 2837 1540 2924; x_wconf 83' lang='lat' dir='ltr'>eandem</span> <span class='ocrx_word' id='word_1_183' title='bbox 1564 2839 1657 2928; x_wconf 84' lang='lat' dir='ltr'>affe·</span> 
     </span>
    </p>
   </div>
   <div class='ocr_carea' id='block_1_4' title="bbox 179 2941 1660 3181">
    <p class='ocr_par' dir='ltr' id='par_1_10' title="bbox 179 2941 1660 3181">
     <span class='ocr_line' id='line_1_22' title="bbox 179 2941 1660 3075; baseline 0.001 -43"><span class='ocrx_word' id='word_1_184' title='bbox 179 3047 184 3057; x_wconf 20' lang='lat'>⁸</span> <span class='ocrx_word' id='word_1_185' title='bbox 213 2950 385 3032; x_wconf 72' lang='lat' dir='ltr'>cionem</span> <span class='ocrx_word' id='word_1_186' title='bbox 407 2948 522 3030; x_wconf 89' lang='lat' dir='ltr'>animi</span> <span class='ocrx_word' id='word_1_187' title='bbox 542 2948 658 3029; x_wconf 86' lang='lat' dir='ltr'>etiam</span> <span class='ocrx_word' id='word_1_188' title='bbox 682 2951 871 3031; x_wconf 83' lang='lat' dir='ltr'>internam</span> <span class='ocrx_word' id='word_1_189' title='bbox 894 2941 1163 3028; x_wconf 73' lang='lat' dir='ltr'>conscientiam</span> <span class='ocrx_word' id='word_1_190' title='bbox 1185 2945 1504 3075; x_wconf 64' lang='lat' dir='ltr'>becheritarum,</span> <span class='ocrx_word' id='word_1_191' title='bbox 1540 2982 1660 3070; x_wconf 78' lang='lat' dir='ltr'>qnam</span> 
     </span>
     <span class='ocr_line' id='line_1_23' title="bbox 214 3058 666 3181; baseline -0.004 -34"><span class='ocrx_word' id='word_1_192' title='bbox 214 3060 352 3147; x_wconf 77' lang='lat' dir='ltr'>habnt</span> <span class='ocrx_word' id='word_1_193' title='bbox 372 3060 414 3146; x_wconf 78' lang='lat' dir='ltr'>S.</span> <span class='ocrx_word' id='word_1_194' title='bbox 438 3058 666 3181; x_wconf 81' lang='lat' dir='ltr'>Gertrudes.</span> 
     </span>
    </p>
   </div>
   <div class='ocr_carea' id='block_1_5' title="bbox 207 3278 1710 4200">
    <p class='ocr_par' dir='ltr' id='par_1_11' title="bbox 331 3278 1658 3386">
     <span class='ocr_line' id='line_1_24' title="bbox 331 3278 1658 3386; baseline 0.005 -13"><span class='ocrx_word' id='word_1_195' title='bbox 331 3290 416 3373; x_wconf 75' lang='lat' dir='ltr'>tot</span> <span class='ocrx_word' id='word_1_196' title='bbox 470 3288 513 3371; x_wconf 64' lang='lat' dir='ltr'>[a</span> <span class='ocrx_word' id='word_1_197' title='bbox 542 3312 582 3386; x_wconf 69' lang='lat'><em>4</em></span> <span class='ocrx_word' id='word_1_198' title='bbox 607 3285 659 3369; x_wconf 88' lang='lat' dir='ltr'>C.</span> <span class='ocrx_word' id='word_1_199' title='bbox 690 3309 757 3385; x_wconf 71' lang='grc' dir='ltr'>ις.</span> <span class='ocrx_word' id='word_1_200' title='bbox 791 3282 1071 3370; x_wconf 65' lang='lat' dir='ltr'>acetruda</span> <span class='ocrx_word' id='word_1_201' title='bbox 1093 3285 1133 3366; x_wconf 90' lang='lat' dir='ltr'>in</span> <span class='ocrx_word' id='word_1_202' title='bbox 1153 3278 1452 3373; x_wconf 87' lang='lat' dir='ltr'>diePaltnarnm</span> <span class='ocrx_word' id='word_1_203' title='bbox 1471 3292 1526 3377; x_wconf 88' lang='lat' dir='ltr'>ad</span> <span class='ocrx_word' id='word_1_204' title='bbox 1545 3297 1658 3384; x_wconf 88' lang='lat' dir='ltr'>Chri·</span> 
     </span>
    </p>

    <p class='ocr_par' dir='ltr' id='par_1_12' title="bbox 217 3394 1661 3510">
     <span class='ocr_line' id='line_1_25' title="bbox 217 3394 1661 3510; baseline 0.006 -23"><span class='ocrx_word' id='word_1_205' title='bbox 217 3401 315 3488; x_wconf 79' lang='lat' dir='ltr'>num</span> <span class='ocrx_word' id='word_1_206' title='bbox 335 3406 411 3484; x_wconf 80' lang='lat' dir='ltr'>aitt</span> <span class='ocrx_word' id='word_1_207' title='bbox 451 3400 568 3482; x_wconf 91' lang='lat' dir='ltr'>Doce</span> <span class='ocrx_word' id='word_1_208' title='bbox 584 3421 671 3494; x_wconf 86' lang='lat' dir='ltr'>me,</span> <span class='ocrx_word' id='word_1_209' title='bbox 701 3397 911 3510; x_wconf 84' lang='lat' dir='ltr'>quomodo</span> <span class='ocrx_word' id='word_1_210' title='bbox 935 3394 1071 3506; x_wconf 82' lang='lat' dir='ltr'>poffim</span> <span class='ocrx_word' id='word_1_211' title='bbox 1100 3395 1173 3479; x_wconf 87' lang='lat' dir='ltr'>tibi</span> <span class='ocrx_word' id='word_1_212' title='bbox 1200 3397 1325 3481; x_wconf 89' lang='lat' dir='ltr'>hodie</span> <span class='ocrx_word' id='word_1_213' title='bbox 1356 3401 1551 3507; x_wconf 79' lang='lat' dir='ltr'>obviare?</span> <span class='ocrx_word' id='word_1_214' title='bbox 1588 3412 1661 3494; x_wconf 89' lang='lat' dir='ltr'>Re·</span> 
     </span>
    </p>

    <p class='ocr_par' dir='ltr' id='par_1_13' title="bbox 217 3508 1658 3627">
     <span class='ocr_line' id='line_1_26' title="bbox 217 3508 1658 3627; baseline 0.008 -31"><span class='ocrx_word' id='word_1_215' title='bbox 217 3509 373 3627; x_wconf 81' lang='lat' dir='ltr'>spondit</span> <span class='ocrx_word' id='word_1_216' title='bbox 397 3513 602 3595; x_wconf 80' lang='lat' dir='ltr'>Dominus.</span> <span class='ocrx_word' id='word_1_217' title='bbox 687 3508 819 3595; x_wconf 83' lang='lat' dir='ltr'>Primb</span> <span class='ocrx_word' id='word_1_218' title='bbox 838 3509 981 3593; x_wconf 81' lang='lat' dir='ltr'>exhibe</span> <span class='ocrx_word' id='word_1_219' title='bbox 998 3510 1093 3592; x_wconf 88' lang='lat' dir='ltr'>mihi</span> <span class='ocrx_word' id='word_1_220' title='bbox 1112 3517 1326 3612; x_wconf 84' lang='lat' dir='ltr'>jumentum</span> <span class='ocrx_word' id='word_1_221' title='bbox 1353 3518 1394 3595; x_wconf 88' lang='lat' dir='ltr'>in</span> <span class='ocrx_word' id='word_1_222' title='bbox 1422 3526 1658 3606; x_wconf 85' lang='lat' dir='ltr'>contritione</span> 
     </span>
    </p>

    <p class='ocr_par' dir='ltr' id='par_1_14' title="bbox 218 3616 1657 3736">
     <span class='ocr_line' id='line_1_27' title="bbox 218 3616 1657 3736; baseline 0.006 -25"><span class='ocrx_word' id='word_1_223' title='bbox 218 3627 346 3711; x_wconf 87' lang='lat' dir='ltr'>cordis</span> <span class='ocrx_word' id='word_1_224' title='bbox 367 3618 607 3721; x_wconf 76' lang='lat' dir='ltr'>confitendo,</span> <span class='ocrx_word' id='word_1_225' title='bbox 620 3623 748 3736; x_wconf 76' lang='lat' dir='ltr'>&#39;quod</span> <span class='ocrx_word' id='word_1_226' title='bbox 768 3616 899 3733; x_wconf 79' lang='lat' dir='ltr'>sapius</span> <span class='ocrx_word' id='word_1_227' title='bbox 920 3623 1115 3734; x_wconf 76' lang='lat' dir='ltr'>neglexisti</span> <span class='ocrx_word' id='word_1_228' title='bbox 1140 3616 1248 3736; x_wconf 79' lang='lat' dir='ltr'>sequi</span> <span class='ocrx_word' id='word_1_229' title='bbox 1270 3629 1464 3711; x_wconf 85' lang='lat' dir='ltr'>tationem</span> <span class='ocrx_word' id='word_1_230' title='bbox 1484 3636 1562 3716; x_wconf 74' lang='lat' dir='ltr'>&amp;n</span> <span class='ocrx_word' id='word_1_231' title='bbox 1590 3638 1657 3719; x_wconf 84' lang='lat' dir='ltr'>Sc·</span> 
     </span>
    </p>

    <p class='ocr_par' dir='ltr' id='par_1_15' title="bbox 207 3732 1710 4200">
     <span class='ocr_line' id='line_1_28' title="bbox 211 3732 1656 3847; baseline 0.002 -25"><span class='ocrx_word' id='word_1_232' title='bbox 211 3738 351 3826; x_wconf 77' lang='lat' dir='ltr'>&#39;modo</span> <span class='ocrx_word' id='word_1_233' title='bbox 373 3733 515 3820; x_wconf 85' lang='lat' dir='ltr'>exhibe</span> <span class='ocrx_word' id='word_1_234' title='bbox 539 3736 633 3818; x_wconf 88' lang='lat' dir='ltr'>mihi</span> <span class='ocrx_word' id='word_1_235' title='bbox 651 3736 804 3820; x_wconf 89' lang='lat' dir='ltr'>turham</span> <span class='ocrx_word' id='word_1_236' title='bbox 825 3734 1062 3832; x_wconf 83' lang='lat' dir='ltr'>obviantem,</span> <span class='ocrx_word' id='word_1_237' title='bbox 1084 3732 1322 3847; x_wconf 87' lang='lat' dir='ltr'>suscipiendo</span> <span class='ocrx_word' id='word_1_238' title='bbox 1349 3765 1414 3822; x_wconf 88' lang='lat' dir='ltr'>me</span> <span class='ocrx_word' id='word_1_239' title='bbox 1439 3767 1488 3826; x_wconf 78' lang='lat' dir='ltr'>ex</span> <span class='ocrx_word' id='word_1_240' title='bbox 1518 3741 1656 3831; x_wconf 68' lang='lat' dir='ltr'>affeetu</span> 
     </span>
     <span class='ocr_line' id='line_1_29' title="bbox 216 3847 1695 3949; baseline 0.003 -10"><span class='ocrx_word' id='word_1_241' title='bbox 216 3858 338 3940; x_wconf 81' lang='lat' dir='ltr'>totius</span> <span class='ocrx_word' id='word_1_242' title='bbox 372 3849 628 3934; x_wconf 81' lang='lat' dir='ltr'>Univerfitatis</span> <span class='ocrx_word' id='word_1_243' title='bbox 665 3850 740 3932; x_wconf 77' lang='lat' dir='ltr'>&amp;c</span> <span class='ocrx_word' id='word_1_244' title='bbox 823 3854 860 3931; x_wconf 83' lang='lat' dir='ltr'>T</span> <span class='ocrx_word' id='word_1_245' title='bbox 860 3849 988 3949; x_wconf 83' lang='lat' dir='ltr'>ettib,</span> <span class='ocrx_word' id='word_1_246' title='bbox 1030 3847 1174 3932; x_wconf 85' lang='lat' dir='ltr'>exhibe</span> <span class='ocrx_word' id='word_1_247' title='bbox 1208 3851 1302 3934; x_wconf 88' lang='lat' dir='ltr'>mihi</span> <span class='ocrx_word' id='word_1_248' title='bbox 1341 3851 1494 3938; x_wconf 86' lang='lat' dir='ltr'>turbam</span> <span class='ocrx_word' id='word_1_249' title='bbox 1528 3855 1695 3944; x_wconf 76' lang='lat' dir='ltr'>conse—</span> 
     </span>
     <span class='ocr_line' id='line_1_30' title="bbox 207 3959 1710 4084; baseline 0 -32"><span class='ocrx_word' id='word_1_250' title='bbox 207 3960 406 4084; x_wconf 77' lang='lat' dir='ltr'>&#39;quentem</span> <span class='ocrx_word' id='word_1_251' title='bbox 432 3960 682 4060; x_wconf 84' lang='lat' dir='ltr'>confitendo,</span> <span class='ocrx_word' id='word_1_252' title='bbox 711 3959 825 4074; x_wconf 88' lang='lat' dir='ltr'>qnod</span> <span class='ocrx_word' id='word_1_253' title='bbox 854 3986 1053 4073; x_wconf 87' lang='lat' dir='ltr'>nunqnam</span> <span class='ocrx_word' id='word_1_254' title='bbox 1080 3960 1249 4052; x_wconf 78' lang='lat' dir='ltr'>nuduisn·</span> <span class='ocrx_word' id='word_1_255' title='bbox 1270 3961 1445 4077; x_wconf 84' lang='lat' dir='ltr'>exempla</span> <span class='ocrx_word' id='word_1_256' title='bbox 1463 3995 1553 4055; x_wconf 88' lang='lat' dir='ltr'>mea</span> <span class='ocrx_word' id='word_1_257' title='bbox 1570 3996 1710 4080; x_wconf 46' lang='lat' dir='ltr'>pers</span> 
     </span>
     <span class='ocr_line' id='line_1_31' title="bbox 1551 4079 1710 4200; baseline 0 -35"><span class='ocrx_word' id='word_1_258' title='bbox 1551 4079 1710 4200; x_wconf 51' lang='lat' dir='ltr'>icch}</span> 
     </span>
    </p>
   </div>
   <div class='ocr_carea' id='block_1_6' title="bbox 0 0 1910 4994">
    <p class='ocr_par' dir='ltr' id='par_1_16' title="bbox 0 0 1910 4994">
     <span class='ocr_line' id='line_1_32' title="bbox 0 0 1910 4994; baseline 0 0"><span class='ocrx_word' id='word_1_259' title='bbox 0 0 1910 4994; x_wconf 95' lang='lat' dir='ltr'> </span> 
     </span>
    </p>
   </div>
  </div>
 </body>
</html>
