3772 4988
235 258 336 399 156
437 343 443 351 .
612 260 996 368 revelationes.
1034 209 1278 370 Gertrudrs.

232 471 391 559 deditus
424 464 542 568 esset,
570 492 700 556 tamen
731 473 957 588 ubicunque
989 471 1226 560 manifestam
1253 478 1417 590 agnovit
1439 478 1667 584 iniustitiam,

229 587 326 700 sepe
346 585 554 695 redarguit,
574 586 765 698 sociisque
789 590 940 676 resistite
971 590 1084 703 quod
1113 594 1226 674 etiam
1249 593 1289 674 in
1315 617 1428 675 cruce
1454 589 1562 677 fecit.
1594 600 1671 678 Un-

231 704 286 786 de
306 695 601 783 misericordiam
627 696 851 782 consecutus
881 705 935 784 est
960 705 1065 813 apud
1092 697 1324 789 Dominum.
1377 705 1460 789 Sed
1477 701 1543 791 alii
1562 704 1669 792 aliam

231 814 414 928 assignant
434 807 579 896 causam
600 820 681 920 ejus
704 813 974 898 converfionis

218 926 221 931 ’
351 958 386 1028 5.
440 929 484 1011 1.
512 956 551 1024 4.
583 928 634 1009 C.
660 942 726 1011 26.
762 927 829 1010 De
864 928 1036 1013 Passione
1058 923 1121 1013 sua
1142 930 1317 1015 Clariilus
1337 927 1508 1045 loquens
1528 938 1606 1018 aitt
1630 933 1667 1017 Si

229 1047 318 1157 quis
344 1036 510 1142 alienum
536 1035 682 1125 sensum
709 1037 898 1154 sequitur,
929 1048 967 1124 ἃ
998 1068 1080 1125 non
1109 1039 1228 1142 suum,
1257 1040 1325 1128 ille
1349 1046 1445 1129 mihi
1474 1051 1667 1157 captivita-

228 1182 325 1253 tem,
347 1181 427 1268 qua
450 1157 547 1239 hora
562 1152 773 1240 matutinali
799 1179 953 1266 captus,
976 1150 1137 1268 ligatus,
1169 1159 1380 1271 multisque
1408 1163 1553 1258 iniuriis
1576 1155 1663 1244 affe·

228 1267 422 1366 siusium,
443 1269 640 1379 rependits
668 1273 738 1382 qui
755 1272 850 1352 vero
868 1264 1063 1353 humiliter
1084 1265 1315 1381 culpabilem
1341 1268 1380 1355 se
1403 1274 1550 1371 reddit,
1568 1275 1664 1382 judi·

228 1390 345 1484 cium,
364 1410 441 1494 qua
466 1384 560 1465 hora
578 1387 700 1493 prima
724 1377 860 1493 multis
879 1377 1059 1495 falsisque
1088 1385 1243 1467 teslibus
1264 1380 1457 1470 accusatus
1484 1393 1525 1469 ἃ
1552 1390 1663 1471 morti

225 1499 466 1601 adjudicatus
496 1493 600 1593 sum,
623 1495 899 1607 recompensat.
958 1498 1084 1606 Quod
1119 1499 1294 1598 Christus
1322 1502 1419 1583 bora
1455 1497 1664 1585 matutinali

225 1636 357 1726 captus
382 1609 509 1706 suerit,
528 1634 716 1722 repugnat
739 1607 822 1693 aliis
853 1611 1132 1694 narrationibus
1161 1617 1200 1694 ἀ
1232 1607 1552 1697 revelationibus.

343 1740 381 1809 6.
435 1727 475 1808 S.
506 1724 693 1808 Gertrudi
735 1725 910 1810 Christus
936 1719 1110 1824 revelat,
1135 1750 1220 1811 non
1252 1721 1376 1810 solum
1399 1730 1440 1811 8.
1470 1727 1660 1815 thoman

224 1840 364 1927 Cluilli
390 1830 488 1921 latus
520 1841 559 1918 δε
581 1865 718 1922 manus
743 1832 1012 1932 contrectasse,
1040 1840 1153 1950 quod
1181 1838 1335 1923 videtur
1361 1864 1582 1953 repugnare
1605 1841 1658 1923 bi·

204 1957 343 2053 'ssoriae
358 1944 609 2063 Evangelicae.
656 1954 690 2036 l.
725 1981 764 2051 4.
794 1951 845 2034 C.
865 1981 928 2054 32·
955 1956 1029 2036 aits
1069 1954 1110 2035 Si
1136 1948 1327 2037 desideras
1357 1954 1540 2064 Spiritum
1567 1956 1657 2039 San·

221 2060 326 2161 sium
344 2070 547 2176 accipere,
570 2089 728 2177 oportet
745 2089 786 2149 te
803 2065 854 2147 ad
876 2063 1039 2148 modum
1063 2061 1333 2176 discipulorum
1358 2091 1540 2152 meorum
1563 2071 1659 2177 prius

220 2179 322 2266 latus
344 2185 382 2262 δι
409 2206 543 2263 manus
562 2205 666 2261 meas
685 2186 933 2261 contretiare.
990 2176 1232 2289 Responderi
1250 2181 1397 2289 potesl:
1418 2180 1655 2292 hicdilcipu·

218 2295 266 2380 lis
283 2294 414 2399 tribui,
462 2294 542 2375 nod
567 2319 664 2374 unus
682 2286 789 2389 fecit,
806 2291 899 2374 ficut
921 2292 1072 2392 dicitur,
1088 2289 1259 2377 latrones
1280 2288 1657 2407 blasphemaverunts

215 2402 279 2496 vel
303 2321 473 2517 disciptlli
493 2402 802 2516 responderunt3
827 2405 941 2519 quod
958 2404 1009 2488 ab
1026 2433 1109 2490 uno
1130 2405 1356 2491 sasiumell.
1577 2492 1579 2497 ,

332 2554 371 2623 7.
399 2524 642 2604 Detetminat
661 2519 826 2605 modurn
852 2526 889 2602 δι
905 2523 1042 2603 horam
1063 2520 1192 2603 obitiis
1211 2524 1252 2602 u
1274 2525 1322 2606 V.
1338 2519 1389 2604 src
1406 2520 1451 2605 1.
1466 2549 1504 2622 4
1522 2521 1577 2606 C.
1591 2524 1652 2619 49.

216 2635 374 2720 dicitur:
413 2635 626 2717 Gertrudcs
653 2630 864 2726 intellexit,
891 2634 1004 2746 quod
1025 2637 1068 2717 B.
1093 2637 1218 2745 Virgo
1231 2637 1471 2829 precedenti
1498 2635 1568 2720 die
1586 2632 1653 2719 suat

213 2747 492 2859 Assu'mptionis
509 2749 606 2828 circa
620 2747 755 2829 horam
777 2774 921 2830 nonam
934 2752 986 2831 ita
1007 2749 1158 2857 penitus
1179 2748 1229 2830 ab
1246 2773 1358 2860 orpta
1378 2754 1431 2831 ess
1450 2752 1491 2833 in
1511 2751 1651 2843 Deum,

213 2863 330 2979 quod
351 2864 459 2944 omni
490 2861 726 2943 humanitate
749 2858 865 2944 exuti
887 2868 962 2966 jam
994 2865 1032 2944 in
1055 2855 1241 2972 preludio
1277 2857 1490 2946 coelestium
1511 2858 1652 2946 delitia-

214 3004 302 3062 rum
325 2970 411 3085 solo
428 2969 556 3086 spiritu
576 2976 654 3057 Dei
673 2973 925 3088 vegetabatur
944 3001 1072 3088 usque
1093 2975 1144 3057 ad
1167 2976 1321 3070 horam,
1342 3000 1422 3087 qua
1453 2979 1554 3058 cirea
1582 3000 1648 3056 no·

214 3097 282 3177 siis
303 3091 442 3173 horam
472 3092 622 3172 tertiam
645 3087 867 3173 advenienti
893 3091 1070 3171 Domino
1098 3089 1268 3171 inomni
1295 3086 1536 3199 perfectione
1552 3114 1649 3284 prat·

210 3228 343 3321 parata
370 3204 494 3307 exivit
512 3201 694 3289 obviams
734 3199 865 3313 fitque
895 3204 934 3285 in
958 3198 1065 3284 ulnas
1091 3203 1169 3306 ejus
1190 3196 1405 3284 convolans
1430 3226 1531 3285 unus
1567 3204 1649 3313 pisi·

211 3332 380 3400 tuscum
404 3342 458 3399 eo
473 3311 611 3400 effelia
634 3318 807 3398 introivit
827 3319 868 3397 in
891 3320 1085 3426 potentias
1107 3312 1328 3398 divinitatis.
1385 3314 1465 3397 Sed
1485 3318 1527 3399 in
1548 3339 1649 3398 reve·

209 3422 420 3537 sationibus
440 3435 541 3531 Ven.
556 3430 687 3531 Maria
710 3427 764 3511 de
790 3427 947 3541 Agreda
973 3427 1016 3513 id
1035 3426 1175 3511 dicitur
1201 3417 1401 3540 contigisse
1416 3426 1520 3511 hora
1544 3426 1648 3512 tertia

206 3541 494 3654 pomelidiana.
512 3542 619 3626 “Seis
649 3568 698 3627 ex
723 3541 803 3626 hoc
823 3567 906 3627 non
920 3540 1131 3654 probatur,
1155 3540 1272 3654 quod
1287 3543 1421 3653 potius
1446 3536 1645 3628 revelatio·

206 3681 278 3763 nes
291 3658 331 3741 8.
355 3656 558 3742 Gertrudis
581 3653 652 3740 sant
673 3649 748 3737 fals
771 3713 783 3738 .

213 3790 218 3799 '
312 3766 359 3866 θ’.
400 3770 520 3855 Videt
550 3772 834 3883 quinquaginta
859 3760 1118 3879 philosophos
1143 3763 1167 3849 ἑ
1194 3764 1237 3847 8.
1264 3765 1478 3851 Catbasina
1501 3763 1646 3881 supera·

206 3904 289 3981 tos,
316 3884 371 3967 de
396 3902 478 3995 qua
501 3908 546 3965 re
581 3911 665 3966 non
705 3908 844 3965 omnes
886 3885 1135 3964 conveniunt.
1175 3881 1217 3962 1.
1245 3909 1286 3978 4.
1315 3879 1367 3963 C.
1397 3909 1465 3978 59·
1490 3885 1649 3977 dicitutt

207 3997 387 4082 oslenmt
417 3989 476 4080 illi
492 3996 689 4079 Donrsnus
711 4000 760 4081 Ι).
782 3995 1031 4080 catharinam
1059 3998 1099 4077 in
1122 3985 1220 4076 solio
1245 3985 1460 4082 sublimiter
1486 3992 1650 4083 elevato.

1524 4115 1650 4228 Appa-
