3796 4994
212 278 318 455 70‘
593 322 873 464 elegeram
898 328 1273 432 exfloreoine.

213 530 324 620 Ante
357 519 482 618 arloos
522 557 586 634 14.
621 530 831 637 revelatum
858 536 931 647 fibi
972 533 1088 634 dicit,
1126 532 1185 635 ἐπ’
1226 543 1352 624 torreo
1390 527 1662 624 revelationem

215 641 361 734 tamdiu
390 643 495 756 opud
507 646 553 760 se
582 653 720 746 terruit,
749 649 808 747 ἐφ’
833 650 1023 762 repreffir,
1051 676 1119 738 nec
1143 647 1317 758 dixiffai,
1345 648 1414 758 nisi
1438 643 1664 738 erubuistis

205 758 432 877 judicoffei,
474 773 518 848 at
559 759 700 850 diceret
736 789 783 850 ne
831 762 1129 852 revelationibus
1175 760 1453 849 extolleremur.
1536 740 1669 849 Addit

216 874 270 963 P.
297 876 495 961 Grauirm
550 875 706 961 Discunt
731 880 824 974 hoc,
885 884 925 964 ui
953 877 1117 964 afferunt
1145 874 1184 961 se
1207 873 1351 965 aodiffe
1382 902 1519 961 arcana
1546 873 1666 960 verbe

186 1006 188 1011 ’
219 984 540 1075 &revelationes
570 989 700 1102 palstm
733 993 849 1100 habu'
882 1022 904 1076 e
935 997 1211 1105 pronuntiant,
1237 992 1439 1076 advertant
1461 985 1666 1103 presertim

218 1098 464 1200 muliercula,
477 1164 479 1170 -
493 1131 579 1218 quae
612 1111 676 1189 vix
696 1103 829 1219 aliquo
860 1106 1101 1191 favore·Dei
1122 1104 1161 1191 se
1187 1101 1339 1217 impleri
1360 1105 1520 1203 dicunt,
1539 1099 1665 1189 subito

221 1240 446 1303 convocant
481 1224 621 1303 amicas
655 1225 695 1302 de
728 1225 871 1304 vicinas
896 1227 936 1304 de
974 1246 1187 1332 cognatos,
1218 1222 1435 1305 indicantes
1460 1215 1499 1303 se
1523 1242 1666 1332 propo·

220 1331 387 1419 modum
410 1356 536 1442 raptas
556 1337 597 1416 in
620 1331 846 1445 paradisum,
874 1341 912 1418 δι
935 1364 1019 1421 non
1040 1360 1201 1431 tantum,
1220 1362 1307 1446 quae
1332 1329 1464 1418 sileant
1490 1334 1667 1445 mysteria

223 1441 420 1542 audivisse,
450 1444 517 1530 sed
538 1453 578 1530 de
611 1476 700 1562 quot
730 1446 951 1561 publicents
992 1477 1079 1566 quae
1116 1475 1248 1533 tamen
1288 1443 1486 1533 multoties
1518 1442 1668 1531 tantum

224 1556 472 1644 somniarunt.
531 1565 659 1672 Quod
684 1569 828 1647 utinam
852 1593 932 1648 non
956 1566 1137 1677 quotidie
1160 1566 1418 1674 experiremur
1446 1565 1504 1647 his
1520 1560 1676 1671 praescr«

222 1677 297 1874 pins
319 1675 587 1806 temporibus,
629 1677 793 1790 quando
829 1703 892 1762 tot
919 1675 1030 1777 sunt,
1069 1683 1137 1792 qui
1156 1672 1413 1763 revelationes
1439 1680 1478 1758 dr
1508 1671 1671 1759 vibones

238 1813 425 1871 ommam.

333 1910 502 2039 Regale
541 1941 621 2010 er.
664 1903 717 2010 Si
748 1909 959 2043 persona
987 1903 1392 2050 deprehendatur
1421 1904 1529 2035 iam
1557 1899 1672 2008 aliis

227 2043 369 2155 fuisse
403 2045 537 2152 illusa
586 2045 616 2150 a
661 2047 933 2169 doemone,
983 2083 1171 2157 omnes
1218 2049 1418 2188 reliquae
1455 2047 1674 2167 vistunts

230 2186 458 2324 suspestae
492 2190 657 2294 sunto.
760 2209 874 2292 Ratio
901 2204 980 2303 est,
1017 2211 1111 2320 quia
1140 2205 1306 2291 doemon
1345 2229 1431 2287 eam
1458 2196 1677 2314 personam

229 2356 353 2444 quam
372 2326 464 2415 alias
482 2329 652 2442 decepit,
678 2324 776 2414 solet
799 2329 1040 2446 frequentius
1072 2356 1222 2417 tentare
1245 2357 1297 2414 eo
1321 2354 1486 2443 genere,
1506 2353 1592 2441 quo
1621 2325 1678 2412 vi·

233 2451 323 2530 ebor
345 2448 481 2530 extitit.
534 2445 582 2530 Id
600 2444 839 2531 demonstrat
862 2446 966 2532 casus
988 2440 1252 2560 deplorandus
1274 2444 1470 2548 cujusdam
1488 2445 1679 2540 Eremita,

115 2564 121 2573 '
233 2559 392 2673 dequo
422 2559 481 2645 his
506 2559 632 2644 verbis
655 2557 772 2645 refert
805 2559 1026 2646 Antiochus
1062 2561 1171 2645 hom.
1200 2580 1268 2661 84.
1324 2564 1432 2654 Fuit,
1457 2561 1607 2670 inquit,
1637 2560 1677 2639 in

232 2676 377 2761 Monte
400 2676 492 2759 Sina
514 2675 676 2787 quidam
702 2679 931 2774 monachus,
961 2681 1031 2790 qui
1050 2671 1203 2760 celebre
1223 2675 1326 2758 adeo
1348 2671 1472 2756 edidit
1489 2670 1562 2754 suae
1583 2697 1678 2754 con·

232 2791 402 2875 tinenue
432 2783 645 2902 specimen,
673 2793 776 2874 utin
812 2784 969 2875 Cellula
999 2786 1144 2874 multos
1183 2792 1319 2875 vixerit
1353 2813 1476 2870 annos
1501 2780 1680 2882 inclusus,

233 2904 433 3016 postremo
462 2900 675 2989 multifariis
707 2899 1009 2989 revelationibus
1037 2901 1219 3002 Diaboli,
1248 2908 1287 2986 de
1322 2895 1520 2985 insomniis
1553 2894 1682 2984 illusus

234 3016 288 3102 ad
312 3014 546 3122 Iudaismum
571 3013 745 3131 delapsus
769 3021 836 3118 est,
866 3024 906 3101 δι
930 3022 1052 3102 carnis
1082 3016 1424 3102 circumcisionem.
1486 3013 1594 3101 Cluu
1614 3015 1683 3126 igi·

233 3157 298 3220 tur
324 3130 518 3218 Diabolus
545 3135 636 3219 huic
661 3132 878 3217 identidem
905 3158 996 3216 vcra
1018 3131 1194 3247 quaedam
1215 3131 1401 3217 insomnia
1425 3127 1685 3214 demonstras·

190 3250 194 3256 ’
233 3242 303 3345 set,
329 3251 367 3329 de
398 3242 505 3333 velut
529 3248 684 3355 objecit
717 3241 900 3331 illecebra
926 3242 1124 3332 inescalset
1161 3243 1261 3331 illius
1305 3241 1546 3329 obscuratam
1571 3268 1685 3326 men·

236 3385 332 3461 tem,
360 3361 559 3447 novissime
580 3355 703 3446 oculis
723 3356 822 3446 illius
842 3362 988 3464 obiecit
1017 3357 1212 3474 copiosam
1229 3360 1383 3444 turbam
1401 3357 1686 3470 Apostolorum

236 3478 465 3589 Martyrum,
498 3472 745 3590 aliorumque
777 3480 906 3561 omnis
936 3483 1086 3590 generis
1120 3478 1426 3562 Christianorum
1465 3468 1686 3556 denfiffimis

237 3589 468 3675 tenebris&
491 3594 601 3676 omni
633 3589 833 3677 dedecore
872 3585 1086 3704 oppletam.
1144 3595 1256 3674 Parte
1289 3586 1468 3704 opposita
1500 3585 1685 3699 Moysen,

235 3704 465 3814 Prophetas,
492 3698 688 3817 populum
719 3731 886 3818 quoque
911 3708 1139 3811 Judaeorum
1162 3700 1293 3801 offert,
1317 3700 1517 3816 splendida
1546 3701 1687 3784 admo·
1711 3702 1718 3711 '

236 3817 331 3901 dum
355 3819 443 3902 luce
469 3816 731 3932 conspicuum,
759 3824 881 3931 inque
907 3820 1054 3934 gaudio
1073 3825 1112 3903 dr
1134 3814 1326 3929 'hilaritate
1343 3823 1460 3900 vitam
1480 3817 1688 3900 traducen-

236 3953 308 4016 tes.
363 3935 458 4016 Haec
476 3960 566 4043 cum
583 3929 779 4047 spedalset
803 3933 927 4032 miser,
955 3939 995 4017 in
1024 3932 1184 4048 vestigio
1217 3930 1388 4028 surrexit,
1418 3932 1691 4043 derelidoque

236 4037 307 4131 illo
333 4053 538 4133 monteio
571 4043 804 4134 Palaestinam
833 4075 961 4162 usque
993 4053 1182 4162 pervenit.
1264 4045 1385 4144 Redi
1420 4044 1624 4129 contendit
1648 4047 1691 4127 in

236 4163 377 4249 Neutra
398 4166 439 4246 ir
457 4161 674 4278 Lybiaderu
692 4158 811 4277 Asyla
833 4163 1071 4269 Judaeotum.
1130 4171 1232 4249 Cum
1252 4164 1327 4246 istis
1344 4154 1589 4267 denarrasset,
1604 4183 1692 4358 ipius

1608 4306 1611 4310 ·
1676 4299 1691 4354 1
