3796 4994
600 249 904 352 Revelationes
928 257 983 350 'S.
1024 234 1265 352 Gertmdis.
1480 237 1482 243 ¹
1562 279 1619 356 ¹2
1629 292 1655 385 5

215 460 354 549 minus.
438 461 656 543 Numentm
688 484 814 542 earum
840 450 956 540 solius
997 456 1205 541 divinitatis
1239 482 1334 543 mtae
1359 450 1513 544 scientia
1547 485 1658 545 com·

214 574 405 688 pleditur.
489 574 619 655 sancii
647 576 688 654 in
727 566 853 669 coelo,
888 576 931 653 B.
958 574 1026 655 Vir
1054 598 1102 668 o,
1132 564 1218 680 ipsa
1250 576 1384 658 animae
1405 568 1586 670 liberatae,
1611 600 1658 657 ac
1696 600 1704 627 ¹

214 686 414 800 prasertim
443 680 568 795 angeli
588 709 666 766 tam
693 683 790 766 boni
817 680 936 796 quim
968 598 1058 765 mali
1086 682 1164 767 fine
1191 684 1314 767 dubio
1339 680 1526 770 sciverunt
1554 690 1661 770 hunc
1806 768 1812 803 ι

214 827 440 898 numerum,
460 795 513 881 illi
550 799 740 911 quidem,
770 802 878 909 quia
898 792 1005 878 nolle
1033 796 1252 881 debuerunt
1272 792 1359 882 suos
1380 804 1574 896 concives,
1600 803 1659 884 isti

214 918 326 1010 veto,
353 918 445 1026 quia
470 907 562 995 scire
581 910 813 1006 debuerunt,
833 932 934 1020 quot
955 914 1164 992 animarum
1193 916 1426 1021 captivatum
1445 913 1659 998 individuis
1788 920 1792 925 ’

216 1026 360 1112 fuerint
383 1020 543 1135 spoliati.
627 1025 706 1108 Sed
728 1021 949 1134 responderi
979 1027 1127 1134 potest,
1159 1025 1289 1108 Deum
1313 1022 1417 1109 hiel
1477 1034 1514 1109 ui
1535 1022 1661 1111 solum

216 1139 477 1253 comparative
503 1137 555 1237 ad
575 1133 767 1222 scientiam
787 1138 1014 1235 humanam
1038 1139 1091 1219 ita
1110 1162 1153 1221 ut
1177 1134 1363 1250 particula
1383 1165 1431 1225 ex
1471 1139 1573 1226 uliva
1589 1139 1657 1253 fo·

216 1258 289 1340 tius
309 1251 459 1339 tantltnt
483 1246 662 1334 excludat
690 1247 880 1335 scientiam
908 1250 1127 1335 humanam.
1248 1357 1252 1364 ἦ

330 1481 411 1563 ΧΠ.
465 1481 508 1564 l„
527 1506 566 1578 4.
584 1479 632 1563 C.
655 1495 720 1581 36.
779 1477 885 1560 Cum
910 1474 1121 1561 Gertrudes
1148 1477 1366 1562 Dominum
1388 1507 1567 1570 exoraret
1583 1515 1659 1599 pro
1739 1494 1742 1499 ’

217 1594 415 1679 animabus
448 1597 623 1675 omnium
652 1584 824 1676 fidelium
849 1591 1145 1688 defunctorum,
1171 1590 1266 1675 visus
1287 1596 1341 1708 est
1370 1597 1565 1687 Dominus
1586 1603 1658 1686 de-

216 1715 369 1792 mittete
395 1703 501 1818 quafi
523 1711 666 1816 virgam
692 1703 890 1816 quandam
916 1708 1131 1787 aureamin
1149 1706 1320 1790 medium
1342 1716 1554 1821 purgatorii
1586 1719 1658 1800 ha·

217 1819 373 1903 bentem
403 1842 465 1903 tot
490 1845 626 1917 uncos,
649 1844 751 1930 quot
781 1811 937 1899 affecius
974 1817 1237 1930 dirigebantur
1256 1821 1305 1902 ad
1330 1824 1459 1905 Deum
1477 1854 1553 1936 pto
1575 1834 1659 1913 ani-
1735 1840 1739 1857 '
1822 1874 1832 1906 t

216 1935 366 2028 mabus,
389 1937 429 2013 δι
461 1960 530 2043 pet
549 1930 765 2045 quemlibet
788 1958 930 2013 uncum
961 1931 1256 2015 extrahebantur
1284 1928 1422 2049 aliqua
1449 1944 1583 2026 animae
1604 1944 1659 2030 de

216 2043 315 2132 locis
340 2072 544 2156 poenatum
576 2045 626 2128 ad
654 2070 810 2128 amoena
842 2068 948 2152 prata
983 2049 1137 2157 quietis.
1222 2042 1457 2133 Facillimum
1481 2057 1535 2136 est
1559 2062 1661 2141 intra

218 2187 337 2244 unum
363 2162 550 2242 minutum
571 2155 777 2241 secundum
803 2153 940 2242 elicere
964 2181 1039 2241 tres
1066 2154 1238 2254 affectus,
1258 2186 1301 2244 ut
1321 2169 1438 2246 cuivis
1457 2176 1661 2277 experien·¹
1798 2212 1801 2216 ·

218 2279 271 2358 tia
291 2295 428 2354 notum
459 2267 533 2354 elle
557 2275 702 2382 potestt
741 2297 827 2354 cum
860 2297 953 2382 ergo
981 2296 1057 2354 una
1080 2271 1179 2354 hora
1206 2278 1402 2358 contineat
1429 2286 1575 2365 minuta
1599 2281 1656 2368 se·

219 2386 346 2471 cunda
368 2400 478 2487 3600
499 2409 682 2495 poterunt
703 2388 798 2466 intta
816 2385 953 2466 horam
978 2383 1128 2467 liberati
1150 2381 1237 2494 plus
1262 2386 1538 2498 quim-decem
1568 2390 1657 2478 mil·

214 2497 290 2601 lia,
323 2505 362 2582 &
387 2508 486 2582 intra
517 2498 653 2580 decem
682 2499 797 2580 hocas
818 2492 905 2606 plut
934 2495 1053 2609 quim
1090 2523 1246 2579 centum
1274 2497 1390 2583 millia
1417 2512 1654 2601 animatumt

214 2619 258 2698 dt
282 2617 382 2698 intta
404 2609 569 2695 mensem
594 2636 669 2696 tres
689 2607 880 2693 milliones
904 2618 1135 2706 animarum,
1167 2636 1334 2723 quantus
1367 2643 1548 2710 numerus
1574 2651 1659 2710 non

216 2729 344 2842 potest
365 2722 598 2808 descendere
628 2729 669 2805 in
690 2729 952 2833 purgatorium
983 2721 1159 2834 fereper
1184 2725 1386 2811 dimidium
1407 2756 1577 2833 annum,
1613 2764 1657 2822 ut

215 2841 327 2950 supra
348 2835 536 2922 ostensum
571 2835 635 2919 eu.
716 2837 796 2920 Sed
822 2833 1044 2947 responderi
1061 2839 1209 2948 potest,
1233 2840 1332 2921 hanc
1357 2851 1515 2955 gratiam
1546 2847 1657 2935 fuille

213 2949 463 3063 tespeotivam
492 2951 544 3034 ad
569 2953 691 3033 casum
713 2950 1004 3061 patticuhtcm,
1022 2955 1064 3033 in
1090 2979 1174 3064 quo
1197 2952 1387 3040 dabantur
1416 2962 1660 3048 decernunati

217 3093 266 3164 ac
281 3069 394 3179 pauci
415 3057 584 3150 affectae
1271 3079 1274 3082 ⁴

334 3292 432 3375 Xlll.
491 3291 532 3373 L.
558 3315 599 3388 4.
620 3289 670 3372 C.
689 3316 760 3389 44.
814 3289 919 3372 Cum
944 3288 1159 3374 Gettrudes
1181 3291 1385 3377 accederet
1407 3296 1459 3380 ad
1482 3323 1658 3388 commu·

216 3410 393 3502 nionem,
414 3398 538 3485 adclse
557 3402 626 3484 fibi
643 3395 832 3486 intellexit
848 3406 1030 3486 Sancium
1053 3407 1224 3493 Leonem
1243 3405 1389 3493 devote
1409 3438 1483 3522 pto
1507 3439 1554 3497 ea
1569 3418 1659 3502 Do-

218 3527 326 3602 mino
348 3513 634 3625 supplicantem,
663 3541 707 3599 ut
722 3518 800 3627 ipl'a
825 3541 897 3625 per
924 3512 1200 3625 susceptionem
1231 3521 1404 3620 eiusdem
1424 3526 1660 3618 Sacramenti

219 3655 411 3713 mercatur
445 3631 610 3712 eandem
641 3625 862 3712 suavitatem
891 3629 1013 3711 divini
1048 3634 1212 3715 influxus
1240 3631 1397 3732 sentite,
1432 3645 1660 3756 quamipse

221 3745 381 3826 sancus
408 3747 511 3851 Papa
527 3737 634 3823 sensit
656 3749 695 3825 in
715 3739 823 3825 Mula
848 3738 924 3838 illa,
945 3769 1032 3824 cum
1051 3749 1180 3852 ptimo
1202 3772 1425 3856 recuperata
1443 3778 1513 3861 pet
1535 3760 1659 3869 Virgi-

222 3881 336 3937 neam
352 3858 524 3965 ,Matrem
546 3850 696 3936 abscilsa
713 3881 830 3937 manu
847 3850 910 3937 sua
930 3855 1060 3938 divina
1089 3852 1299 3943 celebraret
1320 3865 1506 3972 mysteria
1560 3874 1660 3953 eu-

223 3973 278 4073 jus
299 3993 458 4080 precum
476 3972 693 4053 interventu
719 3968 880 4054 donavit
906 3970 1102 4198 Daminus
1116 3973 1303 4059 Getttudi
1317 4000 1441 4061 omne
1460 3983 1657 4078 metitum,

948 4184 949 4188 p
1021 4111 1040 4187 3
1575 4120 1662 4206 quo
