3796 4994
604 240 1013 372 exemplumve).
1052 234 1306 369 dffcr'liuni.
1530 272 1532 276 “
1607 246 1675 368 4l·

217 454 403 565 {empore
420 447 654 564 'profluentis
675 475 723 534 ex
745 444 966 534 vulneribus
985 443 1175 561 sanguinis
1207 445 1407 544 habuerat,
1433 468 1517 533 eam
1548 445 1678 532 carere

220 571 406 680 deinceps
439 571 628 677 oportuit.
698 566 789 648 Post
812 566 891 648 hoc
924 586 1035 647 tanto
1069 562 1260 647 desiderio
1290 559 1487 665 ferebatur
1514 561 1564 645 ad
1584 588 1678 646 ean·
1781 580 1784 587 ·

221 683 313 768 dem
337 683 496 794 gratiam
517 679 797 776 resumendam,
825 704 868 762 ut
893 702 1162 792 prorumperet
1191 681 1231 761 iri
1264 677 1486 784 hujusmodi
1509 700 1673 761 vocem:

223 804 262 883 Ο
289 797 317 882 si
343 798 488 898 JESUS
520 790 643 879 rursus
679 795 771 877 mihi
807 791 1002 877 conferret
1037 799 1198 907 gratiam
1239 797 1418 907 quinque
1457 788 1676 890 vulnerum,

218 939 301 996 noti
319 939 498 1026 roganm
518 912 664 1005 Deum,
684 934 727 993 ut
752 913 890 991 iterum
918 902 1073 992 tolleret
1106 908 1130 993 d
1156 935 1231 991 me.
1345 913 1438 992 Haec
1471 908 1676 990 Gertcudis

217 1023 356 1139 septies
380 1034 419 1112 in
442 1026 507 1111 die
525 1021 655 1109 multis
674 1022 937 1107 hebdomadis
956 1018 1018 1110 vel
1037 1023 1095 1106 ad
1111 1026 1237 1107 minus
1261 1022 1455 1138 usquead
1477 1017 1676 1106 Ascensio·

218 1170 311 1228 nem
352 1142 500 1226 eodem
539 1166 645 1225 anno
691 1165 818 1243 ¹340·
858 1142 1050 1222 emanavit
1085 1165 1134 1229 erc
1174 1133 1398 1222 vulneribus
1444 1131 1677 1250 sanguinem:

220 1261 328 1344 Vixit
357 1260 490 1370 postea
511 1260 620 1339 annis
636 1251 718 1338 fere
740 1252 992 1352 octodecim,
1017 1252 1084 1336 sed
1106 1249 1294 1339 imbecilli
1316 1257 1504 1368 gravique
1533 1262 1676 1364 corpo·

216 1399 288 1470 re,
350 1396 484 1484 ropter
512 1369 627 1484 quod
663 1363 869 1454 Ecclesiam
899 1366 1088 1483 visitando
1113 1364 1263 1452 solebat
1287 1367 1348 1453 bis
1374 1392 1440 1452 aut
1467 1391 1526 1452 ter
1543 1372 1588 1452 ‘in
1613 1371 1675 1452 via

218 1402 459 1603 quieldeiido
486 1482 655 1599 pausare,
683 1489 722 1566 dc
748 1487 926 1597 quamvis
953 1487 1077 1595 gravis
1103 1507 1182 1567 crat
1204 1488 1245 1567 dc
1262 1479 1517 1595 corpulenta,
1542 1507 1674 1567 tamen

212 1608 261 1687 in
286 1603 380 1688 cibo
404 1608 445 1684 &
466 1625 564 1714 potu
587 1600 801 1683 sobrietatis
819 1598 999 1682 utebatur
1019 1595 1217 1698 mensura·
1280 1604 1392 1682 'Hire
1417 1599 1596 1682 videntur
1614 1594 1635 1680 s
1655 1647 1674 1666 ·

217 1716 361 1831 speda,
388 1716 417 1802 si
436 1716 684 1800 attendantur
700 1713 922 1799 Authorum
942 1707 1122 1826 Regulaet
1160 1712 1364 1806 Praedidio
1389 1738 1471 1802 erat
1500 1740 1581 1797 non
1604 1740 1673 1797 ne·

220 1830 396 1923 cessanti
427 1830 655 1917 desiderium
691 1824 1057 1941 praesumptuosumt
1094 1822 1316 1941 propalatio
1346 1824 1539 1918 festinatas
1578 1824 1673 1913 effe·

221 1954 321 2046 slus,
348 1972 489 2059 utpote
513 1944 669 2051 morbi,
699 1941 813 2027 valde
839 1937 1040 2029 naturales.
1068 1946 1143 2026 dcc.
1184 1947 1337 2049 Potuit
1360 1942 1490 2027 tamen
1522 1943 1672 2027 deside·

211 2069 321 2149 -cium
345 2065 553 2175 provenire
570 2081 751 2143 eir-motu
773 2059 929 2146 divinos
968 2060 1006 2141 δι
1028 2050 1250 2168 'propalatio
1274 2063 1422 2170 privata
1440 2059 1523 2145 fieri
1541 2063 1673 2171 potuit

218 2205 270 2377 lex
303 2179 449 2292 gaudio
479 2184 691 2262 innocente
726 2173 938 2260 accedente
961 2173 1211 2260 ,confidentia
1234 2175 1286 2260 ad
1312 2173 1517 2289 personam
1545 2174 1672 2290 singu·

216 2319 303 2382 atr.
793 2323 796 2327 ·

338 2559 377 2618 2.
405 2529 586 2617 innuis
628 2503 712 2612 SS.
749 2506 961 2614 Baronti
1007 2505 1059 2615 dt
1094 2506 1331 2616 Desiderii
1366 2534 1418 2620 ad
1447 2560 1512 2619 20.
1542 2533 1672 2617 Martii
1817 2480 1832 2489 ’

219 2670 391 2732 narratur
416 2643 535 2759 longa
559 2648 678 2750 visio,
707 2654 845 2765 inqua
873 2653 914 2736 S.
936 2657 1128 2735 barontus
1152 2650 1225 2736 fuit
1246 2652 1435 2736 deducitis
1461 2656 1501 2734 in
1525 2642 1671 2734 coelum

220 2767 260 2847 δι
283 2761 337 2846 ad
359 2758 568 2858 infernum,
597 2766 663 2849 ubi
685 2767 783 2850 vidit
810 2766 950 2878 gaudia
978 2773 1208 2865 beatorum,
1234 2773 1273 2850 dc
1298 2793 1436 2880 poenas
1465 2764 1672 2849 damnato·

189 2882 320 2962 'rum
380 2877 445 2961 De
460 2878 517 2959 his
534 2879 583 2985 C,
603 2908 638 2980 3.
659 2880 816 2966 dicitur:
849 2883 954 2966 Dein
969 2885 1040 2966 iter
1058 2907 1218 2997 agentes
1231 2888 1475 2995 pervenimus
1489 2879 1541 2963 acl
1555 2874 1673 2964 infer-

222 3019 340 3076 num·
357 3039 376 3057 ·
412 2992 472 3075 Ibi
492 2990 778 3079 innumerabilis
793 3022 975 3081 numerus
989 2994 1329 3113 clericorumqui
1343 2992 1381 3082 se
1402 3023 1490 3081 cuni
1504 2990 1671 3080 mulierl-

220 3106 295 3190 bus
305 3101 619 3192 maculaverunt·
632 3104 838 3226 aliquibus,
851 3115 919 3225 qui
934 3111 1086 3197 bonum
1096 3099 1286 3225 insaec'ulo
1306 3139 1353 3196 ex
1368 3136 1476 3224 parte
1487 3109 1669 3223 agebant,
1786 3152 1793 3171 ·

214 3217 461 3306 offerebatur
479 3221 578 3306 hori
603 3219 705 3310 sexta
724 3251 864 3310 manna
890 3226 941 3310 de
969 3223 1144 3339 paradiso
1167 3222 1362 3324 ablatum,
1386 3220 1671 3310 similitudinem

219 3333 372 3421 nebulae
405 3336 566 3434 liabens,
598 3344 637 3421 dc
667 3341 888 3453 ponebatur
909 3364 999 3427 ante
1030 3369 1166 3426 eorum
1195 3368 1304 3427 nares
1327 3347 1366 3425 δι
1393 3367 1486 3441 ora,
1514 3344 1553 3422 dc
1577 3337 1672 3423 inde

219 3449 460 3564 refrigerium
491 3451 743 3564 accipiebant.
826 3459 1132 3542 continuatores
1157 3452 1339 3541 Bollandi
1374 3461 1415 3540 in
1449 3460 1672 3540 Praenotan·

220 3566 279 3653 dis
303 3570 361 3651 N.
384 3594 421 3649 a.
442 3564 595 3653 dicunt:
629 3571 735 3655 Cum
756 3569 796 3655 S.
815 3572 972 3655 Baronti
992 3569 1179 3656 visionem
1195 3568 1322 3657 secuta
1340 3569 1483 3657 fuerint
1503 3567 1673 3656 efficacia

214 3678 419 3797 'proposita
444 3677 638 3767 sanctioris
663 3689 749 3770 vitae
769 3695 930 3797 propter
952 3688 1126 3772 vivacem
1154 3685 1497 3801 apprehensionem
1521 3712 1672 3783 eorum,

205 3825 309 3912 ‘quae
328 3796 530 3881 animabus
548 3800 635 3910 post
662 3823 829 3883 mortem
854 3800 1057 3896 accidunt,
1089 3800 1382 3885 verahabenda
1413 3804 1467 3888 est
1494 3796 1595 3885 illius
1616 3805 1674 3885 vi·
1726 3852 1730 3857 -

217 3912 286 4012 fio,
307 3917 348 3995 dr
368 3935 413 3995 ut
436 3906 521 3994 talis
539 3917 760 4026 optimique
779 3908 947 4027 exempli
970 3914 1021 3998 ad
1046 3915 1153 3999 bona
1171 3942 1305 4028 opera,
1323 3919 1676 4030 poenitentiamque

217 4023 458 4118 suadendam
479 4027 620 4112 meritd
643 4034 684 4112 in
707 4024 813 4113 libris
834 4024 1098 4118 Ecclesiasticis
1123 4027 1422 4144 transscripta&
1448 4030 1673 4120 conservata

327 4141 396 4235 D.
409 4139 459 4230 Ε.
473 4142 529 4232 Α.
544 4139 589 4229 de
600 4140 777 4233 Revelat.
790 4143 893 4233 Pars
904 4143 961 4231 ΙΙ.
1216 4147 1245 4232 F
1598 4143 1674 4233 suit
