3796 4994
229 322 255 394 a
265 285 333 415 36
697 277 950 421 Regulam
979 288 1029 386 P.
1059 281 1172 424 orst.
1202 418 1207 427 ¹

226 518 294 582 aut
311 494 408 594 circa
437 486 733 603 applicationem
756 490 807 574 ad
838 487 961 576 casum
989 486 1265 604 particularem}
1321 485 1430 576 Aliis
1457 491 1561 578 enim

229 613 355 722 phetae
383 609 534 689 Veteris
565 605 798 688 Testamenti
829 600 1030 691 elatiorem
1062 611 1102 690 in
1141 601 1269 689 multis
1300 606 1352 689 de
1382 609 1576 690 futtuollt

233 725 438 815 notitiam,
468 714 647 828 Apostoli
682 723 722 800 in
753 720 1009 802 controversia
1038 718 1355 815 circumcisionis,
1383 722 1437 802 D.
1461 725 1576 830 Cypn'

234 844 275 920 in
302 828 511 946 'quastione
534 830 585 913 de
605 833 869 916 haereticorum
897 829 1100 941 baptismo,
1127 839 1165 913 δι
1186 839 1316 916 Patres
1335 837 1506 942 priorum
1530 836 1576 917 C<

234 945 376 1032 liorum
401 943 591 1050 ejusmodi
616 949 820 1042 veritates,
851 943 1022 1029 Ecclcfiae
1053 952 1223 1057 inprimis
1255 942 1473 1029 necellarias
1506 945 1576 1030 ail

236 1061 434 1171 requirere
455 1083 536 1139 non
559 1055 777 1141 omififfent.
835 1062 972 1170 ltaque
1007 1060 1157 1142 donum
1184 1053 1281 1142 illud
1315 1061 1557 1168 Prophetae,

237 1165 417 1258 nonnulli
442 1172 668 1253 Sandorum
693 1176 888 1283 eriguntur
909 1179 949 1254 in
976 1171 1168 1267 fiduciam,
1195 1173 1352 1281 petendi
1383 1170 1406 1254 a
1432 1177 1576 1254 DEOt

238 1285 416 1379 lationes,
437 1278 558 1366 solium
583 1280 619 1367 sc
641 1285 814 1368 extendit
831 1283 881 1367 ad
906 1284 1201 1368 determinatum
1221 1312 1340 1397 genus
1363 1310 1576 1367 eventuum

239 1428 325 1486 rum
360 1392 566 1496 videlicet,
599 1418 768 1509 quorum
806 1403 981 1505 notitiam
1013 1399 1036 1482 a
1063 1396 1101 1482 le
1127 1403 1207 1508 peti
1241 1394 1349 1509 polle
1375 1402 1491 1481 DEus
1516 1398 1576 1479 inl

238 1515 384 1625 praevio
411 1513 596 1611 instindu
626 1509 818 1594 notiffrmo
835 1506 1081 1594 familiaribus
1109 1515 1205 1596 DEI.
1265 1510 1458 1594 Caeterum
1494 1513 1577 1623 lieg

239 1639 280 1711 in
307 1621 464 1735 praefato
491 1629 625 1735 Opere
651 1623 923 1708 Eruditiisrrnus
944 1626 1102 1707 Author
1125 1629 1174 1709 C.
1197 1654 1232 1725 3.
1256 1629 1295 1706 dc
1323 1660 1363 1724 4.
1385 1627 1442 1705 his
1465 1623 1576 1706 verbi

241 1741 435 1832 monstrat.
490 1741 549 1820 Eo
568 1733 606 1820 se
627 1737 767 1832 modo,
794 1741 921 1850 inquit
948 1735 1174 1849 Balnagius,
1203 1743 1393 1848 Perpetua
1429 1740 1549 1848 gerit,

239 1858 421 1964 Spiritum
449 1853 652 1946 Sanctum,
691 1848 796 1962 quafi
820 1849 969 1933 monile
995 1853 1200 1962 quoddam
1227 1857 1266 1933 in
1293 1876 1378 1933 arca
1403 1846 1467 1932 sua
1496 1846 1573 1932 incl

241 1966 403 2051 habetet
425 1964 475 2047 ad
502 1989 652 2060 nutum,
679 1971 759 2069 ejus
779 1959 1114 2061 illustrationibus,
1144 1963 1305 2076 quando
1332 1958 1472 2059 vellet,
1502 1959 1576 2047 usur

240 2076 407 2162 libitum.
462 2076 818 2161 Audianturuetba
836 2082 938 2182 ejus:
973 2082 1083 2161 Dixit
1113 2080 1206 2159 mihi
1231 2075 1348 2160 frater
1375 2104 1504 2159 meus:
1543 2076 1576 2163 L

243 2220 294 2279 na
323 2191 454 2286 Soror,
490 2194 558 2273 'am
586 2193 626 2274 in
653 2215 788 2304 magna
816 2187 1087 2305 dignitatem,
1116 2189 1173 2285 69³
1201 2199 1339 2289 tanta,
1374 2200 1419 2274 ut
1444 2186 1576 2301 postult

238 2306 390 2416 sionem,
420 2220 496 2396 65)
505 2299 720 2412 ostendatur
743 2299 826 2397 nbi,
853 2330 904 2386 an
927 2303 1038 2412 puffio
1059 2305 1123 2414 fit,
1152 2331 1202 2389 att
1230 2301 1488 2388 commeatus?
1531 2302 1576 2389 Et

244 2446 324 2531 que
340 2444 395 2502 me
406 2412 570 2530 sciebam
595 2413 770 2525 fabulari
798 2442 881 2500 cum
905 2415 1101 2513 Domino,
1136 2420 1242 2530 cujus
1272 2413 1447 2522 beneficia
1476 2424 1576 2502 rania

239 2541 352 2646 peria
378 2556 495 2626 eram,
518 2525 683 2634 fidenter
709 2529 897 2643 repromiss
924 2534 960 2616 ei
980 2528 1126 2618 dicens:
1162 2527 1332 2640 Crastina
1360 2529 1421 2615 die
1446 2525 1517 2616 tibi
1547 2554 1576 2615 rt

247 2644 363 2733 iiabo.
447 2646 586 2726 Mirum
613 2640 699 2726 sane
720 2641 922 2742 fiduciam,
942 2649 983 2725 δι
1011 2640 1093 2731 sold
1120 2648 1301 2728 Montani
1329 2641 1474 2728 familiai
1500 2641 1576 2756 digt

246 2766 338 2843 Hoc
362 2758 520 2867 Basnagi
548 2780 776 2869 argumento
809 2753 923 2843 facile
952 2785 1016 2840 me
1050 2760 1296 2870 expedirem,
1324 2757 1352 2840 st
1382 2762 1576 2842 innumera

245 2869 435 2957 adferrem
466 2865 652 2965 finninfi
679 2896 761 2952 non
791 2874 905 2954 etiam
931 2874 1085 2978 majoris
1107 2870 1256 2955 fiducia
1283 2866 1473 2982 exempla,
1501 2896 1576 2953 non

250 2989 305 3069 do
322 3013 369 3068 ex
390 2986 663 3068 Recentiorum
681 2985 911 3067 Studiorum
937 2985 1115 3074 historiitr
1143 2984 1209 3069 sed
1230 2984 1252 3067 ὲ
1272 2986 1506 3069 Theodotiti
1524 3011 1576 3097 qu

250 3104 416 3184 Historia
441 3093 655 3210 Religiosa;
695 3097 717 3180 ὲ
742 3101 926 3210 Gregorii
947 3093 1149 3211 Dialogisr
1179 3125 1227 3183 erc
1244 3104 1405 3201 Joannis
1427 3093 1577 3182 Moschi

249 3242 293 3298 to
318 3207 521 3323 spirituali,
540 3215 579 3292 dc
603 3207 683 3293 aliis
706 3212 932 3313 hujusmodi
949 3215 1096 3324 quinti,
1119 3211 1234 3308 sexti,
1255 3239 1301 3295 ac
1316 3208 1561 3324 sequentium

250 3326 377 3411 lorum
403 3322 666 3407 voluminibus
692 3347 926 3408 coacervata.
982 3325 1038 3409 At
1059 3332 1244 3438 quoniam
1270 3328 1363 3409 mihi
1390 3353 1478 3409 cum
1501 3329 1576 3431 ejus

251 3439 474 3522 hominibus
493 3440 651 3550 quaestio
675 3440 741 3538 est,
763 3442 831 3550 qui
859 3438 902 3521 id
924 3443 1075 3551 generis
1100 3445 1359 3522 monumentis
1383 3466 1543 3522 omnem
1568 3463 1576 3520 t

251 3555 293 3637 te
320 3551 438 3635 fidem
461 3551 672 3662 abrogant,
698 3551 778 3635 haec
798 3551 1134 3661 inpraesentiarum
1164 3549 1268 3636 milla
1291 3550 1454 3649 facicm,
1478 3558 1520 3635 dc
1548 3577 1576 3634 a

253 3694 317 3750 mc
336 3660 512 3775 exempla
534 3665 830 3778 testimoniaque
851 3691 1086 3763 convertam,
1117 3667 1259 3779 quibus
1292 3671 1319 3749 ii
1347 3670 1496 3750 tantum
1516 3662 1576 3748 rel

253 3781 432 3876 audeant,
461 3781 531 3889 qui
558 3802 624 3860 aut
651 3779 902 3862 Christianam
942 3775 1183 3892 Religionem
1213 3775 1388 3862 'ludibrio
1417 3781 1564 3861 habent

252 3888 398 3977 nullam
422 3896 572 4002 penitus
597 3887 837 4003 Religionem
860 3889 1005 3977 colunt.
1064 3899 1161 3977 Non
1185 3896 1238 3977 est
1260 3919 1404 3987 tamen,
1425 3921 1493 3975 cur
1517 3894 1541 3977 a
1565 3923 1576 3974 r

251 4003 366 4121 liquis
415 4011 622 4116 expectet,
655 4030 698 4089 ut
732 4010 864 4090 omnia
900 4007 977 4090 huc
1009 4006 1207 4092 conferam
1247 4003 1461 4090 coelestium
1493 4005 1576 4089 visre
