3796 4994
312 364 315 369 ¹
451 249 695 391 judicium
715 242 963 386 Rodandtst.
981 250 1033 348 de
1056 255 1206 355 Revel.
1222 249 1347 352 Mali
1359 270 1364 279 '
1530 285 1554 353 2
1565 284 1624 383 53

624 463 681 663 'c
713 498 773 659 A
816 526 904 702 Ρ.
977 513 1183 656 XXI.

212 799 499 979 Judicium
552 789 1069 982 Bossandistarum
1139 794 1221 928 de
1277 798 1640 945 Revelatiof

678 991 828 1099 nibus
864 991 1160 1097 Mulierum.

220 1309 242 1367 t.
442 1280 822 1370 ERevesasionibus
851 1282 901 1368 Β.
930 1280 1130 1367 Veronicae
1157 1277 1202 1367 de
1230 1281 1393 1397 Binasco
1425 1278 1644 1369 Bollandus
1797 1285 1835 1293 ”

469 1400 521 1483 ad
563 1399 667 1482 diem
717 1427 782 1499 ¹3·
815 1401 983 1503 Januarii
1027 1393 1180 1480 Dissert.
1220 1394 1377 1510 prasim.
1404 1404 1457 1484 N.
1494 1432 1535 1503 4.
1568 1400 1641 1485 ait}

467 1509 594 1599 Multa
621 1519 660 1596 in
680 1512 800 1598 uttan
828 1509 960 1597 vidisse
984 1536 1221 1597 memoratur
1240 1519 1447 1612 veronica,
1471 1543 1558 1628 quae
1584 1516 1641 1598 vi·'
1713 1554 1716 1561 ·

470 1633 504 1714 ri
540 1630 650 1714 dodi
684 1623 886 1740 respuunt,
924 1653 976 1711 ut
998 1624 1166 1740 suspecta
1202 1625 1371 1713 falstatis
1407 1635 1505 1714 circa
1543 1634 1643 1716 Vitae

216 1742 326 1832 Christi
350 1746 541 1859 mysteria.
618 1748 767 1830 Verum
801 1744 926 1828 isthaec
957 1740 1119 1826 fortassis
1151 1742 1349 1827 obscurius
1387 1768 1557 1829 enarrata
1589 1748 1642 1829 ita

215 1859 354 1975 Scriptnr
392 1856 569 1972 exposuit
581 1889 600 1948 ·3
653 1881 719 1942 aut
759 1856 835 1970 ipsa
868 1887 916 1942 ex
950 1885 1077 1942 tetum
1102 1859 1253 1941 istarum
1280 1865 1478 1971 praeceptis
1507 1864 1641 1943 animo

216 1973 414 2090 imaginibus
434 1971 577 2071 retulit,
609 2001 697 2058 cum
717 1971 939 2056 immensam
961 1978 1038 2056 vim
1068 1973 1207 2056 divina
1231 1967 1328 2057 lucis
1349 1979 1388 2057 ἃ
1411 1971 1642 2073 dulcedinis,

179 2163 186 2181 2
219 2114 350 2199 quarum
371 2085 496 2175 nullas
519 2088 689 2173 habebat
709 2094 748 2172 in
769 2088 962 2199 phantasia
987 2084 1145 2200 species,
1170 2093 1384 2199 exprimere
1404 2118 1485 2174 non
1503 2087 1643 2203 posset.
1692 2176 1697 2183 ,
1765 2170 1769 2181 .

212 2201 322 2319 Ἀιφιε
350 2206 392 2291 id
420 2208 461 2289 in
489 2200 653 2288 aliorum
680 2230 847 2317 quoque
871 2203 1099 2287 Samiorum
1128 2202 1301 2315 raptibus
1332 2211 1373 2290 &
1396 2201 1645 2291 revelationi·

219 2311 408 2406 bulicebit
435 2316 600 2405 subinde
622 2317 840 2402 observare.
895 2318 1047 2420 Ibidem
1068 2319 1113 2401 L.
1136 2348 1178 2418 4.
1200 2321 1249 2404 C.
1272 2346 1308 2404 1.
1335 2349 1422 2405 cum
1453 2317 1644 2419 narrasset,

220 2431 497 2521 bVeronicant
535 2440 576 2517 in
605 2431 727 2518 Edast
760 2429 919 2534 vidisse,
954 2434 1067 2547 quod
1100 2437 1144 2517 Β.
1178 2437 1300 2548 Virgo
1338 2431 1544 2520 Bethlemii
1570 2443 1650 2544 'jam

176 2644 179 2649 ,
222 2568 334 2637 nomen
357 2546 468 2634 suum
497 2548 651 2633 dederit
673 2575 763 2632 ante
782 2572 956 2660 partum3
984 2549 1097 2663 quod
1128 2553 1168 2633 in
1200 2575 1310 2662 partu
1337 2547 1431 2634 loco
1458 2546 1648 2636 linteami-

223 2681 286 2760 uun
312 2662 405 2751 velo
438 2662 493 2749 sui
521 2669 654 2777 capitis
688 2669 750 2749 usa
786 2661 847 2752 sita
889 2665 1004 2775 quod
1027 2666 1068 2747 S.
1091 2661 1284 2776 Josephus
1318 2674 1395 2749 tres
1422 2665 1649 2751 obstetrices
1685 2684 1693 2691 ’
1761 2658 1764 2663 '

224 2777 427 2869 adduxerire
486 2785 525 2862 δι
555 2775 670 2893 quod
697 2784 738 2863 in
766 2783 981 2863 Nativitate
1008 2779 1150 2864 Christi
1176 2787 1216 2862 in
1244 2803 1335 2863 toto
1365 2781 1465 2864 orbe
1494 2782 1647 2865 cecide·
1710 2827 1713 2831 -
1801 2826 1804 2831 ·

224 2893 329 2980 ittns
347 2897 463 2980 instar
488 2899 598 2991 nivis,
623 2897 758 2979 Romae
784 2888 1027 2993 sonspoleum
1049 2897 1245 2994 emanarit,
1263 2889 1451 3008 templum
1477 2895 1648 2979 dirutum

225 2998 344 3097 fitur.
400 3015 494 3095 Haec
520 3011 650 3095 addit:
676 3008 1017 3122 Haudquaquam,
1041 3009 1158 3122 quod
1185 3005 1249 3092 hic
1284 3014 1479 3106 innuitur,
1512 3007 1651 3122 explo-

195 3143 315 3209 .1ttum
335 3126 515 3223 habetur,
535 3126 748 3237 Josephum
773 3151 818 3206 ac
846 3128 1045 3237 Virginem
1078 3122 1266 3234 Sponsam
1295 3150 1384 3209 ante
1419 3127 1529 3227 hujus
1563 3137 1651 3232 par-

226 3254 281 3323 tun
296 3235 487 3352 professos
514 3236 611 3330 esser
664 3267 751 3322 cum
774 3236 976 3352 praesertim
1003 3235 1213 3321 multotum
1245 3243 1401 3323 Patrum
1426 3242 1648 3325 testimonio

227 3358 353 3457 consiet,
379 3356 575 3441 Christum
612 3351 837 3465 ipsumhoc
865 3355 977 3437 censu
1015 3351 1124 3436 fuisse
1152 3350 1396 3467 descriptum.
1426 3404 1443 3420 ·
1504 3357 1569 3439 De
1591 3354 1649 3439 fa·

228 3457 348 3553 siarum
374 3469 534 3554 defertu
557 3467 721 3580 idipsum
743 3469 904 3582 quidem
926 3475 961 3550 ἃ
984 3464 1045 3551 alii
1068 3468 1272 3552 tradidere.
1328 3477 1382 3552 At
1410 3497 1497 3580 quae
1521 3466 1654 3555 socor-

228 3576 271 3662 in
286 3612 325 3668 ea
338 3582 465 3667 suisset
482 3586 620 3669 divinae
638 3587 819 3696 parentia,
840 3609 927 3696 apta
949 3580 1067 3666 lintea
1090 3611 1171 3665 non
1192 3578 1438 3696 preparasse?
1466 3585 1650 3697 prosedo

228 3703 338 3782 necin
362 3696 512 3811 vulgari
546 3696 708 3785 foemina
742 3696 956 3782 toleranda.
1013 3698 1164 3781 Munda
1202 3726 1261 3798 ae
1283 3701 1404 3783 nitida
1436 3699 1657 3812 praeparasse

230 3810 312 3896 varie
326 3810 599 3912 revelationes,
626 3818 930 3927 Doctorumque
957 3817 1126 3895 virorum
1145 3810 1357 3897 eonsensus
1383 3813 1594 3924 persuadet.
1635 3863 1653 3880 ·

227 3918 274 4007 De
286 3934 470 4038 portentis
498 3934 539 4013 in
560 3933 774 4013 Nativitate
802 3932 943 4013 Christi
973 3923 1146 4038 scripsere
1169 3930 1275 4011 idem
1303 3933 1434 4010 Patres
1462 3924 1655 4024 nonnulii,

229 4044 318 4149 qud
338 4046 656 4159 exdpocrypbis
674 4047 846 4131 haustum
866 4041 993 4128 censet
1014 4048 1213 4130 Batonius.
1271 4038 1386 4126 Plura
1411 4043 1501 4142 boc·
1517 4046 1657 4152 capite,

938 4162 987 4244 li
1019 4188 1039 4265 3
1530 4163 1653 4241 immo
