3772 4988
597 319 703 448 Reg.
727 306 879 412 Praei.
904 342 961 410 ex
986 318 1039 416 P.
1070 314 1283 420 Gravine.
1591 362 1659 467 79

198 527 361 609 cionem
394 544 567 633 generet,
596 515 797 631 prasertim
826 518 853 603 si
877 511 1135 604 revelationes
1160 522 1234 604 istae
1261 515 1459 634 respiciant
1484 555 1543 634 ea,
1571 562 1659 647 quae

212 635 359 753 alioqui
385 640 545 747 ingenio
584 640 622 716 &
659 634 851 719 industriae
882 635 1056 717 humanae
1082 636 1212 717 studiis
1250 648 1464 750 comparari
1490 644 1658 756 possunt.

210 751 386 847 Accedit,
415 775 459 833 ut
484 749 601 834 douc
623 743 776 835 Getson
802 748 853 830 de
874 748 1110 858 probatione
1133 747 1328 858 spirituum
1357 752 1547 862 observat,
1569 791 1659 850 cum

210 861 321 950 semel
342 861 532 978 loquatur
567 866 677 947 Deus
708 858 939 973 &idipsum
969 888 1050 944 non
1083 889 1257 972 repetat,
1286 866 1494 954 onerosum
1519 900 1566 958 ac
1592 907 1659 963 va·

211 1011 299 1065 num
332 974 423 1076 eise,
453 982 648 1063 reiteratas
682 974 837 1061 diversas
861 979 1104 1087 temporibus
1131 983 1300 1062 maxime
1321 986 1419 1069 circa
1446 986 1554 1072 idern
1579 995 1659 1077 ob·

211 1103 349 1199 sedum
375 1099 417 1176 in
445 1090 670 1176 immensum
697 1089 862 1196 visiones
888 1085 998 1201 super
1024 1084 1192 1174 visiones
1227 1088 1495 1204 multiplicare.
1557 1109 1660 1195 Non

211 1210 257 1294 fic
281 1206 466 1322 procedit
498 1204 599 1291 fides
633 1208 785 1302 nostra,
815 1208 868 1287 ait
895 1206 1025 1301 idem,
1055 1230 1175 1316 quam
1208 1212 1316 1289 Deus
1338 1206 1407 1291 sub
1430 1217 1660 1324 paucissimis
1722 1232 1729 1265 ²

212 1325 488 1418 dact-amentis,-
516 1325 555 1403 δι
580 1323 785 1432 preceptis
811 1314 995 1421 concludi
1023 1313 1151 1400 voluit
1188 1324 1238 1419 in
1263 1330 1557 1434 comparatrbne
1590 1362 1659 1423 ve·

213 1445 293 1524 teris
314 1433 429 1549 legis,
451 1463 531 1533 ne,
562 1460 606 1518 ut
630 1428 704 1534 illa,
735 1457 936 1546 appareret
954 1428 1017 1516 lex
1036 1436 1164 1544 gratiae
1184 1443 1305 1546 magis
1323 1438 1498 1525 onerosa.
1557 1449 1661 1535 Cer.

215 1555 258 1652 ti,
280 1553 395 1637 addit
430 1550 559 1655 idem,
585 1576 668 1631 non
701 1551 755 1633 est
780 1542 1024 1644 verosimile,
1053 1550 1122 1631 bas
1145 1554 1340 1634 reiteratas
1362 1559 1401 1636 ἃ
1426 1553 1659 1672 multiplices

215 1664 466 1752 revelationes
491 1663 517 1749 i
542 1662 637 1748 Deo
661 1660 875 1776 proficisci,
906 1663 997 1775 quia
1020 1658 1154 1747 omissa
1174 1661 1360 1749 sacrarum
1391 1671 1660 1784 scripturarum

214 1775 406 1877 seidone,
430 1778 689 1891 doctrinaque
711 1779 943 1862 Sannorum
975 1780 1096 1888 magis
1120 1771 1157 1861 se
1175 1805 1449 1868 converterent
1478 1787 1662 1883 homines

217 1897 257 1981 ad
276 1899 343 1979 has
367 1891 536 1978 visiones
560 1891 797 1990 audiendas,
827 1891 877 1976 ei)
902 1888 1186 2003 placentiores,
1215 1921 1300 2007 quo
1330 1907 1588 2002 recentiores,
1616 1912 1659 1993 δε

219 2007 373 2096 uitiosos
393 2003 551 2115 oculos,
579 2033 770 2120 auresque
797 2005 1058 2117 prurientibus
1081 2010 1264 2120 magistris
1292 2009 1550 2108 exhiberents
1603 2025 1659 2108 ita

219 2127 435 2239 quamagis
459 2116 664 2207 necessaria
688 2122 788 2219 sunt,
819 2115 1019 2218 nescirent,
1047 2124 1153 2235 quia,
1184 2149 1227 2207 ut
1254 2119 1394 2239 scripfit
1412 2131 1574 2232 Seneca,
1596 2133 1657 2222 su·

217 2267 392 2353 pervacua
424 2234 656 2324 didicissent.
728 2235 845 2323 Unde
873 2231 1073 2320 concludit
1104 2239 1265 2323 tandem
1300 2241 1501 2355 sapienter.
1558 2251 1658 2341 Inde

253 2352 505 2477 perspicuum
533 2355 602 2451 est,
636 2348 757 2466 quim
784 2344 978 2437 necessarii
999 2349 1071 2435 sint
1092 2348 1292 2469 Theologi
1316 2359 1356 2440 in
1375 2360 1600 2453 canoniza-
1652 2356 1656 2362 ’

398 2467 605 2567 tionibus,
635 2471 674 2551 δι
703 2466 989 2552 examinatione
1016 2465 1304 2561 docirinarumt
1345 2471 1454 2564 addo

588 2585 630 2669 dc
666 2575 979 2670 Revelationum.
1064 2583 1283 2702 Hucusque

806 2699 854 2783 P.
884 2695 1068 2786 Gravina.

520 2986 1170 3264 ¹'‘ia'acrtaieet

1088 3584 1093 3593 ι
