3796 4994
643 253 816 388 Regula
836 284 892 353 ex
916 252 1116 375 Feminir
1136 257 1237 388 piis.
1555 292 1649 390 251

352 494 395 562 2.
443 454 590 563 Idem
637 459 884 589 judicium
928 462 1045 570 tulit
1088 464 1246 571 Beata
1284 459 1497 570 Gentilis
1535 487 1658 574 Disci-

212 591 295 711 pula
324 603 369 684 B.
401 604 630 715 Margarita.
719 607 784 687 De
814 601 878 688 illa
909 608 1015 690 idem
1044 608 1200 691 Author
1231 608 1336 715 apud
1358 602 1590 690 Bul-landum
1618 614 1659 688 in

213 720 287 811 cius
318 719 413 800 Vita
447 719 498 800 C.
527 749 568 820 4.
589 718 639 801 ad
666 737 732 812 28.
763 723 930 822 Januar‘ii
956 724 1048 805 ait:
1107 726 1197 806 Hoc
1226 719 1366 807 illustre
1396 722 1581 826 indicium
1607 722 1661 804 est

212 833 324 912 animi
352 836 432 938 ejus
466 827 615 929 excelsi,
647 833 913 947 &generos1,
950 836 1065 948 quod
1104 864 1193 942 cum
1234 836 1414 951 quotidie
1450 824 1660 940 majoribus

213 938 356 1055 semper
414 943 716 1030 revelationibus
765 950 1007 1050 abundaret,
1044 978 1183 1036 omnes
1225 954 1331 1064 parui
1375 944 1545 1048 fecerit,
1593 977 1659 1031 ve-

215 1059 412 1145 hementer
454 1086 658 1159 metuens,
696 1089 748 1147 ne
794 1062 868 1148 sibi
913 1065 1129 1161 accideret,
1168 1067 1281 1179 quod
1318 1059 1467 1161 multis,
1500 1070 1569 1177 qui
1602 1067 1661 1145 ni-

217 1178 328 1372 pium
371 1177 565 1279 musmodi
595 1164 709 1262 'dona
749 1202 964 1292 expetunt,
1008 1204 1050 1265 ut
1087 1180 1232 1268 datoris
1266 1174 1482 1293 aliquando
1520 1173 1664 1263 oblivi·
1735 1212 1740 1219 ¹

233 1313 385 1374 teretur.

358 1592 401 1683 3.
439 1556 498 1665 ln
532 1559 650 1662 vita
686 1552 734 1663 S.
772 1553 1062 1662 Catharinae
1106 1555 1330 1664 Senensis
1366 1585 1416 1669 ad
1451 1607 1515 1685 30·
1548 1579 1663 1693 Apri-

230 1682 329 1785 lie.
353 1729 389 1804 5.
410 1724 603 1796 narratur,
625 1698 740 1811 quod
762 1701 935 1783 Christus
965 1694 1018 1782 illi
1044 1705 1084 1783 in
1111 1696 1243 1814 aliqua
1269 1699 1429 1786 Visione
1461 1698 1661 1780 tradiderit

174 1914 176 1921 Ι
232 1807 310 1896 ltanc
341 1809 529 1927 regulam.
608 1818 691 1911 Vis,
725 1818 865 1927 inquit,
898 1838 940 1896 ut
970 1814 1137 1898 doceam
1164 1839 1218 1912 te,
1254 1840 1444 1928 quatenus
1465 1810 1577 1923 pollis
1600 1811 1660 1892 di·

174 1992 177 2025 ,
235 1918 379 2013 [cernere
416 1928 582 2015 visiones
615 1954 722 2012 meas
759 1927 783 2014 i
821 1924 1032 2012 visionibus
1066 1932 1207 2015 inimici
1224 1933 1248 2013 ἓ-
1300 1925 1449 2041 lllaque
1490 1929 1570 2008 hoc
1601 1929 1660 2006 in·

174 2028 190 2129 l
239 2038 424 2159 anffime
457 2038 715 2155 supplicante,
751 2040 978 2152 respondit:
1034 2039 1158 2126 Facile
1194 2041 1407 2154 foretvper
1448 2039 1661 2151 inspiratio·

178 2250 181 2257 ,
241 2177 307 2239 utin
333 2161 500 2242 animam
538 2183 643 2242 tuam
674 2155 898 2255 informare,
931 2157 1045 2270 quod
1081 2160 1203 2242 statim
1231 2155 1462 2243 discerneret
1488 2161 1587 2239 inter
1617 2160 1665 2236 u·'

217 2292 304 2354 'uam
336 2277 376 2355 dt
418 2267 603 2373 alteram,
645 2271 713 2355 sed
748 2277 791 2356 ut'
821 2271 940 2384 prosit
975 2298 1053 2355 tarn
1077 2269 1316 2385 aliie-quim
1344 2274 1444 2369 tibi,
1483 2266 1579 2353 volo
1620 2292 1661 2351 te

242 2382 335 2471 urbo'
364 2386 533 2484 docere,
570 2390 664 2501 quia
689 2389 908 2488 Dodores,
939 2413 1045 2499 quos
1065 2416 1141 2501 ego
1163 2389 1306 2485 docui,
1339 2390 1493 2482 dicunt,
1525 2389 1563 2466 dt
1593 2410 1660 2466 ve·

243 2505 412 2600 uuest,
449 2503 563 2616 quod
600 2500 695 2596 visio
746 2529 832 2584 mea
870 2505 1003 2612 incipit
1045 2527 1132 2585 cum
1166 2527 1338 2599 terrore,
1371 2496 1586 2610 &semper
1623 2503 1663 2580 in

244 2616 386 2718 processu
414 2617 481 2701 dat
507 2624 696 2719 majorem
723 2610 986 2703 securitatemr
1045 2621 1180 2729 incipit
1211 2644 1299 2700 cum
1325 2612 1455 2730 aliqua
1483 2617 1665 2723 amaritu·
1754 2706 1767 2719 ..
1848 2637 1865 2654 f

245 2728 336 2828 dine,
359 2726 428 2816 sed
460 2727 608 2842 semper
640 2736 759 2845 magis
795 2726 1007 2818 dulcescitr
1052 2737 1156 2840 cujus
1182 2730 1404 2844 oppositum
1435 2729 1554 2812 habet
1589 2754 1662 2839 pro

243 2838 285 2924 ltu
302 2849 526 2931 conditione
550 2847 644 2930 visio
677 2850 844 2932 inimicia
890 2847 956 2929 dat
988 2849 1091 2930 enim
1125 2849 1165 2928 in
1199 2850 1415 2958 principio,
1446 2870 1489 2929 ut
1511 2844 1664 2926 videtur

197 3054 200 3059 ¹
243 2949 420 3072 aliqualem
453 2955 643 3062 letitiam,
686 2956 939 3056 securitatem,
967 2958 1045 3044 five
1078 2957 1353 3050 dulcedinemr
1411 2955 1476 3043 sed
1514 2956 1663 3067 semper

244 3069 450 3186 inprocelsu
481 3080 600 3159 timor
630 3065 912 3159 &amaritudo
941 3078 983 3157 in
1010 3077 1334 3163 ntente'vidtntis
1362 3076 1549 3158 continuo
1586 3097 1666 3152 cre·

244 3176 300 3270 leit
375 3196 469 3275 Hoc
492 3193 546 3272 est
568 3187 818 3286 verissimum,
849 3194 941 3302 quia
973 3195 1089 3274 etiam
1117 3195 1187 3275 viae
1215 3218 1309 3274 meat
1342 3189 1366 3274 i
1399 3192 1468 3272 viis
1499 3194 1578 3291 ejus
1601 3206 1667 3267 ea-

246 3295 312 3387 ltm
342 3301 559 3389 differentis
596 3300 791 3389 differunt.
891 3308 968 3409 Via·
993 3310 1095 3388 enim
1123 3309 1361 3417 poenitentia
1388 3309 1428 3386 dc
1463 3301 1668 3385 mandato·

245 3437 305 3499 tun
328 3446 506 3504 meorum
536 3424 573 3502 in
602 3423 790 3530 principio
816 3443 975 3530 apparet
1001 3415 1129 3532 aspera
1163 3426 1202 3502 δι
1240 3415 1416 3515 difficilis,
1451 3414 1517 3501 sed
1544 3442 1669 3530 quan·

245 3547 276 3607 tu
299 3529 378 3643 plus
405 3532 631 3645 proceditur
662 3538 786 3630 inea,
817 3558 933 3617 tanto·
956 3531 1043 3643 plus
1080 3531 1283 3630 dulcescit,
1314 3538 1352 3616 dt
1384 3537 1504 3645 magis
1534 3534 1588 3614 est
1612 3528 1669 3613 fa-

248 3638 328 3734 cilit
382 3656 445 3732 via
484 3672 614 3733 autem
651 3653 833 3733 vitiorum
869 3653 907 3732 in
949 3652 1140 3762 principio
1168 3673 1326 3760 apparet
1358 3644 1473 3733 valde
1501 3642 1669 3731 delecta-

247 3751 323 3857 bilu,
352 3759 418 3846 sed
452 3759 603 3874 semper
633 3767 672 3847 in
708 3758 883 3873 processu
926 3768 1094 3851 amarior
1125 3760 1169 3846 fit
1200 3771 1238 3845 ἃ
1266 3762 1503 3846 damnosior.
1588 3763 1641 3843 Sc

248 3893 304 3981 rgo
331 3875 424 3961 volo
455 3877 528 3960 tibi
562 3879 654 3962 dare
694 3875 798 3961 aliud
834 3877 979 3991 signum
1010 3872 1273 3961 infallibilibus
1305 3883 1342 3959 ἃ
1374 3883 1522 3960 certius.
1591 3877 1672 3954 Ha.
1728 3932 1753 3973 0

187 4034 192 4047 =
249 3979 320 4075 bees
339 4018 413 4102 pro
444 4015 568 4091 certo,
602 3992 717 4106 quod
747 4020 835 4080 curn
863 4020 942 4106 ego
970 3991 1036 4076 fim
1069 3997 1230 4090 veritas,
1259 3990 1407 4104 semper
1433 4016 1481 4074 ex
1513 3986 1670 4181 visrcppi.

999 4109 1091 4192 lia
1625 4122 1670 4192 us
