3796 4994
226 295 292 408 98
605 233 911 367 revelatione&
944 271 990 364 S.
1028 265 1270 369 Gerrrudir.

231 494 323 594 ea,
368 471 421 580 ἃ
472 494 565 611 per
607 506 720 576 eam
768 482 997 608 operari,
1047 473 1173 579 vidit
1224 467 1517 578 Dominum
1572 483 1674 579 cui·

209 616 354 727 liber
389 624 530 751 operi
575 611 660 717 sibi
704 613 883 744 oblato
930 615 1113 753 aliquid
1161 613 1339 720 addere
1383 648 1443 718 ex
1489 624 1676 749 pietate

230 764 345 887 sua,
386 751 440 860 dr
479 755 546 859 fic
580 753 643 857 illi
679 764 958 874 remittere,
998 781 1059 861 ut
1093 790 1189 890 pro
1227 755 1371 861 bona
1407 757 1677 867 voluntate

231 928 369 1005 nunc
406 894 724 1034 duplicatum
760 906 1038 1035 reciperet,
1081 898 1135 1004 ὅ(
1181 903 1490 1001 conservaret
1514 908 1578 1001 'in
1614 932 1672 1002 ae·

204 1064 433 1147 ‘ternam
475 1049 984 1165 remunerationem3
1050 1074 1139 1175 per
1203 1038 1343 1176 quod
1417 1038 1673 1157 intellexit,

205 1179 374 1321 -quod
420 1174 590 1291 homo
635 1210 745 1284 non
800 1180 992 1315 perdit,
1045 1181 1123 1286 sed
1174 1180 1404 1284 multum
1451 1180 1671 1285 lucratur

229 1317 1672 1449 mmmmfflmofflmmm

230 1490 392 1575 operum
421 1463 536 1545 eriam
576 1465 854 1571 preteritorum
881 1490 956 1573 pro
991 1488 1066 1546 una
1096 1464 1221 1544 anima
1249 1462 1400 1545 videtur
1424 1465 1673 1574 imprudensr

230 1605 313 1662 non
340 1578 455 1687 igitur
474 1567 656 1682 duplicati
687 1579 856 1686 proemio
880 1577 1017 1688 dignm
1055 1573 1180 1658 multo
1212 1580 1334 1658 minus
1362 1579 1430 1658 ilie
1462 1577 1604 1659 modus
1631 1582 1671 1658 in

51 1726 60 1735 ··
231 1717 312 1775 uno
339 1712 541 1771 momento
565 1681 790 1798 duplicandi
821 1685 884 1772 sua
911 1694 1044 1773 merita
1070 1691 1198 1798 potest
1227 1687 1300 1772 elle
1327 1685 1555 1785 universalis,
1580 1694 1672 1801 quia

229 1811 337 1888 Deus
364 1794 554 1885 debuisset
582 1826 671 1883 eurn
701 1797 938 1887 manifestare
963 1797 1148 1899 Ecclesia,
1181 1801 1208 1886 fi
1231 1803 1397 1899 daretur,
1426 1802 1542 1914 quod
1576 1828 1672 1885 nun-

228 1944 345 2031 quam
364 1911 457 1997 fecit
479 1937 569 1996 ante
598 1915 704 1997 istam
735 1910 1031 2013 revelationem,
1092 1943 1148 1999 uae
1169 1919 1208 1998 δι
1233 1913 1309 2026 ipsa
1335 1942 1459 2027 usque
1489 1915 1539 1998 ad
1563 1914 1672 1999 saru-

229 2027 310 2135 lum
334 2045 397 2119 ra.
422 2023 573 2110 delituit
601 2030 640 2110 in
661 2027 841 2113 tenebris.
927 2027 1006 2114 Sed
1031 1944 1252 2139 rdlponderi
1280 2031 1406 2140 potest
1435 2025 1564 2125 forte,
1589 2055 1672 2111 eam

230 2138 473 2245 oblationem
499 2144 675 2255 omnium
706 2169 869 2249 operum
891 2142 1187 2254 praecedentium
1213 2143 1287 2226 elle
1309 2167 1455 2225 tantum
1478 2169 1675 2224 rememo-

230 2259 389 2341 rativanr
415 2259 455 2336 in
475 2253 681 2364 conlpediu
710 2256 801 2351 Dei,
825 2282 899 2339 nec
928 2256 1096 2342 dedecet
1120 2258 1266 2353 Deum,
1290 2252 1360 2338 suae
1379 2253 1531 2367 Sponsa
1552 2254 1675 2365 singu-

227 2365 297 2455 lari
335 2369 537 2453 contestari
576 2364 681 2452 suam
720 2364 1046 2483 complacentiam
1077 2374 1118 2456 in
1152 2374 1197 2454 iis
1227 2369 1410 2481 operibus
1438 2364 1675 2483 duplicando

229 2487 344 2599 gratis
372 2485 593 2596 proemium.

273 2760 286 2785 .
370 2689 541 2796 XLVI.
614 2687 669 2795 L.
702 2728 744 2820 5.
774 2689 831 2796 C.
861 2706 939 2826 2'9.
1011 2602 1236 2795 Chrrltus
1272 2687 1465 2796 videtur
1499 2698 1674 2795 remit·

220 2856 334 2941 -tere
378 2853 588 2968 peccata
630 2840 683 2933 in
728 2831 964 2936 futurum
1015 2843 1244 2967 primum
1280 2834 1671 2936 committenda.

226 2980 293 3062 Sic
316 2973 470 3056 habet:
529 2973 726 3055 Dominus
763 2975 800 3056 S.
844 2973 1030 3058 Gertrudi
1059 2969 1269 3081 respondit.
1353 2975 1398 3054 ln
1436 2972 1674 3086 quibuscun-

217 3115 310 3202 que
337 3088 519 3196 deinceps
544 3079 751 3196 delinques
782 3114 830 3171 ex
860 3088 1029 3169 humana
1052 3081 1269 3195 fragilitate,
1301 3082 1371 3168 fint
1399 3112 1467 3195 per
1494 3091 1672 3169 virtutem

227 3228 323 3286 rneae
344 3200 551 3283 divinitatis
578 3199 794 3282 emendata.
869 3202 945 3283 Hic
967 3206 1149 3283 terminus
1178 3194 1387 3294 emendata,
1416 3198 1522 3282 idem
1545 3203 1600 3282 esi
1627 3226 1672 3282 ac

228 3309 454 3411 condonata,
486 3313 579 3423 quia
604 3315 644 3393 in
676 3313 756 3394 hoc
785 3308 872 3397 solo
889 3307 996 3399 sensu
1017 3311 1242 3424 frequenter
1267 3316 1433 3394 occurrit
1462 3317 1499 3394 in
1523 3316 1583 3395 his
1612 3340 1670 3396 re·

227 3421 509 3519 velationibus,
555 3447 597 3506 ut
624 3447 731 3534 patet
770 3419 928 3536 legenti.
1010 3426 1091 3513 Sed
1126 3423 1351 3536 responderi
1391 3422 1494 3509 forre
1528 3429 1667 3536 potest,

218 3538 425 3625 ,christum
463 3531 528 3619 hlc
561 3559 710 3620 taurum
748 3537 854 3624 dare·
872 3536 1161 3650 promiffionem
1194 3535 1330 3623 futura
1372 3540 1672 3624 condonationis

225 3645 409 3766 premissa
448 3653 567 3763 gratia
602 3651 915 3755 emendationis,
947 3677 989 3739 ur
1016 3655 1079 3740 hic
1105 3658 1291 3739 terminus
1310 3652 1389 3762 fini
1414 3652 1522 3737 idem
1549 3648 1667 3749 sonet,

227 3790 274 3851 ac
305 3771 432 3852 erunt.
735 3768 747 3789 “

1477 4059 1656 4167 XLVll.
1686 4066 1688 4071 ’
