3796 4994
221 321 319 428 184
418 362 434 390 ·
649 299 823 432 Regula
845 327 902 395 ex
930 226 1211 433 Sssberefia.

215 497 396 589 diffidens
424 494 582 586 sollicite
608 504 648 585 in
688 527 735 585 ea
760 503 937 616 inquirit,
966 527 1054 615 qua
1086 499 1177 584 fidei
1206 493 1421 583 conformia
1447 492 1546 580 lunt,
1613 494 1653 579 Si

214 619 311 699 verb
335 611 420 700 talis
443 620 567 699 anima
594 614 748 711 sentiat,
776 612 857 699 suas
889 621 1149 727 cogitationes
1173 614 1367 696 interdum
1403 617 1589 694 fluctuate
1610 635 1657 693 ac

212 728 393 824 titubare,
421 752 487 812 aut
513 724 666 839 stapud
686 722 924 838 semetipsam
953 731 1078 810 dicat:
1116 730 1221 810 Cum
1241 728 1352 809 Deus
1373 725 1453 807 hoc
1477 724 1572 806 mihi
1596 750 1655 806 re·

156 867 171 899 ι
213 837 411 935 velaverit,
443 845 587 951 poterit
623 844 758 953 utique
795 842 906 952 acque
941 838 1017 924 elle
1048 866 1181 922 verum
1195 894 1209 934 ,
1231 864 1277 921 ac
1300 833 1412 933 illud,
1438 836 1557 948 quod
1574 833 1655 920 aliis

210 948 344 1035 sanclis
364 954 559 1048 revelavit,
581 959 758 1066 quamvis
775 955 845 1036 has
866 949 1124 1066 suggestiones
1147 979 1228 1034 uon
1254 951 1404 1046 credat,
1433 947 1498 1034 sed
1523 953 1569 1034 iis
1587 945 1649 1032 lo·

209 1059 293 1148 ldm
321 1093 391 1175 per
419 1064 585 1149 modum
612 1070 824 1176 primorum
852 1092 1029 1150 motuum
1055 1088 1225 1148 tentetur
1250 1062 1274 1148 d
1300 1064 1506 1164 doemone,
1539 1071 1654 1158 (nam

209 1180 312 1261 iniis
331 1175 369 1261 se
393 1178 567 1262 detinere
596 1206 665 1290 per
694 1176 733 1264 se
758 1176 900 1262 clarum
930 1182 991 1262 ‘e‘st
1020 1175 1094 1262 else
1120 1174 1292 1278 malum)
1335 1184 1413 1280 lam
1443 1170 1653 1289 suspectam

208 1284 350 1374 habeo'
366 1287 484 1374 talem
511 1290 708 1375 visronem.
766 1291 904 1377 Credo
929 1293 1032 1374 enim
1059 1290 1224 1373 visiones
1240 1315 1358 1373 veras
1374 1287 1423 1372 stc
1448 1314 1652 1400 compara·

210 1425 268 1485 tas
288 1399 376 1500 esse,
401 1427 444 1485 ut
467 1401 531 1486 sua
553 1398 863 1489 consolidatione
889 1404 982 1488 fidei
1006 1427 1052 1486 ac
1071 1402 1394 1487 corroboratione
1418 1406 1536 1487 animi
1556 1398 1653 1513 saepe

210 1520 323 1598 etiam
345 1517 560 1625 impediant
578 1512 851 1629 subsequentes
870 1521 1018 1628 primos
1035 1520 1075 1599 in
1097 1511 1294 1600 adversum
1314 1538 1458 1598 motus.
1518 1521 1653 1626 Quan-

210 1627 268 1711 do
289 1626 452 1711 visiones
480 1628 614 1713 sunta
646 1631 858 1726 doemone,
885 1625 1138 1714 evanescit&
1175 1625 1275 1740 fitgit
1302 1627 1351 1712 ab
1378 1630 1506 1710 anima
1532 1654 1654 1711 omne

207 1739 382 1829 bonuma
406 1746 519 1825 itaut
540 1766 737 1827 remaneat
759 1743 809 1826 ad
832 1741 983 1826 bonum
1006 1738 1210 1853 languida,
1240 1741 1484 1838 conmrbata,
1513 1744 1556 1822 δι
1575 1739 1652 1826 fine

206 1851 315 1938 bona
341 1858 593 1965 operationes
623 1880 721 1941 nam
749 1859 927 1969 quamvis
953 1854 1156 1939 videantur
1179 1854 1335 1938 excitari
1361 1851 1469 1937 bona
1500 1852 1651 1957 defide-

127 1998 132 2005 ·
206 1967 277 2063 tia,
299 1966 643 2078 deprehenduntur
658 1992 786 2052 tamen
808 1995 854 2053 ca
879 1964 962 2052 non
986 1963 1062 2052 else
1084 1963 1264 2063 efficacia,
1288 1970 1328 2049 δι
1346 1960 1425 2077 ipsa
1443 1960 1651 2081 humilitas,

210 2104 299 2192 que
320 2075 567 2191 relinquitur,
598 2083 652 2163 est
686 2074 795 2177 falsa,
829 2079 1076 2179 turbulenta,
1102 2085 1143 2163 δι
1167 2105 1302 2164 amara
1362 2076 1519 2165 Cnseo
1547 2106 1650 2176 eum,

208 2195 278 2304 qui
307 2215 487 2303 expertus
515 2194 568 2274 est
587 2197 627 2275 in
654 2192 868 2276 visionibus
890 2199 1002 2289 veris,
1021 2195 1102 2276 hate
1119 2190 1232 2278 facile
1255 2187 1562 2282 intellesluruma
1592 2198 1649 2276 ni·

208 2297 419 2390 nilominus
444 2301 585 2402 fateor,
613 2304 843 2391 doemonem
862 2307 1006 2393 habere
1028 2311 1148 2391 varias
1168 2330 1269 2390 artes
1293 2312 1332 2388 dr
1358 2304 1533 2395 fraudest
1560 2309 1651 2391 binc

206 2419 248 2501 in
269 2418 342 2500 isto
359 2443 502 2529 genere
523 2414 618 2502 nihil
644 2417 747 2502 adeo
768 2442 894 2504 tutum
917 2422 993 2516 est,
1023 2445 1066 2504 ut
1091 2444 1173 2511 oon
1194 2418 1239 2503 fit
1269 2415 1430 2516 melius,
1448 2419 1650 2533 undequa-

205 2555 288 2641 que
319 2534 457 2616 timere
483 2537 523 2614 δι
551 2531 885 2617 ιιιιὺιιΙιιιιιιιιὲ
912 2529 1096 2646 eligendo
1123 2534 1283 2617 dodum
1309 2536 1557 2643 Magistrum,
1586 2536 1648 2617 eui

206 2635 302 2725 nihil
329 2646 583 2728 reticendum.
641 2645 769 2755 Quod
787 2652 922 2731 attinet
948 2643 1106 2731 effeetus
1132 2672 1309 2730 verarum
1329 2647 1534 2743 visrourtm,
1554 2642 1650 2761 ᾖ·

206 2778 289 2840 met
309 2783 378 2839 eos
398 2782 555 2868 experta
577 2754 670 2843 sum,
740 2762 846 2844 Cum
875 2764 976 2844 enim
1006 2786 1074 2871 per
1093 2761 1293 2845 biennium
1318 2756 1434 2844 valde
1456 2764 1648 2856 timerem,

199 2893 258 2955 ne
274 2867 453 2966 visiones,
465 2897 563 2983 quas
580 2871 773 2955 habebam
790 2868 907 2956 essent
927 2873 951 2958 a
973 2874 1185 2970 doemone,
1214 2879 1253 2955 dc
1276 2877 1346 2957 viri
1360 2874 1497 2958 doctri
1530 2879 1539 2897 “
1567 2869 1649 2957 sum

203 3005 434 3080 metuerent,
462 2987 503 3068 in
530 2984 604 3068 hac
632 2979 777 3068 summa
804 2991 999 3071 anxietate
1014 2986 1382 3099 ¹&perturbatione
1409 2987 1506 3091 nubi¹
1545 2982 1649 3073 smel

203 3092 432 3181 dicebantur
455 3097 536 3181 hac
564 3097 703 3182 verba:
733 3096 884 3204 Confide
912 3098 1019 3206 filia,
1047 3126 1114 3217 ego
1134 3099 1245 3213 sum3
1278 3124 1351 3218 ege,
1376 3094 1462 3186 nolt‘
1481 3108 1522 3186 se
1546 3095 1595 3185 ae
1608 3127 1649 3186 e-

201 3233 299 3293 ram.
360 3214 430 3294 His
452 3211 579 3296 verbis
599 3215 731 3294 animo
753 3208 862 3297 srmul
881 3210 1110 3298 illabebatrv
1130 3208 1207 3296 alta
1231 3217 1354 3326 quies,
1382 3236 1504 3325 quam
1521 3239 1549 3295 u
1604 3239 1648 3297 ut

66 3327 69 3333 ’
98 3307 103 3312 ’
201 3318 405 3406 hominum
434 3319 586 3409 efficere
611 3320 684 3408 suis
713 3327 1050 3411 adhortationibus
1066 3331 1218 3437 potuit.
1285 3329 1437 3410 Exinde
1460 3323 1648 3411 senlime

199 3429 372 3517 totaliter
393 3440 646 3533 immutatam,
666 3434 823 3548 plenam
846 3436 1097 3540 fortitudine,
1124 3465 1235 3549 pace,
1269 3435 1380 3526 lucca
1420 3466 1514 3553 quae
1539 3443 1648 3551 priua

197 3546 420 3629 metuebam
450 3549 685 3646 doemones,
709 3546 840 3662 sapius
865 3556 960 3637 mini
984 3577 1233 3665 apparentes,
1262 3562 1339 3653 sam
1357 3547 1447 3653 illos
1466 3576 1648 3639 contem·

198 3657 341 3742 nebam
362 3683 548 3773 tanquam
566 3658 730 3751 muscast
766 3669 807 3749 dc
828 3666 913 3749 bac
937 3665 1128 3776 intrepida
1156 3669 1217 3751 vit
1238 3671 1447 3763 etiamnmn
1470 3669 1649 3753 conlisu-
1671 3674 1674 3681 '

196 3792 256 3854 tet
275 3775 314 3854 in
336 3797 401 3854 me
426 3769 650 3884 perseverat.
708 3779 765 3861 lta
789 3781 830 3862 S.
850 3779 1045 3864 Tbetefia.
1099 3776 1280 3862 observo
1304 3803 1460 3879 umen,
1484 3806 1539 3867 ex
1564 3781 1649 3869 bot

162 3932 165 3936 ·
194 3879 279 3994 ipso
302 3881 501 3998 consequi,
528 3889 640 4002 quod
663 3916 743 3972 noo
763 3919 900 3976 omnes
925 3893 1089 3976 vinones
1118 3919 1227 3976 -verae
1242 3887 1408 3979 'densent
1425 3920 1565 4004 pacem
1586 3895 1649 3979 in·

197 4018 368 4098 ternam,
395 3995 577 4116 aliosque
602 4002 761 4090 essenus
791 4006 1034 4095 connautesa
1084 4000 1264 4118 alioquin
1296 4006 1339 4091 S.
1366 4005 1549 4094 Tbetelia
1576 4034 1649 4120 per
1711 4016 1715 4027 '

218 4136 238 4183 ι.
1543 4125 1651 4207 inte·
