3796 4994
275 340 280 355 ·
330 323 398 415 18'
642 286 858 441 Exempla
883 276 998 438 idest
1016 333 1073 404 ex
1094 305 1234 406 variis
1250 301 1454 405 Autbo'r.

381 545 482 640 ··3.
519 502 589 618 ¹ln
652 514 771 618 Vita
820 508 868 617 S.
920 506 1211 618 Catharinae
1267 507 1603 617 Bononiensis
1653 528 1710 620 ad·
1735 544 1777 635 r'·

184 640 197 650 ⁶
328 650 460 739 Martii
481 655 534 739 C.
560 681 599 738 a.
624 678 794 738 narratur
822 649 985 767 sequens
1002 646 1156 737 illufioz
1196 656 1240 737 In
1264 648 1521 736 adolescentia
1543 650 1608 736 die
1634 655 1778 735 nouu-

328 770 411 881 que
437 771 656 851 orationem
679 754 978 881 frequentabat,
1001 769 1041 849 δι
1060 791 1222 879 operam
1244 767 1363 851 dabat
1386 767 1524 864 enixi,
1548 789 1591 848 ut
1612 757 1779 879 quamli-

307 878 397 965 be't
410 884 611 991 virtutem,
633 908 751 993 quam
774 885 814 968 in
834 877 912 965 alio
935 882 1077 993 quovis
1100 872 1177 964 else
1202 878 1349 964 vidisset
1385 905 1452 964 aut
1482 873 1661 979 audiiset,
1683 872 1777 961 affe·

324 1019 522 1107 queretur.
595 996 784 1107 Otmque
823 988 1026 1105 multiplici
1059 997 1187 1104 gratie
1215 990 1379 1078 coelestis
1404 995 1517 1076 dono
1547 991 1777 1092 abundaret,

326 1114 488 1220 idagnas
520 1128 651 1192 tamen
687 1109 815 1191 adhuc
839 1112 1073 1192 tentationes
1104 1103 1205 1219 passa
1233 1109 1298 1191 est.
1368 1110 1447 1190 Die
1467 1107 1660 1218 quadam,
1687 1129 1778 1190 cum

327 1214 433 1305 illam
452 1218 637 1305 invafillet
653 1224 831 1335 quadam
857 1215 1213 1333 mentissuggestio,
1240 1216 1440 1304 diabolum
1468 1221 1649 1305 audader
1676 1213 1776 1302 allo·

158 1382 160 1387 ·
203 1407 205 1411 ,
332 1358 421 1419 cura
452 1336 506 1418 esi
525 1335 677 1420 dicens:
712 1338 834 1435 Scito,
857 1330 1001 1418 nullam
1022 1340 1117 1419 mihi
1144 1333 1168 1418 i
1198 1359 1239 1419 te
1259 1342 1515 1431 tentationem
1537 1330 1668 1418 inferri
1685 1359 1779 1445 pos·

328 1443 381 1545 ie‘,
394 1454 525 1562 ,quam
549 1477 630 1532 non
650 1452 849 1533 noverim.
869 1450 873 1459 ’
906 1456 1040 1564 Quare
1064 1443 1200 1532 volens
1216 1442 1270 1533 illi
1290 1451 1399 1532 Deus
1418 1451 1573 1531 nimiam
1592 1447 1777 1531 fiduciam

330 1559 551 1673 infringere,
567 1588 612 1647 ac
636 1564 854 1663 ostendere,
868 1559 1121 1647 adversarium
1144 1557 1219 1646 else
1238 1557 1302 1644 illa
1320 1558 1447 1645 multo
1465 1557 1717 1657 callidiorem,
1732 1583 1777 1646 ut

329 1670 561 1761 subtilissima
586 1704 672 1761 eam
688 1675 862 1763 fraudea
916 1676 1127 1773 redereiur,
1149 1670 1330 1761 uidelicet
1346 1671 1415 1761 sub
1435 1673 1561 1788 forma
1583 1681 1626 1759 B.
1650 1676 1776 1786 Virgi-

329 1794 404 1888 nis,
429 1789 615 1902 permisrtr
645 1796 715 1904 qui
740 1817 825 1876 eam
904 1817 1061 1905 oquens
1084 1790 1204 1874 dixit:
1232 1792 1274 1874 Si
1299 1789 1514 1875 amoremi
1537 1814 1578 1874 te
1594 1785 1775 1874 vitiosum

330 1930 488 2001 arceas,
514 1903 723 1989 virtuosum
759 1931 931 1991 amorem
965 1906 1037 1988 tibi
1064 1907 1290 2003 immittam,
1319 1908 1359 1985 δι
1381 1908 1441 1987 his
1463 1907 1572 1988 dinis
1609 1898 1776 1989 evanuit.

332 2020 522 2131 Cumque
540 2014 617 2131 ipsa
632 2021 819 2121 crederet,
841 2019 934 2104 vere
955 2014 1059 2103 illam
1082 2013 1191 2102 fuisse
1213 2021 1287 2101 Dei
1312 2021 1548 2132 genitricem,
1572 2025 1664 2131 quia
1682 2018 1777 2100 iunc

311 2234 314 2239 ¹
331 2139 503 2218 orationi
518 2138 665 2216 intenta
686 2160 771 2218 eam
792 2133 957 2217 maxime
977 2127 1217 2243 precabatur,
1229 2155 1272 2215 ut
1288 2131 1358 2216 sibi
1369 2132 1589 2216 concedere
1602 2134 1781 2244 dignare·

275 2315 280 2329 .
333 2268 411 2347 eur,
433 2271 476 2329 ut
499 2251 579 2351 ejus
600 2241 722 2330 filium
746 2247 925 2331 ardenter
945 2241 1071 2357 posset
1101 2271 1254 2342 amare,
1282 2250 1454 2360 cogitare
1478 2249 1617 2358 coepit,
1646 2238 1713 2327 ciir
1731 2249 1776 2328 n·
1892 2340 1894 2344 ,

334 2363 460 2475 Virgo
479 2359 548 2445 srbi
565 2357 727 2459 dixisset,
744 2358 771 2445 si
788 2359 812 2446 i
827 2363 865 2442 se
886 2355 1037 2473 fugaret
1057 2352 1234 2443 vitiosum
1253 2385 1440 2459 amorem,
1456 2357 1543 2443 fore
1562 2383 1605 2443 ut
1627 2363 1776 2442 virtuo-

238 2502 242 2511 ‘
333 2467 417 2563 suin
435 2478 672 2559 immitteret.
728 2480 862 2584 Quare
879 2469 932 2556 illi
953 2500 1023 2586 per
1052 2468 1245 2557 occultam
1267 2473 1385 2558 hostis
1407 2471 1584 2559 fraudem
1606 2478 1647 2556 in
1667 2497 1776 2555 men·

117 2640 121 2647 ·
251 2620 253 2625 ·
334 2576 376 2674 t'e
398 2589 618 2690 dicebatur,
651 2611 705 2673 ut·
718 2592 865 2701 proprii
884 2586 1077 2700 appetittis
1095 2612 1141 2671 ac
1158 2588 1289 2696 judicii
1314 2586 1337 2672 i
1360 2585 1398 2671 se
1419 2615 1592 2673 amorem
1613 2585 1778 2700 fugaret.

178 2710 181 2721 '
330 2706 421 2788 Hac
440 2708 556 2817 igitur
580 2699 764 2788 decania
790 2703 973 2797 decrevit,
1005 2696 1130 2785 molto
1161 2705 1283 2814 magis
1300 2706 1407 2788 omni
1434 2703 1562 2786 studio
1584 2699 1656 2786 suae
1676 2702 1779 2786 Pra-

245 2900 266 2937 „
332 2812 458 2919 feda,
473 2817 625 2930 absque
645 2811 727 2901 ullo
757 2813 970 2900 discrimine
994 2815 1276 2928 obtemperare.
1332 2809 1529 2903 Diabolus
1552 2842 1681 2901 autem
1703 2816 1779 2899 stu·

337 2931 445 3028 duit,
473 2956 543 3043 per
569 2930 681 3015 hanc·
700 2924 818 3042 ipsam
845 2928 1081 3017 obedientia
1114 2934 1307 3028 virtutem,
1337 2958 1457 3044 quam
1485 2929 1551 3013 ab'
1565 2933 1675 3013 initio
1705 2925 1778 3014 suar

336 3043 597 3133 conversionis
613 3041 723 3156 supra
743 3061 894 3128 ceteras
921 3039 1130 3141 dilexerat,
1156 3036 1260 3128 illam
1285 3045 1477 3157 decipere.
1534 3045 1681 3156 ltaque
1694 3071 1779 3128 coe·

334 3164 395 3279 pit
416 3159 600 3274 quotidie
632 3159 742 3242 cordi
781 3163 863 3264 ejus
892 3161 1150 3271 cogitationes
1180 3162 1409 3261 immittere,
1431 3182 1474 3242 ut
1497 3154 1621 3242 ferme
1644 3160 1779 3242 omnia

336 3276 440 3361 diua
467 3279 505 3357 δι
532 3269 633 3358 sacia
660 3269 732 3356 sua
758 3268 947 3356 Praefeciae
974 3278 1098 3382 pravo
1126 3273 1272 3380 judicio
1309 3279 1637 3386 interpretaretur,
1665 3298 1711 3357 ac
1739 3274 1780 3355 in

292 3396 299 3423 ·’
335 3383 441 3476 illem
465 3393 769 3472 inmurmuraret.
853 3392 945 3490 Qua
966 3410 1014 3470 ex
1038 3412 1080 3470 re
1108 3413 1285 3499 magnam
1302 3384 1518 3502 patiebatur
1537 3412 1717 3499 poenam,
1736 3389 1778 3470 δι

333 3498 440 3591 luam
476 3495 629 3612 culpam
669 3500 775 3612 apud
817 3500 937 3610 ipsam
982 3503 1151 3585 Matrem
1197 3497 1294 3612 sape
1333 3527 1477 3616 magno
1516 3499 1585 3586 suo
1622 3502 1800 3613 pudore

334 3614 551 3705 fatebaturi
569 3626 642 3699 nec
658 3639 788 3699 tamen
809 3632 941 3727 pugna
959 3609 1134 3699 cessabat.
1192 3620 1296 3699 Hinc
1316 3619 1357 3699 in
1376 3640 1515 3730 magna
1537 3607 1782 3701 detinebatur
1806 3652 1809 3657 ·

337 3734 455 3817 animi
472 3723 741 3825 sollicitudine,
762 3754 849 3812 cum
877 3726 916 3812 se
941 3725 1123 3817 infensam
1144 3728 1288 3813 habere
1311 3728 1509 3844 Virginem
1529 3735 1688 3815 Mariam
1708 3755 1782 3842 pu·

336 3869 456 3938 tereti
482 3843 638 3928 dicebat
656 3848 760 3926 enim
787 3840 938 3927 lecumr
985 3839 1067 3954 ipsa
1087 3845 1210 3954 Virgo
1237 3844 1330 3927 milri
1351 3845 1462 3942 dixit,
1485 3869 1529 3929 ut
1550 3843 1576 3929 i
1600 3871 1666 3929 me
1685 3871 1779 3958 pro·

334 3966 459 4076 priam
475 3952 716 4043 voluntatem
732 3983 772 4040 re
803 3951 973 4058 ellerem,
993 3961 1032 4041 dt
1052 3956 1234 4069 quotidie
1252 3962 1483 4044 contrarium
1505 3963 1653 4072 cogito.
1708 3962 1784 4045 Ita·

202 4118 206 4127 ·
338 4101 421 4190 que
439 4072 492 4162 ad
510 4098 690 4187 magnam
715 3984 1024 4185 deductionem
1051 4069 1310 4185 redigebatur.
1375 4077 1482 4165 Cum
1507 4090 1637 4164 tamen
1660 4075 1784 4278 hostli:

1252 4262 1257 4271 .
1346 4262 1364 4277 .,
1411 4262 1414 4267 .
1674 4219 1736 4279 rna
