3796 4994
290 309 362 432 ‚16
524 395 534 415 .
609 299 828 463 liuhap&
847 303 965 442 [Μ
984 343 1043 413 ex
1068 297 1215 413 uitiis
1233 303 1428 423 Autbor.

294 539 424 605 autem
449 516 631 632 Magister
663 522 837 606 Priorem
867 516 995 606 secum
1031 516 1087 607 sui
1132 519 1316 619 Ordinis,
1361 521 1588 607 Litteratum
1620 514 1755 618 valde}

294 635 337 716 in
356 631 530 718 moribus
552 635 763 747 probatum
792 642 833 718 de
861 635 1089 750 Phyficum,
1122 639 1193 750 qui
1226 635 1344 719 sciens
1374 636 1545 747 Magistri
1575 633 1756 747 propofi·

296 772 381 831 turn
406 750 520 834 etiam
545 752 586 832 in
617 749 839 835 infirmitate
874 748 1108 835 durissimum
1146 753 1262 834 dixit:
1300 757 1500 864 Oportet,
1522 774 1567 832 ut
1589 750 1683 832 mihi
1710 746 1757 832 sas

298 857 498 975 subjectus.
534 865 636 978 ¹,Cui
662 867 843 978 Magister
865 861 1075 973 humiliter,
1101 863 1181 963 siat,
1209 867 1348 980 inquit.
1412 869 1512 948 Mox
1540 890 1636 976 ergo
1659 890 1757 946 con·

284 980 369 1062 'tta'
382 971 697 1063 consuetudinem
727 981 886 1064 Ordinis
911 976 1073 1065 suaviter
1091 985 1131 1064 in
1151 973 1290 1093 plumis
1312 981 1465 1064 stratum
1484 980 1538 1062 ess
1558 976 1756 1062 infirman-

301 1095 343 1177 ti.
401 1095 536 1183 Noae
558 1096 743 1209 Magistro
759 1089 845 1179 solo
866 1099 906 1179 in
932 1088 1106 1179 thalamo
1128 1090 1350 1209 quiescente
1375 1096 1548 1205 apparuit
1574 1086 1759 1176 diabolus
1800 1094 1803 1101 ’

182 1266 189 1273 -
268 1205 589 1322 transfiguratus
609 1212 649 1292 in
672 1205 852 1323 angelum
871 1206 967 1293 lucis
991 1210 1142 1295 dicens:
1190 1212 1303 1292 Estne
1326 1209 1390 1292 hic
1415 1209 1596 1319 Magister
1613 1207 1760 1313 Jorda-
1834 1272 1841 1293 .

174 1338 178 1345 '
302 1325 408 1406 nus?
465 1327 503 1406 Ο
532 1320 654 1436 quim
681 1324 889 1438 impudens
912 1321 1035 1410 fastus
1065 1352 1128 1427 es,
1158 1326 1225 1439 qui
1251 1322 1357 1438 quasi
1386 1325 1604 1407 Dominato
1632 1345 1760 1421 ¹,terras

301 1439 344 1523 in
364 1429 474 1521 'lesio
502 1432 664 1549 plumeo
694 1433 888 1524 &sericis
925 1434 1144 1554 requiescis.
1228 1446 1266 1521 0
1296 1433 1443 1535 miser,
1476 1430 1596 1551 quale
1642 1424 1654 1455 ⁹
1677 1464 1761 1521 enr-

302 1546 414 1665 plum
445 1554 587 1636 Ordini
615 1579 686 1638 tuo
716 1562 755 1639 ἃ
785 1552 965 1640 fratribus
993 1550 1217 1667 relinquis?
1260 1553 1341 1637 Sed
1371 1580 1454 1635 non
1483 1553 1542 1635 est
1566 1559 1673 1635 Deus
1702 1555 1760 1635 tui

305 1659 452 1751 oblitus
480 1672 527 1751 in.
547 1666 689 1771 finem,
720 1675 789 1785 qui
817 1669 868 1753 ad
898 1669 1210 1784 redarguendum
1240 1694 1280 1753 te
1310 1665 1408 1752 misu
1435 1695 1511 1751 me.
1576 1669 1627 1750 Et
1646 1666 1701 1752 'tu
1726 1670 1761 1751 i·

303 1785 409 1983 fitur
428 1776 551 1896 sorge,
578 1788 618 1867 &
645 1809 753 1870 terra
775 1779 935 1898 supplex
961 1782 1175 1868 incumbas.
1232 1787 1323 1870 Nec
1353 1808 1486 1880 mora,
1513 1776 1677 1865 diabolo
1700 1781 1763 1868 di·

248 1992 252 2001 ‚
319 1922 480 2010 parente
508 1900 660 1983 territus
683 1901 864 2015 Magister
882 1905 923 1983 in
953 1902 1093 1984 terram
1127 1903 1289 2000 corruit,
1316 1901 1355 1980 dc
1377 1895 1427 1981 fic
1442 1905 1572 2004 jacens
1598 1893 1763 1984 manea

199 2036 202 2041 ·
305 2014 443 2098 Priore
463 2012 626 2098 disto&
643 2012 824 2100 fratribus
844 2018 1050 2099 invenitur.
1110 2020 1242 2125 Quem
1262 2017 1374 2098 Prior
1390 2008 1520 2097 severe
1538 2006 1652 2124 valde
1672 2039 1763 2100 cot·x

196 2110 206 2130 ⁸
307 2131 439 2241 sipost,
465 2128 505 2210 dc
530 2154 603 2239 per
625 2128 893 2214 obedientiam
917 2134 958 2214 in
987 2122 1093 2213 lesio
1114 2135 1240 2237 jacere
1265 2132 1408 2240 coegit.
1466 2128 1655 2240 Sequenti
1687 2155 1765 2211 no-

237 2248 239 2252 *
285 2249 373 2329 ’ἂι
390 2244 505 2325 Satan
525 2247 677 2328 iteravit
693 2244 919 2342 audaciam,
951 2242 1083 2327 durius
1112 2269 1230 2357 quam
1251 2249 1354 2356 prius
1376 2241 1670 2327 inobedientem
1693 2241 1764 2328 sbi

309 2356 528 2470 redarguit,
558 2362 599 2442 δι
639 2362 824 2474 Magistro
865 2358 917 2442 ad
955 2382 1096 2451 terram
1146 2355 1383 2466 descendere
1427 2383 1523 2440 mox
1571 2361 1767 2471 praecepit:

309 2478 441 2579 Quem
461 2471 552 2558 crim
572 2500 687 2560 mane
709 2480 821 2560 Prior
845 2474 985 2559 iterato
1005 2468 1206 2559 invenisset
1226 2472 1278 2557 ad
1298 2497 1439 2557 terram
1463 2471 1693 2586 indignatus
1705 2472 1767 2556 di·

310 2593 392 2675 atita
439 2591 566 2674 Miror
593 2593 756 2676 vestram
784 2585 1000 2690 stultitiam,
1026 2594 1098 2704 qui
1124 2594 1166 2674 in
1190 2586 1402 2702 periculum
1429 2603 1511 2672 non
1532 2582 1654 2673 solum
1680 2614 1768 2672 cor·

309 2707 441 2819 poris,
463 2700 530 2788 sed
556 2706 671 2790 etiam
702 2710 835 2791 animae
860 2730 997 2792 eontra
1031 2704 1301 2790 obedientiam
1322 2703 1402 2788 hoc
1428 2700 1557 2786 facere
1583 2697 1767 2788 voluistis.

308 2821 363 2905 'Et
381 2845 460 2932 ego
486 2821 604 2904 testor
623 2815 860 2920 altisimum,
879 2820 995 2935 quod
1017 2815 1166 2905 nollem
1191 2843 1374 2931 prototo
1392 2819 1543 2902 mundo
1571 2825 1623 2902 t'ta
1642 2822 1770 2930 gravi·

310 2956 382 3035 tet
396 2957 532 3025 contra
553 2939 680 3019 Deum
700 2941 742 3019 δι
763 2934 955 3021 Ordinem
982 2930 1181 3022 excessisse.
1241 2937 1289 3021 Et
1311 2933 1394 3018 hac
1417 2933 1549 3017 dicens
1566 2930 1668 3017 ‘flere
1685 2960 1770 3019 coe·

196 3050 227 3069 ⁸
311 3051 372 3165 pit
390 3048 605 3140 monstret
651 3050 767 3163 quod
791 3074 834 3135 ut
859 3051 977 3151 vidit,
1010 3045 1322 3135 collachrimatus
1357 3050 1411 3140 est
1439 3049 1479 3131 de
1516 3051 1698 3162 Magister
1728 3052 1768 3133 dr

310 3165 523 3279 procidens
546 3165 600 3249 ad
630 3166 754 3276 pedes
778 3171 858 3275 ejus
873 3163 1066 3252 confessus
1093 3168 1159 3267 ess,
1215 3159 1352 3250 ualite'r
1374 3167 1410 3249 ei
1433 3159 1614 3249 diabolus
1636 3159 1770 3249 illusis·

310 3282 380 3366 iet.
434 3285 546 3365 Tunc
571 3284 683 3365 Prior
710 3285 902 3393 pracepit,
931 3305 974 3366 ut
997 3277 1143 3366 ledum
1168 3192 1402 3365 ascenderet.
1485 3282 1614 3363 Tertia
1650 3284 1770 3364 noste

238 3460 240 3465 -
314 3422 396 3481 non
426 3393 568 3478 destitit
593 3392 774 3479 diabolus
803 3392 994 3509 triplicare
1032 3394 1237 3481 vesaniam.
1295 3398 1482 3507 P-raevenit
1514 3417 1646 3479 autem
1676 3420 1769 3478 eum

312 3510 556 3606 virbeatus,
584 3514 624 3592 dt
653 3509 769 3594 dixit:
798 3515 837 3595 0
866 3538 1062 3626 nequam,
1089 3507 1306 3624 quomodo
1333 3506 1610 3622 implicitatus]
1640 3535 1771 3594 meam

310 3616 479 3724 illudere
496 3617 650 3708 voluisti
670 3629 744 3709 &c
774 3627 833 3709 his
857 3627 968 3724 distis
990 3630 1032 3711 in
1055 3624 1195 3710 faciem
1220 3618 1369 3739 exspuit
1386 3620 1619 3738 disparentis.

280 3862 282 3867 .
350 3790 388 3815 ⁹
430 3789 552 3880 Aliud
580 3818 651 3906 per
677 3793 894 3881 illusionem
921 3797 1125 3883 doemonis
1162 3798 1413 3881 inBononia
1442 3800 1616 3911 contigit.
1688 3797 1774 3888 Ce-

260 3975 262 3979 ‚
312 3908 478 4023 lebravit
505 3912 613 3993 idem
634 3911 773 3997 beatus
802 3916 861 4022 vir
887 3909 1037 3996 Missam
1065 3912 1130 3995 die
1152 3911 1325 4023 quadam
1352 3916 1392 3995 in
1421 3908 1580 3997 secreto.
1650 3914 1774 4001 Senfit

314 4051 443 4121 autem
473 4049 552 4110 tam
578 4025 730 4112 mirifici
759 4024 895 4111 odoris
933 4025 1179 4142 fragrantiam
1217 4030 1265 4110 in·
1295 4021 1539 4141 susceptione-
1570 4029 1772 4117 Dominsci

309 4142 576 4263 Sanamem,
612 4165 656 4261 ut
689 4135 787 4250 nulli
827 4139 1002 4258 dubium⁴
1027 4137 1102 4229 esse
1131 4134 1281 4256 posset,
1307 4140 1520 4230 hanonon
1547 4138 1624 4229 esse
1651 4144 1773 4241 nisti

1635 4263 1768 4359 ΒΕΘ,
