3796 4994
221 362 285 457 39
565 386 571 397 ·
606 327 822 458 Exempla
843 319 959 456 llus
984 354 1042 424 ex
1074 314 1278 456 Gersone.
1346 425 1348 429 ,

217 533 327 621 fiune
352 525 527 629 finxisset,
559 557 600 617 ut
617 535 698 619 hnc
718 535 844 618 modo
867 528 904 617 se
931 536 1092 617 nutriret
1127 536 1168 614 δε
1197 530 1412 643 paupertati
1444 525 1681 619 subveniret.

219 652 306 739 Aut
326 643 481 733 sortisse
498 675 568 759 ρετ
585 651 813 752 hujusmodi
832 642 1010 735 Diabolo
1037 643 1074 731 se
1102 642 1275 730 miseram
1301 652 1341 730 iri
1367 643 1551 731 famulam
1579 648 1684 732 dica·

222 787 343 849 verat.
401 763 563 848 Inventa
586 768 640 848 est
660 759 813 877 insuper
838 761 1021 849 morbum
1043 763 1231 846 caducum
1256 763 1416 859 habere,
1443 789 1490 847 ac
1514 764 1685 848 eundern
1716 836 1718 840 .

225 876 299 979 sub
321 883 493 964 erraticis
518 877 726 975 excessibus
753 907 858 993 quos
874 878 1051 975 finxerit,
1070 871 1238 990 palliare.

336 1060 444 1145 ldein
465 1063 509 1148 L
530 1063 616 1146 CC.
635 1061 798 1149 Confid.
823 1092 858 1166 3.
878 1065 950 1145 ait:
989 1062 1189 1157 Causam,
1214 1062 1283 1171 qui
1308 1057 1388 1143 dati
1413 1057 1497 1143 sunt
1522 1064 1561 1144 in
1580 1063 1685 1175 tegi:

178 1228 181 1233 ,
225 1180 347 1274 mine,
362 1202 412 1260 ne
430 1169 567 1261 leviter
583 1174 654 1260 suis
670 1177 797 1262 verbis
814 1200 880 1260 aut
898 1173 1007 1260 fastis
1025 1174 1243 1374 approbent
1263 1175 1458 1258 doctrinas
1476 1171 1683 1260 muliercu-

212 1290 365 1389 larum,
383 1285 446 1375 vel
466 1285 662 1390 miracula,
687 1289 750 1377 seu
774 1283 940 1375 visiones
959 1287 1041 1374 inso
1059 1296 1152 1387 itas,
1177 1287 1264 1402 ipsis
1289 1289 1455 1375 maxims
1478 1290 1684 1376 scientibus

227 1403 295 1494 seu
318 1432 448 1490 coram
472 1409 538 1490 eis.
613 1403 735 1492 Nulla
758 1402 872 1520 plane
890 1401 1017 1518 posset
1040 1406 1122 1490 dari
1148 1402 1267 1489 altera
1287 1398 1427 1487 talibus
1449 1408 1499 1490 ad
1532 1404 1684 1521 lingen-

227 1521 324 1607 dum
343 1519 485 1606 fortior
506 1519 673 1607 occafio.
731 1525 887 1635 Experti
908 1515 1050 1631 pluries
1071 1516 1295 1634 loquimurs
1325 1523 1595 1634 &Gregorius
1617 1525 1684 1609 Xl.

227 1637 333 1725 testis
354 1636 523 1722 idoneus
538 1633 635 1733 fuit,
657 1632 724 1722 sed
743 1635 875 1722 tardus
893 1639 1017 1720 nimis.
1080 1640 1157 1720 Hic
1179 1635 1325 1750 positus
1347 1641 1388 1720 i'rr
1412 1642 1592 1721 extremis
1611 1639 1681 1722 ha-

226 1750 328 1835 bens
349 1758 387 1837 iii
410 1750 590 1835 manibus
614 1753 771 1836 Sacrum
796 1752 937 1838 Christi
956 1750 1115 1864 Corpus
1138 1750 1369 1864 protestatus
1391 1751 1445 1835 est
1470 1779 1601 1836 coram
1634 1780 1681 1839 o·

114 1870 118 1879 '
182 1968 191 1977 ¹
228 1865 401 1964 mnibus,
414 1890 457 1951 ut
470 1891 651 1951 caverent
667 1867 717 1952 ab
736 1864 963 1952 hominibus
980 1863 1059 1951 five
1079 1869 1168 1951 vitis
1182 1865 1259 1950 sive
1276 1862 1497 1952 mulieribus
1512 1861 1580 1950 sub
1597 1865 1682 1982 spe·

228 1983 290 2069 cie
306 1978 503 2094 religionis
535 1974 792 2095 loquentibus
820 1979 983 2067 visiones
1007 1977 1063 2064 sui
1087 1983 1246 2090 capitisi
1283 1985 1378 2093 quia
1395 2008 1465 2093 pet
1489 1981 1584 2067 tales
1601 1982 1682 2097 ipse

18 2202 26 2209 ,
106 2158 114 2170 -
227 2088 406 2183 sedunus
428 2093 593 2181 dimissio
613 2091 770 2181 suorum
788 2090 1011 2180 rationabili
1031 2091 1192 2180 consilio
1212 2093 1249 2180 se
1271 2101 1307 2178 ἃ
1333 2095 1537 2182 Ecclesiam
1554 2123 1683 2184 traxe·

96 2302 101 2315 p
227 2232 289 2313 tat
309 2210 361 2294 ad
390 2207 590 2294 discrimen
611 2207 828 2296 Schismatis
848 2213 1108 2309 imminentis,
1133 2208 1200 2294 nisi
1223 2208 1433 2297 misericors
1455 2214 1684 2325 provideret

224 2322 398 2439 Sponsus
419 2319 550 2430 JEsus,
575 2325 689 2438 quod
711 2324 928 2412 horrendus
947 2324 1149 2441 hucusque
1177 2326 1288 2409 nimis
1307 2328 1402 2412 heu!
1429 2325 1612 2440 patefecit
1639 2356 1684 2415 e·

226 2465 382 2527 ventus.
450 2442 506 2524 lta
528 2434 693 2526 Gerson.
765 2443 875 2527 Alius
903 2444 1210 2526 Commentatot
1233 2439 1416 2527 Gersonis
1432 2449 1473 2527 in
1491 2447 1596 2528 liunc
1619 2440 1686 2530 lo·

230 2581 320 2643 cuni
344 2554 478 2641 addit:
507 2558 583 2640 Hic
597 2559 701 2669 Papa
722 2582 811 2642 cuin
827 2552 919 2642 esset
936 2555 1169 2657 Avenion'e,
1188 2584 1260 2681 per
1275 2559 1518 2643 Katharinam
1537 2560 1590 2644 de
1610 2563 1683 2646 Se·

227 2673 290 2757 nis
309 2671 491 2756 inductus
509 2671 586 2769 est,
612 2665 779 2786 qualiter
802 2671 841 2757 se
861 2675 1026 2758 Romam
1059 2669 1306 2772 transferret,
1337 2670 1610 2760 cardinalibus
1639 2681 1680 2760 ἃ

210 2787 372 2881 ¹'criteris
394 2783 717 2877 dilluadennbusr
746 2815 943 2901 quocum
968 2794 1139 2884 veniret,
1175 2791 1274 2872 circa
1305 2789 1511 2873 dimidium
1535 2817 1683 2876 annum

226 2898 340 3007 obiit.
397 2900 536 2986 Editor
560 2906 735 3016 Operum
760 2899 943 2988 Gersonis
961 2900 1177 3017 subjungit:
1204 2903 1299 2989 Hoc
1324 2901 1683 2994 circellionum

273 3018 400 3131 punis,
421 3040 672 3128 necunquam
694 3045 776 3104 enm
794 3022 976 3107 nominat.
1036 3014 1248 3133 Roncaglia
1264 3022 1304 3104 in
1320 3024 1440 3105 Notis
1460 3020 1510 3106 ad
1527 3024 1625 3111 Hill.

151 3145 156 3154 '
453 3125 596 3219 Eccles.
615 3138 660 3222 Ρ.
678 3130 831 3220 Natalis
856 3134 959 3220 τεᾶὲ
981 3133 1165 3231 ostendit,
1182 3163 1265 3218 nori
1287 3132 1452 3252 potuisse

684 3245 848 3367 intelligi
874 3244 940 3334 hic
969 3251 1219 3338 Catharinani
1295 3261 1304 3285 ’

846 3359 1068 3453 Senensem.

646 3554 1186 3809 instarent

917 3813 992 4051 b
