3796 4994
540 218 742 319 revelat.
761 224 816 317 Β.
835 218 1048 317 lseronieae
1069 220 1123 317 de
1148 212 1346 350 Bineses.
1558 254 1656 349 ²09

213 416 351 529 Jlisum
372 423 569 535 quispiam
587 420 727 522 emolu,
749 450 871 537 quern
888 426 1019 509 Senex
1031 430 1187 537 accepit
1209 430 1250 511 in
1279 422 1403 511 ulnas.-
1461 424 1571 509 Idem
1599 432 1659 511 vit

213 540 298 621 duo
316 563 421 649 patra
441 532 723 635 columbarum,
745 544 911 651 duoque
932 564 1120 624 turturum
1145 544 1235 623 Seni
1253 533 1417 629 obtulita
1458 542 1658 625 enimvetb

215 656 344 735 Mater
372 654 562 735 Maria&
597 647 743 763 Joseplt
766 654 874 764 quast
906 656 1026 737 uistes
1062 649 1199 755 JEsum
1239 648 1378 765 procul
1414 650 1660 763 aspiciebant.

218 768 407 878 Denique
428 767 557 848 Senex
576 762 763 849 infantem
786 762 898 851 fascia
925 768 1111 865 nudavit,
1139 792 1386 880 acceptoque
1416 762 1543 851 cultro
1562 764 1661 878 lapi·

215 878 297 963 deo
315 873 535 990 pelliculam
557 878 836 963 circumcidens
855 876 1066 993 pauxillum
1093 885 1213 965 carnis
1240 882 1395 966 exemit.
1451 878 1509 969 At
1534 876 1660 967 infati-

213 990 321 1077 tulus
341 988 488 1099 ejulans
510 996 551 1077 dc
579 988 748 1079 clamans
763 987 905 1079 dolore
927 1020 1089 1079 matrem
1115 990 1256 1081 affecit

331 1146 376 1231 L
400 1176 439 1245 4
466 1144 516 1229 G
534 1170 575 1245 4.
616 1140 758 1259 vigilia
778 1144 999 1259 Epiphania
1026 1144 1078 1229 ad
1103 1168 1232 1259 partes
1260 1146 1431 1231 Orientis
1455 1142 1505 1228 ab
1525 1141 1658 1339 Ange-

215 1252 262 1340 lo
291 1254 470 1346 ducituts
509 1258 608 1343 vidit
634 1282 764 1342 autem
788 1254 983 1370 Angelum
1010 1260 1177 1345 Domini
1204 1264 1299 1373 Regi
1325 1263 1536 1345 Provincia
1562 1252 1660 1341 il'us

216 1376 485 1467 nuntiantem,
523 1376 616 1485 quia
646 1398 756 1455 natus
784 1372 837 1455 est
864 1372 1041 1458 Salvator
1065 1373 1230 1471 mundi,
1259 1378 1585 1484 hortantemque,
1608 1368 1658 1453 ad

217 1509 310 1568 eum
337 1483 577 1569 adorandum
602 1480 801 1597 proficisci.
886 1491 979 1571 Nec
1010 1514 1134 1572 mora
1188 1486 1255 1571 Ad
1278 1482 1389 1572 aliam
1421 1486 1572 1571 ducitur
1604 1486 1673 1567 0·'

215 1602 349 1681 rientis
377 1604 592 1711 regionem,
621 1606 727 1703 cujus
755 1603 855 1713 Regi
884 1606 987 1711 paria
1014 1595 1189 1715 Angelus
1218 1604 1415 1685 nuntiavit.
1476 1604 1579 1683 Tum
1607 1594 1660 1680 ad
1728 1610 1734 1631 ’

213 1716 468 1797 remotiorem
510 1716 619 1796 oram
659 1710 835 1825 prosedia
869 1718 1062 1799 veronica
1099 1706 1259 1823 Angelo
1304 1718 1514 1797 comitante
1556 1714 1668 1823 paria·

215 1822 416 1939 significati
448 1826 546 1938 Regi
587 1830 798 1910 Provincia
834 1820 936 1911 illius
978 1854 1049 1940 per
1081 1822 1275 1939 Angelum
1315 1822 1512 1938 inspectat.
1606 1831 1661 1907 At

216 1934 388 2051 Vespere
414 1940 580 2023 advertit
610 1947 738 2053 Reges
764 1944 806 2023 in
837 1968 956 2025 unum
981 1938 1199 2025 convenisse
1224 1990 1240 2007 ·
1268 1966 1351 2025 tum
1380 1936 1660 2025 Dromedarios

216 2048 396 2137 animalia
422 2053 578 2167 grandis
616 2056 759 2139 Ratutae
799 2060 839 2137 δι
878 2050 959 2139 visu
996 2052 1143 2140 ferocia
1182 2050 1456 2140 conscendunt.
1535 2054 1662 2165 Reges

215 2192 358 2279 magna
380 2172 550 2251 virorum
575 2167 687 2252 turba
712 2166 978 2253 comitabatur.
1004 2218 1024 2237 -
1079 2162 1327 2254 Illucescente
1351 2170 1417 2253 die
1439 2172 1580 2279 Magos
1597 2170 1662 2269 Je-

215 2276 408 2365 rosolimis
426 2280 621 2365 advenisse
645 2276 826 2379 offendit,
841 2282 983 2395 quibus
1007 2283 1182 2367 obviavit
1199 2284 1400 2381 Herodes3
1425 2306 1508 2365 tum
1534 2274 1662 2364 aulam

216 2400 406 2504 componi
436 2400 593 2507 regiam,
616 2392 760 2479 mensas
784 2401 928 2505 parari,
956 2397 1147 2509 cibosque
1165 2424 1239 2507 pto
1267 2400 1373 2511 regia
1396 2396 1583 2507 dignitate
1603 2387 1656 2475 af·

213 2506 308 2593 fetri
338 2508 448 2615 jussit.
476 2558 492 2573 ·
551 2506 726 2621 Angelus
752 2514 942 2621 nuntiavit
970 2514 1123 2611 Maria,
1146 2516 1275 2623 Reges
1299 2504 1503 2595 advenisse.
1586 2508 1661 2591 Re·

215 2620 331 2735 gibus
356 2618 524 2735 ingtellis
552 2626 676 2735 Virgo
703 2622 868 2719 resedit,
897 2620 1087 2707 infantem
1116 2620 1253 2727 JEsum
1269 2628 1431 2737 ‚gremio
1459 2622 1593 2707 locans
1615 2616 1663 2703 li·

217 2760 295 2818 nea
316 2738 419 2821 vesle
439 2739 776 2820 circumamicium.
856 2734 1015 2821 Infantis
1035 2738 1137 2821 tibiae
1159 2738 1273 2822 trudae
1298 2736 1552 2836 videbantur,
1569 2732 1660 2819 ade·
1754 2832 1757 2837 ,

216 2873 360 2959 ratque
391 2844 537 2962 Joseph
572 2844 683 2933 servo
710 2854 928 2937 comitatus.
1013 2854 1238 2965 Antequam
1267 2854 1392 2965 Reges
1426 2842 1661 2935 Infantulum

217 2967 489 3077 contingentes
509 2961 729 3060 adorarent,
757 2989 815 3049 tet
835 2990 938 3075 genu
963 2962 1124 3065 limite,
1148 2966 1298 3077 diuque
1317 2964 1370 3049 ad
1403 2966 1568 3047 invicem
1603 2960 1664 3043 di·

215 3070 428 3185 sputatum,
451 3078 539 3189 quis
561 3103 696 3160 eorum
718 3082 826 3188 prior
844 3072 1043 3166 adoratets
1070 3076 1243 3190 denique
1258 3082 1393 3183 Juniot
1410 3078 1516 3188 prior
1534 3100 1661 3159 acces·

217 3188 266 3275 lit
283 3190 405 3301 pedes
436 3186 595 3275 infantis
622 3186 870 3286 exosculans,
903 3194 1088 3305 &quam
1120 3196 1245 3304 capite
1266 3188 1437 3303 gestabat
1472 3214 1663 3275 coronam

217 3303 456 3416 antepedes
479 3298 661 3388 infantuli
685 3298 770 3388 solo
795 3328 1013 3415 reponens,
1035 3330 1158 3501 quem
1184 3308 1327 3407 JESUS
1352 3302 1479 3389 Infans
1501 3302 1661 3433 benedi·-

217 3421 291 3503 xit.
347 3420 411 3549 Sic
437 3444 605 3533 quoque
625 3444 740 3529 egere
768 3422 904 3503 ceteri.
981 3419 1033 3504 Vi
1064 3445 1087 3501 e
1111 3410 1244 3505 Revel.
1270 3421 1400 3504 Maria
1429 3418 1480 3504 de
1505 3414 1664 3533 Agreda

217 3554 444 3619 conttattas.

337 3716 384 3797 i..
406 3742 454 3816 Ι4.
482 3710 536 3795 C.
568 3726 606 3796 6.
659 3715 795 3798 Nooie
829 3708 1001 3826 sequenti
1035 3709 1172 3798 festum
1212 3717 1434 3827 Epiphania
1468 3718 1664 3800 Vetonica

218 3832 264 3911 in
287 3852 400 3939 raptu
419 3827 471 3911 ab
490 3823 648 3940 Angelo
668 3829 822 3909 ducitur
849 3830 889 3911 in
917 3828 1081 3911 domum
1104 3832 1326 3944 quandam,
1350 3828 1418 3913 ubi
1453 3826 1595 3940 Joseph
1624 3834 1663 3909 ἃ

219 3946 268 4027 Β.
292 3947 417 4053 Virgo
440 3966 560 4025 etant.
644 3939 755 4025 Vidit
781 3964 910 4024 autem
939 3940 1136 4057 Angelum
1170 3966 1421 4054 apparentem
1452 3946 1492 4026 in
1523 3940 1665 4026 somnis

319 4054 381 4141 D.
395 4055 441 4140 Ε.
454 4056 511 4141 Α.
529 4051 574 4140 de
591 4051 767 4141 lte-velas.
784 4054 887 4141 Pars
906 4054 962 4141 ll.
1178 4056 1260 4143 Dd
1520 4050 1663 4165 Joseph
