3796 4994
571 351 772 452 Revela.
798 349 851 447 de
872 347 1063 484 Agreda.
1088 357 1200 448 Pars
1214 355 1293 448 III.
1411 419 1417 427 -
1547 381 1612 477 42
1623 382 1648 479 5

334 571 426 658 138.
454 559 497 638 B.
511 558 635 668 Virgo
652 553 749 640 vidit
772 554 904 640 denuo
926 580 975 640 ex
997 581 1093 640 orco
1117 549 1321 640 ascendere
1335 546 1554 635 Luciferum
1566 577 1654 638 cum

213 666 278 757 sua
298 672 473 754 cohorte.
527 674 639 754 Tunc
657 674 807 781 gyravit
831 698 902 781 per
919 671 1057 755 orbem
1081 692 1126 754 ut
1147 671 1279 754 omnia
1303 661 1539 776 exploratetr
1563 665 1654 752 dein

213 781 253 868 se
271 779 433 869 contulit
454 778 750 896 Jetololymam,
775 809 817 869 ut
840 808 974 869 contra
996 811 1093 870 oves
1114 783 1255 868 Christi
1282 777 1436 866 saevuet

336 942 428 1015 140.
466 917 581 998 Tunc
607 918 654 999 Β.
675 915 799 1027 Virgo
822 913 903 999 haec
923 916 1060 1000 videns
1084 911 1122 1000 se
1146 912 1198 998 ad
1225 908 1444 1000 Luciferum
1471 916 1662 996 convertit

217 1027 372 1112 dictus:
414 1024 496 1128 ille,
517 1031 587 1140 qui
607 1050 649 1111 te
665 1029 705 1110 in
726 1053 839 1114 cruce
855 1027 1029 1127 vidit,·te
1048 1051 1222 1116 conterat
1254 1031 1293 1111 dt
1315 1031 1354 1110 in
1377 1052 1511 1110 orcum
1532 1026 1662 1137 remiq-

219 1165 296 1234 1111
322 1149 361 1227 &
389 1170 467 1257 ego
488 1149 568 1245 ejus
588 1145 753 1229 nomine
772 1145 853 1230 boc
874 1170 1062 1260 exequor.
1118 1146 1224 1231 Dein
1243 1143 1367 1228 oravit
1380 1138 1432 1227 acl
1455 1141 1602 1237 Deum,
1620 1157 1664 1223 ut

220 1260 301 1343 vim
326 1253 491 1342 Luciferi
516 1254 729 1341 cohiberet.

344 1414 437 1487 ¹4¹·
480 1388 633 1470 Virtute
660 1386 794 1469 batum
817 1411 976 1496 precum
1006 1391 1050 1471 B.
1070 1388 1238 1501 Virginis
1256 1408 1367 1472 tanto
1382 1386 1524 1471 timore
1548 1383 1665 1469 torri·

222 1501 414 1614 piebatur,
431 1523 473 1584 ut
494 1526 576 1607 non
598 1497 712 1583 fuerit
732 1493 839 1582 ausus
862 1524 1011 1585 tentare
1033 1495 1151 1584 ullum
1171 1494 1358 1586 fidelium.
1417 1500 1515 1592 Ideo
1537 1507 1664 1583 acces·

223 1613 270 1700 stt
284 1615 335 1698 acl
356 1614 505 1698 Scribas
528 1619 566 1696 δι
589 1610 793 1696 Pharisaeos
821 1637 865 1695 ut
885 1640 955 1697 eos
972 1616 1146 1699 incitaret
1162 1638 1297 1697 contra
1322 1607 1551 1725 Apostolos.

348 1773 440 1845 141.
479 1750 612 1827 Petrus
634 1747 674 1824 &
696 1746 869 1846 Joannes
893 1740 1115 1827 venerunti
1129 1737 1313 1828 Concilio
1327 1742 1378 1829 ad
1393 1748 1436 1852 li.
1453 1745 1665 1855 Virginem,

226 1886 317 1944 cum
345 1885 424 1971 qua
450 1856 488 1941 se
511 1851 758 1939 contulerunt
787 1855 838 1938 ad
865 1860 1103 1944 orationemr
1150 1860 1190 1940 &
1229 1860 1335 1942 venit
1358 1859 1497 1942 iteratb
1528 1862 1570 1941 in
1597 1878 1668 1938 eos

225 1976 391 2088 Spiritus
415 1973 575 2055 Sanctus
592 1964 767 2053 invifibili
791 1965 929 2082 specie.

351 2131 441 2205 143·
486 2091 666 2210 Apostoli
686 2096 737 2181 de
764 2123 874 2182 nouo
896 2096 919 2182 i
944 2095 1087 2199 Judaeis
1112 2092 1367 2200 conjiciuntur
1392 2101 1432 2183 in
1454 2116 1670 2189 carcerem&

231 2245 282 2306 ex
305 2242 388 2330 quo
414 2239 543 2298 tamen
562 2238 632 2323 per
652 2214 698 2296 B.
717 2215 915 2325 Virginem
941 2206 1089 2295 liberati
1108 2205 1204 2297 sunt.

354 2371 449 2446 ¹44·
476 2348 517 2425 B.
544 2343 668 2453 Virgo
686 2340 737 2423 de
764 2368 874 2425 novo
889 2340 940 2423 ad
955 2339 1174 2427 Luciferum
1191 2336 1369 2444 conversa
1386 2344 1459 2428 'aits
1486 2342 1674 2453 Ptaecipio

235 2461 308 2550 tibi
324 2460 484 2544 nomine
506 2456 796 2540 &authoritate
822 2456 924 2551 Dei,
950 2478 992 2537 ut
1012 2452 1091 2539 fine
1109 2480 1220 2538 mora
1240 2477 1282 2539 te
1306 2482 1393 2539 cum
1418 2457 1675 2540 tua‘cohorte

232 2575 445 2692 precipites
470 2573 527 2653 in‘
545 2563 748 2675 infernum.
835 2593 927 2669 ¹45·
956 2570 1107 2665 Paruit,
1127 2572 1165 2650 81
1189 2568 1312 2652 statim
1335 2593 1424 2653 cum
1442 2563 1506 2653 sua
1531 2568 1675 2653 cobor-

235 2716 278 2776 te
302 2684 340 2774 le
362 2685 608 2799 precipitavit
627 2684 667 2763 in
687 2676 894 2765 infernum.
1099 2774 1118 2790 η
1208 2694 1212 2701 ’

362 2811 454 2902 14⁶·
484 2799 592 2880 Deus
614 2793 793 2907 permisit,
811 2817 853 2879 ut
872 2789 1025 2879 Lucifer
1045 2818 1131 2879 cum
1146 2788 1218 2880 suis
1235 2790 1368 2881 deuub
1383 2792 1539 2887 rediret.
1565 2799 1680 2884 Tunc

238 2916 400 3004 tentavit
423 2913 634 3023 srphiram.
682 2912 694 2927 '
891 2915 895 2923 “
1651 2947 1655 2953 ·
1699 2971 1700 2974 r

365 3047 457 3128 148.
488 3031 528 3107 B.
538 3027 662 3137 Virgo
678 3026 830 3120 timens,
842 3048 893 3107 ne
911 3017 1040 3135 plures
1053 3019 1337 3127 seducerentur,
1347 3024 1399 3110 de
1411 3053 1520 3111 novo
1534 3022 1572 3110 se
1584 3050 1682 3114 con·

243 3142 358 3231 uertit
372 3141 422 3225 ad
439 3131 671 3233 Luciferum,
691 3161 860 3249 eumque
875 3141 1121 3251 praecipitavit
1133 3143 1271 3224 iterum
1284 3143 1324 3223 in
1338 3136 1544 3225 infernum.

251 3296 254 3305 ·
366 3298 458 3371 141.
487 3271 532 3352 Β.
553 3268 676 3381 Virgo
698 3262 946 3379 cognoscens,
970 3270 1125 3351 Petrum
1143 3266 1219 3352 effe
1235 3274 1275 3353 in
1298 3295 1462 3366 carcere,
1489 3271 1614 3355 oravit
1631 3245 1684 3356 ad
1734 3309 1745 3334 ··

248 3387 379 3469 Deum
400 3382 532 3466 dicens
555 3429 573 3444 -
604 3438 615 3461 .
674 3380 781 3463 Deus
798 3379 1014 3491 respondit:
1049 3385 1152 3480 fiat,
1178 3380 1428 3496 quodpetiss
1456 3387 1569 3468 mitte
1592 3390 1685 3473 tuot

249 3493 422 3610 angelos,
443 3519 487 3580 ut
508 3490 664 3578 deleant
687 3520 807 3606 opera
830 3491 1020 3583 Luciferis
1048 3492 1153 3694 afud
1170 3498 1329 3600 teenim
1352 3522 1486 3583 manet
1501 3526 1586 3585 mea
1602 3498 1685 3590 for·

249 3611 392 3697 titudo.
458 3613 572 3693 Tunc
592 3609 712 3693 statim
742 3606 839 3693 milit
860 3632 978 3691 unum
1001 3634 1049 3691 ex
1083 3613 1139 3693 uis
1162 3605 1307 3722 angelis
1330 3607 1511 3725 suprema
1532 3618 1687 3703 Hierat·
1743 3646 1746 3651 ’
1879 3592 1883 3597 ’

253 3726 345 3810 chia
369 3723 421 3807 ad
444 3716 659 3834 Apostolos
676 3725 718 3805 in
744 3747 946 3819 carcerem,
969 3745 1012 3807 ut
1035 3747 1104 3805 eos
1125 3717 1247 3809 solvat
1271 3723 1296 3810 i
1321 3722 1494 3826 vinculis,
1515 3733 1553 3811 81
1571 3723 1688 3817 liber·

253 3843 323 3923 tati
341 3838 509 3922 restituat
536 3873 581 3900 ··
609 3838 714 3921 Dein
743 3834 840 3920 milit
867 3842 909 3920 B.
929 3829 1170 3949 Virgo-alios
1193 3835 1352 3952 angelos
1378 3838 1619 3946 adjudices,
1643 3873 1690 3932 ac

252 3946 421 4036 stimmos
440 3950 682 4049 Sacerdotes,
710 3971 752 4032 ut
777 3946 825 4030 'ab
846 3954 890 4047 iis
911 3947 1107 4035 abiverent
1122 3946 1291 4063 spiritum
1313 3959 1534 4040 tentationis
1556 3983 1692 4045 contra

256 4059 468 4180 apostolos,
487 4089 533 4146 ac
556 4067 685 4172 potius
707 4057 929 4260 inlfiratent
950 4015 1115 4150 salubres
1138 4069 1410 4182 cogitationes,
1435 4096 1485 4156 nc
1506 4073 1692 4184 prohibe·

371 4174 432 4266 D.
449 4175 497 4267 E.
515 4176 569 4262 A.
589 4171 758 4265 delient
771 4183 826 4262 11.
845 4176 943 4266 Pars
959 4178 1018 4285 ll.
1063 4166 1095 4225 '·
1217 4182 1340 4272 libb
1606 4209 1695 4278 tent
