3796 4994
220 346 292 455 ⁶6
606 354 715 487 lleg.
731 345 882 454 Prrsl.
896 380 955 453 err
967 357 1022 451 P.
1039 351 1260 453 Gravior.
1342 478 1347 486 ,

218 548 357 645 volare
385 546 520 643 velint.
588 556 639 643 lit
674 561 715 641 in
742 556 847 642 hunc
872 584 1045 644 errorem
1072 554 1300 672 frequenter
1327 554 1502 645 incidere
1538 553 1666 647 solent

218 692 394 757 recenter
422 676 509 755 vitae
535 667 714 869 sfirimdi
741 675 906 764 addidir
942 676 1118 757 novitate
1148 676 1251 757 enim
1270 668 1441 785 spiritus,
1469 678 1509 757 dc
1531 668 1667 761 dulce-

221 785 315 868 dine
338 781 535 918 quadarn⁸
558 781 722 897 pirituali
747 783 880 872 referti
904 783 943 872 se
967 796 1043 891 jam
1074 786 1125 870 ad
1151 784 1314 872 visiones
1343 781 1666 873 &revelationes

218 893 1665 1131 ii?uliss‘ls'lsln,Glireslllllll'sssnss‘dtu

221 1126 413 1217 [centibus
440 1126 696 1228 deformium,
734 1156 904 1243 quorum
934 1133 987 1214 est
1015 1131 1131 1214 ardor
1156 1135 1317 1214 nimium
1345 1132 1494 1228 avidus,
1522 1133 1663 1231 varius,

222 1239 407 1337 effraenis,
436 1244 613 1356 ideoque
634 1242 837 1359 fresnellus.
896 1246 1012 1329 Unde
1037 1249 1157 1329 veteri
1185 1244 1397 1356 proverbio
1424 1245 1571 1328 dicium
1598 1247 1665 1331 eu

221 1351 395 1453 Animal,
420 1359 534 1471 quod
558 1363 638 1443 cito
664 1363 844 1458 ruminat,
869 1358 1216 1455 monstruostatem
1239 1357 1428 1469 paliurum
1455 1365 1573 1442 invia
1591 1354 1666 1469 spi-

223 1474 332 1561 riuis.
382 1476 447 1556 Sic
480 1474 620 1559 accidit
650 1475 801 1558 cuidam
839 1500 886 1556 ex
922 1476 1095 1558 Novitiis
1122 1471 1191 1556 sub
1214 1477 1425 1584 Tyrocinio
1448 1474 1497 1559 B.
1518 1468 1664 1669 Alolffi

222 1583 435 1675 Bertrandi
469 1590 510 1669 in
539 1592 618 1695 ejus
640 1592 717 1670 vira
741 1591 781 1672 1.
809 1614 845 1672 ι.
866 1589 918 1675 C.
944 1609 982 1672 6.
1001 1594 1071 1701 qui
1098 1614 1184 1670 cum
1208 1613 1296 1701 tyro
1323 1584 1414 1671 ellet
1441 1592 1481 1671 in
1505 1593 1569 1671 via
1606 1591 1666 1699 pi·

201 1710 204 1715 ’
223 1695 349 1787 rituali
369 1701 462 1784 dum
489 1701 636 1787 diceret
654 1697 692 1787 se
713 1696 811 1786 visus
838 1702 993 1798 videre,
1020 1729 1094 1813 pro
1111 1696 1224 1785 illuso
1251 1703 1406 1787 habitus
1420 1705 1461 1783 dc
1479 1700 1531 1785 ad
1550 1695 1665 1787 secu·

223 1812 304 1901 lum
340 1813 575 1901 reversurum
604 1812 660 1901 illi
690 1816 915 1930 praedidlutn
948 1817 1003 1900 est
1031 1814 1056 1900 ic
1088 1818 1244 1901 Sancto.
1314 1818 1412 1905 Nun
1443 1809 1554 1901 molti
1579 1816 1664 1901 dies

222 1930 513 2027 manserunt&
535 1928 708 2016 habitum
729 1926 910 2045 reiquitr
937 1934 977 2014 dr
1002 1924 1093 2015 licet
1109 1954 1275 2015 tentaret
1289 1932 1524 2023 eremiticam
1543 1932 1665 2015 vitant

223 2040 421 2141 assumere,
437 2070 512 2131 nec
532 2041 606 2131 suit
623 2048 800 2146 Eremita,
828 2070 904 2127 nec
920 2042 1018 2129 alius
1038 2038 1264 2158 Religiosus.
1319 2046 1484 2155 Semper
1500 2046 1542 2127 in
1565 2069 1665 2157 qua·

222 2185 382 2271 cunque
407 2162 682 2245 exercitatione
701 2152 958 2271 periculosum
980 2160 1062 2255 est,
1088 2165 1245 2264 juvenes
1269 2162 1310 2243 dc
1340 2183 1501 2272 tyrones
1522 2151 1665 2270 allega·

219 2300 278 2371 re,
302 2277 373 2386 qui
400 2296 444 2359 ut
463 2274 561 2361 novi
588 2275 783 2358 architecti
806 2268 1040 2387 plerumque
1062 2276 1219 2388 vestigia
1247 2297 1519 2359 veteranorum
1550 2271 1665 2356 dedi·

219 2412 388 2503 gnantur
404 2382 528 2503 sequi,
554 2392 595 2471 dt
621 2391 783 2498 cupiunt
810 2394 948 2473 cuncta
968 2386 1137 2473 reddere
1158 2414 1293 2486 nova,
1312 2381 1588 2499 obstupescunt
1611 2384 1663 2470 ad

222 2502 1082 2704 sinqissuss'i‘lqmmddldi‘liiililld?
1100 2497 1333 2703 fflnlicffi'
1357 2496 1664 2700 &illm

220 2730 429 2817 rendarum
451 2756 595 2844 capaxr
639 2727 706 2817 sed
733 2736 826 2847 quie
858 2677 1093 2845 experientia
1121 2644 1421 2816 memoriarqlilia
1443 2724 1557 2814 affert
1585 2641 1665 2814 dis-

222 2849 402 2931 cretionis
418 2844 620 2955 judicium,
647 2841 696 2931 ci
720 2870 894 2931 carentes
915 2842 1030 2931 facile
1051 2849 1091 2929 in
1109 2870 1280 2931 errorem
1301 2837 1496 2929 labuntur.
1521 2892 1544 2911 -
1585 2846 1664 2931 eo·
1691 2856 1697 2870 ·

221 2982 306 3044 rant
328 2955 425 3045 tales
449 2984 626 3073 tyrones,
645 2961 685 3047 se
706 2965 747 3044 in
774 2985 952 3045 montem
977 2953 1320 3071 contemplationis
1348 2954 1553 3043 ascendille
1568 2984 1665 3071 pre·

218 3073 417 3159 teteundd
436 3102 616 3162 montem
644 3103 685 3161 m
729 3074 808 3161 that
838 3070 1158 3159 mortificationis.
1215 3072 1394 3188 Quando
1416 3066 1502 3157 talis
1521 3072 1662 3184 depre-

218 3188 419 3286 henditur,
447 3191 517 3302 qui
534 3215 645 3303 putat
683 3200 708 3274 e
728 3192 769 3271 in
786 3211 966 3275 montem
986 3186 1151 3273 Thabor
1167 3181 1398 3286 ascendisse·
1416 3186 1666 3273 mendacium

214 3296 408 3421 loquutur,
435 3306 476 3385 dc
499 3328 589 3391 cum
608 3298 725 3391 illufis
751 3300 1000 3417 reponendus
1018 3300 1084 3387 esi.
1142 3302 1200 3387 Ira
1224 3304 1410 3388 Gravina

223 3480 227 3486 ’
324 3501 496 3631 Regula
530 3534 606 3633 ¹9·
641 3492 694 3601 Sl
719 3526 815 3602 nec
850 3493 1230 3614 antecedenter,
1262 3523 1361 3622 nec
1393 3502 1664 3603 concomi-

215 3656 403 3755 tanter‚
430 3669 528 3746 nec
561 3637 912 3777 subsequenter
936 3634 1159 3745 'vifiones
1190 3667 1316 3743 curra
1343 3666 1516 3757 cruce,
1551 3671 1660 3775 per·

134 3850 150 3865 -.
215 3778 491 3902 secutione,
518 3778 790 3888 tolerantia
820 3776 877 3886 dc
904 3788 1010 3886 vita
1039 3776 1348 3885 mortificata
1376 3780 1660 3905 conjuncta

212 3916 329 4038 sint,
356 3908 502 4028 valde
538 3920 766 4063 suspendiae
793 3923 955 4026 sunto.
1062 3919 1183 4032 nario
1209 3950 1278 4046 est,
1306 3950 1400 4061 quia
1427 3953 1536 4036 nens
1564 3946 1659 4036 tales

215 4054 383 4143 visiones
403 4087 491 4148 non
506 4062 604 4149 solet
629 4062 862 4159 concedere,
886 4060 955 4145 nifi
972 4064 1014 4144 in
1031 4054 1207 4147 solatium
1226 4059 1453 4146 tolerantie.
1520 4069 1660 4151 Gravi·

213 4199 266 4261 na
284 4175 359 4258 ait:
386 4173 607 4293 Diligenter
630 4174 941 4275 examinandum,
967 4199 1021 4259 an
1041 4179 1124 4261 uita
1145 4173 1258 4267 sadis
1283 4202 1489 4290 operaque
1513 4178 1659 4264 dodri·
