3796 4994
210 344 239 458 3
250 358 311 434 ιο
582 288 1285 464 neverat.aerg'ren.rar'srr.

211 532 639 738 marullo}
659 531 1241 735 Vll{².{{¹2{n‘¹.⁰²333‘f
1259 525 1463 647 m...
1485 555 1573 623 ‘¹¹²⁵
1594 560 1660 623 ‘¹²'

639 704 653 745 2
1199 708 1211 747 l

218 790 380 965 ...dl
394 787 436 961 l.
475 762 672 961 llll
687 786 880 988 llll?
907 755 1248 990 lilim
1267 757 1440 961 liiii
1467 762 1667 964 lulli

215 1016 293 1078 tus.
399 992 444 1073 ln
470 992 551 1075 hoc
582 988 652 1077 satu
685 993 837 1104 rogavit
863 995 1044 1092 Patrem,
1085 1014 1130 1075 nt
1156 993 1266 1076 matri
1291 985 1357 1076 lua
1384 990 1495 1077 dona
1524 990 1666 1079 confic-

218 1129 352 1193 maret.

336 1229 431 1319 336.
457 1218 572 1302 Tunc
595 1222 770 1329 appatuit
788 1218 899 1303 Deus
920 1222 960 1301 B.
983 1218 1147 1333 Virgini,
1165 1240 1333 1333 eamque
1351 1241 1489 1305 contra
1505 1216 1667 1308 lloemo-

215 1352 286 1421 net
309 1336 482 1416 animans
511 1332 626 1415 dixit:
657 1324 838 1417 Columba
856 1357 936 1416 mea
956 1336 1033 1417 dxc.

338 1472 432 1549 337.
487 1444 608 1558 Igitur
634 1446 685 1547 B.
704 1447 754 1530 V.
790 1445 1037 1557 triumphavit
1075 1464 1211 1528 contra
1249 1440 1477 1547 infernum,
1522 1468 1571 1533 ut
1596 1466 1671 1533 not

216 1555 468 1673 agnoscamus
509 1556 706 1671 obligatos
743 1585 826 1642 non
865 1557 1017 1644 tantiam
1061 1556 1218 1642 Christo
1233 1566 1254 1657 ‘‚
1309 1554 1376 1644 sed
1423 1561 1545 1644 etiam
1591 1566 1668 1669 ejus

215 1678 363 1774 matri,
410 1671 545 1757 nostra
588 1664 856 1758 conservatrici
898 1676 939 1754 dc
984 1666 1256 1769 defensatrici,
1298 1699 1385 1787 quat
1432 1672 1668 1760 doemonem

216 1789 256 1871 in
286 1780 494 1872 certamine
520 1782 674 1901 repulit,
700 1779 857 1899 ligavit,
895 1788 936 1867 n
966 1788 1082 1882 vicit,
1110 1796 1156 1867 ut·
1179 1810 1302 1897 genus
1329 1788 1547 1881 humanum
1581 1784 1669 1875 ciiet

217 1904 346 1987 minut
371 1898 601 1984 inidoneum
633 1924 680 1985 ac
701 1902 865 2013 incapax
897 1896 948 1982 ad
970 1892 1237 2013 recipiendum
1255 1896 1512 1987 Salvatortm.
1551 1978 1558 1987 .

337 2041 433 2115 340·
459 2012 526 2098 nd
548 2010 808 2096 inchoandam
834 2036 1005 2126 pugnam
1031 2032 1168 2096 contra
1196 2014 1240 2098 B.
1257 2017 1307 2099 V.
1335 2008 1492 2125 sumplit
1515 2010 1669 2103 Lucifer

216 2120 414 2238 septeml.
467 2129 576 2210 'ones
596 2125 828 2211 doemonum
848 2152 937 2210 cum
957 2128 1114 2239 optimis
1133 2151 1269 2210 eorum
1297 2125 1476 2227 ducibus,
1499 2155 1602 2240 quat
1617 2126 1670 2214 se·

220 2264 309 2322 cum
332 2238 355 2323 ὲ
376 2265 440 2322 coe
455 2265 482 2321 o
500 2241 627 2337 traxit,
649 2260 693 2321 ut
711 2260 836 2322 tentet
857 2263 981 2350 genus
1003 2238 1216 2323 humanum
1234 2265 1306 2350 pet
1320 2234 1470 2353 septem
1490 2248 1587 2329 vitia
1606 2269 1665 2327 ca·

247 2347 364 2469 ‘talia
443 2353 570 2439 Prima
587 2354 711 2465 Legio
734 2357 897 2439 tentavit
919 2355 965 2436 Β.
986 2355 1184 2463 Virginem
1208 2379 1279 2467 pet
1307 2348 1553 2465 superbiam,
1576 2360 1665 2467 qnia

218 2379 300 2551 bbc
322 2466 377 2551 est
406 2459 507 2551 illius
539 2468 724 2581 Legionis
766 2460 950 2551 officium.
1034 2470 1089 2553 Ut
1119 2490 1216 2578 ergo
1252 2489 1439 2579 praeparet
1473 2465 1664 2559 naturales

218 2580 500 2695 propeniiones
530 2607 601 2693 per
626 2585 933 2667 commotionem
959 2580 1171 2665 humorum
1203 2579 1424 2667 nitebantur
1451 2587 1665 2697 appropin-

220 2718 343 2809 quare
358 2698 401 2779 B.
421 2699 589 2808 Virgini.
603 2688 670 2779 sed
688 2693 1000 2806 impediebantur
1023 2692 1193 2807 quadam
1221 2696 1290 2795 vi,
1313 2698 1354 2779 dt
1378 2694 1510 2783 odore
1535 2692 1665 2784 nuni-

219 2811 307 2891 tatis
326 2801 441 2911 illius,
463 2811 534 2920 qui
556 2835 627 2892 eos
643 2808 756 2891 instar
782 2811 882 2918 ignit
915 2802 1109 2893 infernalis
1136 2808 1342 2897 cruciabat.
1424 2812 1577 2897 Tantus
1610 2834 1689 2897 ta··

220 2942 313 3006 men
334 2940 416 3005 erat
442 2947 578 3006 corum
608 2915 730 3018 furor,
757 2945 908 3023 utnon
934 2920 1174 3006 obstantibus
1201 2921 1262 3005 bit
1293 2916 1532 3027 doloribus,
1562 2934 1664 3041 quoa

218 3033 450 3236 sergieipiant,
475 3028 725 3121 nihilominus
750 3032 989 3149 fibimetipfis‘
1009 3036 1089 3120 vim
1111 3030 1309 3122 intulerint
1341 3035 1394 3155 ad
1413 3040 1582 3153 propius
1604 3062 1664 3127 ac·

220 3177 266 3238 ce
296 3174 343 3236 en
374 3175 454 3234 um.

341 3286 545 3368 34¹·342·
566 3261 672 3347 Dein
686 3255 893 3377 suggerunt
909 3255 1151 3375 blasphemas
1164 3264 1434 3377 cogitationes.
1494 3267 1665 3371 unin-

220 3368 348 3461 'duunt
363 3380 477 3461 etiam
497 3373 684 3462 terribiles
705 3372 865 3476 formas,
886 3380 925 3461 dc
945 3400 1134 3471 conantur
1155 3400 1298 3475 terrere
1318 3381 1364 3463 B.
1380 3381 1585 3491 Virginem
1603 3408 1664 3466 ru·

41 3598 44 3602 ι
221 3490 379 3602 gitibus‚
401 3486 648 3594 clamoribus,
666 3494 706 3574 dt
732 3485 953 3591 ululatibus.
1003 3478 1194 3605 benique
1213 3494 1438 3587 concutiunt
1457 3517 1601 3581 terram
1622 3518 1665 3579 cc

220 3604 403 3711 domum,
432 3618 478 3686 ut·
496 3612 584 3686 'eam
604 3602 819 3718 impediant
842 3602 1112 3691 ab'brationc.
1140 3651 1160 3673 ·
1221 3600 1366 3711 Iubae
1381 3610 1517 3725 pugna
1541 3598 1587 3697 Β.
1615 3608 1664 3699 V.

218 3710 428 3833 aliquoties
444 3716 560 3802 dixit:
587 3724 675 3832 quis
697 3742 740 3804 ut
759 3702 902 3807 Deus?
929 3725 1003 3805 dcc.
1073 3826 1076 3830 ¹
1283 3724 1289 3731 '

245 3840 250 3855 '
328 3854 428 3935 343.
456 3834 561 3917 Dein
581 3834 790 3919 doemones
805 3829 1122 3921 transformarunt
1139 3826 1179 3918 se
1204 3835 1246 3919 in
1270 3829 1432 3944 angelos
1456 3828 1578 3935 lucit,
1607 3831 1670 3951 di·¹

219 3946 374 4031 'centest
402 3946 545 4043 vicisti,
564 3948 696 4042 vicisti,
719 3976 747 4030 o
772 3940 992 4035 forriffima'r
1022 3949 1196 4032 venimus
1212 3944 1264 4031 ad
1286 3945 1560 4031 coronandum
1580 3972 1622 4032 te
1647 3993 1664 4016 ·

222 4088 319 4174 344.
346 4067 566 4167 Dotmones
592 4057 780 4149 volebant
796 4091 873 4203 ¹per
900 4064 980 4187 ipoc
1002 4055 1209 4174 expiscati,
1245 4085 1295 4144 an
1317 4055 1408 4144 ellet
1430 4060 1523 4147 vere
1544 4086 1664 4260 msstcr

805 4198 808 4205 '
846 4198 889 4216 ·‘
1618 4201 1662 4262 ct.
