3796 4994
476 323 833 464 Prafationes&
858 336 962 434 vita
985 337 1147 434 Maria
1168 335 1221 433 de
1243 332 1435 471 Agreda.
1514 456 1517 461 ἢ
1574 371 1701 474 493.

234 549 287 634 di.
344 547 477 631 Tertio
499 543 566 657 ipss
585 543 704 627 infusa
732 545 785 629 est
813 540 965 657 scientia
989 545 1103 627 etiam
1129 544 1393 654 triumphantis
1418 537 1603 647 Ecclesia,
1625 549 1678 633 de

235 665 374 749 ordine
391 668 428 742 &
446 683 576 743 natura
592 654 837 769 angelorums
868 660 918 738 do
933 653 1113 741 essentiali
1132 663 1168 739 &
1190 655 1416 742 accidentali
1429 667 1598 770 ptoemio
1613 690 1681 747 eo·
1733 706 1738 717 ·
1840 676 1843 682 '

233 807 331 863 rum.
359 786 538 861 Praeterea
552 775 618 884 ipsr
632 770 793 855 infusum
809 774 861 855 est
873 799 1055 884 magnum
1071 768 1216 869 lumen,
1228 779 1265 854 ἃ
1279 769 1527 884 intelligentia
1537 781 1684 862 &Seti-

233 919 366 1005 pturae.
422 893 587 972 Scientia
601 884 664 970 illa
678 882 815 996 triplex
832 888 882 968 de
906 889 1046 969 ordine
1071 911 1225 983 naturae,
1249 893 1388 999 gratiae,
1408 897 1445 970 dt
1463 887 1595 1002 gloriae
1612 889 1685 978 fuit
1785 902 1788 909 '

232 1002 288 1091 illi
302 999 518 1100 habitualis,
528 1008 579 1085 ita
593 1028 633 1085 ut
649 1006 818 1112 potuerit
834 996 897 1083 illa
909 998 1035 1096 facile,
1056 1003 1377 1114 quandocunque
1393 1001 1530 1100 voluit,
1548 1013 1585 1089 &
1605 1009 1684 1091 hoc
1799 1076 1809 1095 .

234 1149 315 1204 nnn
338 1145 483 1203 tantum
501 1121 598 1201 circa
611 1111 891 1210 condustones,
908 1112 973 1198 sed
986 1119 1098 1198 etiam
1115 1122 1211 1199 cirea
1221 1113 1413 1201 illationes
1424 1148 1471 1202 ex
1483 1114 1569 1204 illis.
1612 1128 1682 1204 La·

234 1240 322 1320 tinae
335 1226 650 1344 quoquelinguae
660 1227 955 1341 intelligentiam
972 1233 1080 1312 Deus
1095 1229 1144 1312 stc
1159 1230 1227 1341 ipsi
1250 1228 1427 1330 contulit,
1446 1258 1488 1317 ut
1535 1262 1684 1343 uaecutt·

236 1377 315 1460 que
329 1346 445 1430 latina
457 1344 564 1458 legit,
576 1343 637 1429 vel
659 1342 998 1454 audivitperfeeie
1017 1339 1260 1432 intellexerit.
1319 1351 1421 1430 Hinc
1440 1264 1610 1460 persede
1627 1357 1687 1435 itt·

235 1464 515 1574 terpretabatur
532 1463 826 1569 Scripturams'n
845 1456 921 1541 alio
940 1461 1139 1543 idiomate.

217 1628 222 1634 -
353 1583 397 1679 s.
426 1605 493 1659 22.
535 1578 647 1657 Deus
671 1569 725 1655 illi
747 1578 939 1683 precepit,
960 1598 1002 1656 ut
1025 1575 1160 1657 scribat
1180 1573 1292 1690 Leges
1317 1571 1473 1687 Sponsa,
1495 1579 1533 1660 dt
1559 1601 1602 1662 ut
1620 1602 1686 1665 eas

237 1689 412 1777 conserat
435 1718 523 1772 cum
548 1684 617 1771 suo
642 1685 888 1774 confessario
912 1693 950 1768 &
974 1689 1257 1797 Superioribus.

352 1811 395 1907 s.
426 1835 492 1905 23.
532 1806 617 1902 Jam
648 1830 716 1912 per
739 1804 876 1884 decem
898 1829 1022 1884 annos
1046 1799 1177 1912 saepr'us
1189 1805 1308 1888 Deus
1327 1798 1381 1885 illi
1403 1801 1624 1901 mandavit,
1645 1831 1688 1894 ut

238 1919 376 2004 scribat
387 1925 501 1999 vitum
520 1927 558 1999 B.
574 1920 751 2028 Virginis,
806 1920 996 2024 Qsamvis
1010 1944 1092 1998 non
1112 1912 1357 2012 dubitaverit,
1369 1919 1446 2001 hoe
1459 1920 1684 2005 mandatum

238 2060 371 2118 revera
389 2032 462 2114 esse
481 2035 674 2126 divinum,
700 2031 863 2113 credidit
884 2057 1027 2125 tamen,
1050 2030 1117 2113 sibi
1136 2032 1262 2113 adhuc
1284 2032 1448 2146 relinqui
1468 2028 1599 2118 locum
1618 2064 1685 2119 ex·

212 2144 455 2232 ”culationis
512 2146 687 2228 Tandem
709 2150 879 2255 repetitis
906 2147 1096 2228 mandatis
1118 2143 1347 2231 Confessarii
1373 2152 1686 2258 &superiorum

216 2288 416 2375 permota
434 2288 517 2343 eam
541 2266 658 2344 vitam
679 2258 840 2342 seribere
860 2263 980 2370 eoepit
1010 2275 1132 2358 1637.
1186 2263 1324 2372 Itaque
1344 2257 1525 2346 secedens
1549 2267 1587 2346 in
1603 2259 1690 2347 soli·

240 2380 416 2463 tudinem
441 2374 581 2459 sacram
602 2381 701 2457 intra
726 2378 858 2484 viginti
879 2376 960 2458 dies
987 2399 1109 2456 totam
1131 2379 1292 2482 primam
1312 2403 1458 2486 partem
1479 2383 1556 2481 ejus
1575 2381 1691 2462 hislo-

216 2497 306 2575 -riae
328 2487 503 2590 absolvit,
525 2516 642 2602 quam
667 2484 877 2570 secundum
903 2486 1050 2571 cursum
1074 2484 1284 2571 naturalem
1306 2486 1439 2573 calami
1458 2518 1507 2572 ne
1527 2495 1691 2603 quidem

243 2629 324 2690 tam
348 2599 522 2689 celeriter
549 2599 732 2713 potuisset
755 2598 928 2685 scribere.
987 2632 1021 2683 2.
1054 2605 1290 2718 {septimum
1308 2602 1475 2687 doemon
1495 2607 1594 2687 hanc
1612 2609 1690 2717 pri·

243 2747 346 2803 mam
365 2744 512 2829 partem
526 2720 636 2813 vidit,
658 2721 765 2800 omni
788 2718 915 2798 modo
938 2741 1098 2799 conatus
1121 2716 1175 2805 ess
1195 2742 1280 2799 eam
1300 2716 1548 2802 absterreres
1568 2723 1692 2804 conti·

244 2839 445 2928 nuatione,
470 2829 669 2944 praesertim
697 2858 767 2943 pet
787 2833 982 2928 timorem·
1011 2856 1132 2944 quem
1150 2826 1205 2912 illi
1223 2830 1382 2916 inculsit.
1428 2879 1433 2883 ·
1521 2888 1533 2915 1

360 2954 403 3050 s.
423 2976 488 3047 25.
516 2950 620 3028 Dein
639 2942 778 3056 scripsit
794 2946 908 3061 Leges
923 2945 1079 3057 sponsis,
1097 2972 1194 3055 quas
1210 2941 1356 3055 semper
1367 2945 1527 3030 servavit
1547 2976 1620 3057 pro
1639 2944 1712 3062 se,¹

244 3086 428 3172 tanquam
446 3088 621 3144 normam
641 3060 711 3144 suae
729 3067 825 3143 vitae.
877 3065 955 3144 Has
975 3090 1022 3144 ex
1039 3060 1260 3173 Magistetio
1274 3067 1318 3145 B.
1338 3066 1502 3174 Virginis
1520 3059 1695 3175 comple·

245 3183 302 3262 vit
315 3182 414 3260 intra
433 3175 570 3259 decem
590 3176 672 3258 dies
695 3202 800 3258 anno
833 3189 955 3274 1641.
1738 3264 1741 3270 .

216 3394 219 3398 Ι
360 3297 403 3392 s.
437 3308 502 3374 26.
541 3294 628 3394 Ejus
647 3287 909 3375 eonfettarius
927 3295 968 3374 Ρ.
988 3282 1200 3373 Francisctts
1223 3286 1378 3374 Andres
1397 3291 1620 3376 moderatus
1641 3294 1696 3381 est

246 3411 327 3510 eius
346 3433 480 3516 preces
496 3401 666 3501 vocales,
688 3410 728 3487 &
751 3402 859 3506 iussit,
878 3429 920 3487 ut
940 3410 1037 3488 circa
1059 3409 1248 3488 exteriora
1269 3408 1306 3489 se
1329 3404 1593 3490 conformaret
1611 3411 1697 3492 Sta·

245 3525 335 3603 tutis
356 3519 625 3602 communibus
649 3518 902 3628 Conveuttls,
932 3525 970 3602 dc
1000 3545 1042 3601 ut
1067 3522 1105 3601 in
1138 3519 1232 3603 cibis
1269 3548 1395 3605 utatur
1425 3520 1701 3609 consuetudine
1753 3573 1757 3581 ·

246 3632 432 3722 aliorumr
463 3661 604 3717 utnon
630 3635 798 3716 dormiat
819 3637 859 3715 in
880 3630 1009 3730 assere,
1034 3629 1159 3727 sedin
1181 3646 1290 3720 lacco
1314 3642 1537 3725 stramineos
1564 3664 1607 3721 ut
1628 3639 1699 3721 de·

247 3774 373 3862 ponat
398 3752 598 3832 thoracem
622 3745 814 3851 cilicinum
841 3793 859 3811 -

363 3870 408 3966 s·
443 3882 508 3977 18.
537 3867 681 3974 Saepius
715 3863 824 3959 vidit,
862 3853 990 3972 qualia
1024 3859 1190 3946 doemon
1228 3858 1381 3949 confilia
1407 3861 1541 3949 foveat
1568 3890 1703 3950 contra

249 3971 470 4075 Ecclesiam,
493 3975 693 4090 prasertim
719 4002 855 4061 contra
878 3972 1121 4086 Hispaniam,-
1137 4004 1253 4088 prout
1272 3979 1349 4090 ipsa
1371 3981 1459 4089 post
1480 3985 1615 4092 viginti
1634 4008 1704 4066 an·

251 4118 325 4178 uos
355 4087 493 4202 scripsit
512 4090 734 4177 Alexandro
760 4096 844 4177 Vll.

366 4211 413 4309 s.
440 4234 505 4323 29,
530 4204 729 4324 tudppu
747 4209 817 4297 tv.
841 4209 924 4298 Rex
942 4203 1131 4436 Ηὶἷὸαηίκ
1149 4208 1200 4315 ab
1221 4234 1325 4295 anno
1352 4167 1550 4322 1643'pet
1566 4212 1704 4324 viginti
1805 4302 1809 4306 ,

1060 4348 1089 4435 q
1106 4348 1135 4435 q
1166 4351 1184 4430 3
1592 4343 1706 4434 *duos
