3796 4994
311 210 315 215 ’
365 284 374 295 .
424 256 465 315 J
547 233 745 332 nevero.
770 236 815 335 t.
839 168 1093 361 arfinan
1120 234 1369 370 rebmag,
1579 225 1679 375 17'7

225 428 390 547 plurima
418 433 537 521 verba
564 432 800 534 contulisset,
828 441 1064 550 interrogavi
1093 457 1179 526 eam
1215 443 1268 526 de
1292 440 1440 526 eisdem
1468 380 1679 557 Episcopir,
1762 414 1773 425 ’

226 557 264 631 δι
294 557 372 633 ait:
413 555 464 632 Hi
491 553 573 632 duo
596 556 635 635 in
663 577 842 658 tempore
860 546 929 634 illo
953 552 1285 661 profertisuerant
1307 552 1536 651 Coloniam,
1561 563 1600 640 dt
1618 564 1676 640 in·

220 664 276 744 de
304 689 539 749 revertentes
570 662 728 746 obviam
747 664 965 748 babuerunt
988 661 1132 750 sacrum
1159 674 1391 764 exercitum,
1422 667 1552 779 sieque
1577 667 1703 765 asso,-

224 776 311 858 cia'ti
337 774 421 859 sunt
439 781 553 887 Papae
575 781 612 858 δι
644 773 781 872 (sero,
810 783 879 888 qui
899 773 977 859 illic
1006 806 1140 877 erant,
1172 788 1212 865 δι
1246 808 1334 864 eum
1368 786 1422 865 eis
1445 787 1584 868 iterum
1615 811 1676 870 re·

220 891 385 972 deuntes
406 886 573 1002 palmam
599 894 767 1002 martyrii
789 917 876 975 cunr
902 896 954 974 eis
982 895 1113 1006 adepti
1139 896 1254 1001 sunt,

338 1120 494 1228 Rogata
517 1142 635 1212 eram,
657 1139 699 1199 ut
722 1116 987 1229 investigarem
1019 1119 1069 1202 de
1095 1113 1211 1204 titulo
1248 1121 1444 1228 cujusdam
1471 1122 1670 1213 venerabi·

219 1223 268 1313 sis
293 1234 550 1325 monumenti,
576 1230 690 1341 quod
716 1227 949 1317 intitulatum
982 1256 1062 1313 erat
1089 1237 1168 1314 boc
1194 1233 1343 1318 modo:
1387 1235 1472 1320 Hic
1494 1240 1601 1348 jacet
1628 1240 1691 1343 ia,

218 1346 337 1428 terris
372 1337 567 1437 Eiberius,
597 1344 794 1461 quivixit
827 1346 939 1430 annis
965 1347 1302 1460 vigintiquinque.
1383 1345 1516 1433 Fidelis
1541 1353 1581 1436 in
1598 1373 1669 1460 pa·

222 1481 266 1540 ce
293 1455 444 1564 receffit.
531 1458 578 1539 Et
605 1454 849 1566 subscriptum
879 1480 960 1542 erat
986 1461 1027 1539 in
1059 1455 1301 1569 Capirasrbus
1336 1455 1483 1544 litteris.
1569 1464 1669 1572 Rex.

220 1570 272 1654 Et
299 1593 380 1653 erat
404 1566 431 1652 si
462 1595 527 1651 ura
554 1575 602 1652 R.
626 1573 794 1683 grandis,
819 1595 938 1682 atque
957 1574 1008 1653 ita
1037 1570 1229 1681 disposita,
1248 1597 1291 1655 ut
1314 1576 1354 1656 in
1371 1600 1417 1656 ea
1433 1579 1561 1660 notari
1578 1603 1670 1686 por-

219 1681 305 1766 sent
327 1683 413 1764 duae
433 1599 572 1767 sitterae
592 1679 732 1766 seilicet
753 1705 792 1791 p.
822 1689 862 1765 δι
886 1712 921 1767 ν.
950 1709 1139 1794 erantque
1170 1687 1255 1768 duae
1274 1679 1406 1770 litterae
1424 1689 1463 1796 f.
1488 1693 1528 1771 δι
1553 1713 1597 1774 x.
1628 1693 1669 1772 in

210 1795 367 1889 ⁴sinistro
385 1790 505 1880 satere
530 1795 658 1908 figura
684 1796 869 1900 ejusdem.
922 1799 968 1880 sn
988 1796 1132 1897 ¹dextro
1154 1821 1284 1880 autem
1303 1792 1422 1881 latere
1442 1798 1667 1912 capitalem.

170 1942 177 1964 ι
219 1905 401 2018 seriptum
426 1935 519 1999 erat.
573 1915 751 2020 Itemque
773 1911 812 1992 in
829 1906 961 2021 lapide
985 1909 1160 2021 quodam
1175 1917 1281 2018 juxta
1298 1914 1461 1995 invento
1490 1910 1666 2024 scriptum

217 2018 447 2135 legebatur:
475 2023 678 2110 Demetrio
700 2023 856 2136 Regina.
917 2025 1156 2134 Interrogavi
1178 2049 1272 2135 ergo
1294 2027 1449 2109 Beatam
1474 2029 1665 2110 verenam

221 2136 277 2219 de
297 2138 376 2219 his:
395 2161 525 2248 atque
548 2135 599 2218 de
621 2134 806 2219 infantula
831 2138 1029 2247 quadam,
1058 2164 1145 2248 quae
1167 2142 1271 2239 iuxta
1301 2142 1457 2220 inventa
1489 2139 1566 2236 est,
1597 2140 1666 2221 ha·
1789 2135 1793 2143 ’

219 2249 319 2332 bens
348 2247 518 2333 titulum:
559 2247 776 2335 Horeniina
799 2246 935 2359 puella.
1017 2253 1066 2332 Et
1093 2244 1289 2360 respondit
1322 2251 1417 2333 mihi
1451 2250 1502 2333 ad
1532 2255 1664 2336 omnia

210 2366 378 2451 dicens:
423 2366 597 2447 Etherius
622 2359 696 2445 fuit
729 2369 813 2455 Rex
840 2357 993 2470 sponsus
1021 2356 1159 2445 Ursulae
1180 2357 1312 2446 sanda
1335 2362 1500 2473 Regina.
1583 2371 1663 2448 De·

219 2482 356 2559 metria
380 2478 474 2560 verb
502 2475 573 2559 fuit
605 2490 725 2558 mater
754 2477 916 2562 Erberiir
946 2468 1164 2556 florentina
1191 2499 1318 2557 autem
1345 2468 1455 2557 sotor
1478 2478 1666 2579 ejusdem.

220 2593 272 2674 Et
294 2589 443 2673 addidit
466 2587 562 2673 ultra
584 2591 740 2673 dicens:
769 2589 950 2672 Narrabo
975 2592 1089 2671 etiarn
1111 2589 1182 2670 tibi
1192 2642 1206 2684 ,
1229 2587 1328 2700 quid
1353 2585 1581 2699 significeta
1603 2585 1662 2673 lit·

215 2728 314 2799 tera,
342 2731 429 2816 quae
457 2701 573 2787 ritulo
604 2702 720 2813 Regis
759 2704 942 2811 adscripta
968 2702 1033 2784 est.
1116 2702 1235 2784 Sume
1260 2701 1331 2783 tibi
1358 2702 1479 2785 tribus
1514 2704 1661 2788 vicibus

216 2818 385 2902 eandem
406 2844 429 2902 a
455 2814 631 2913 litteram,
655 2823 691 2897 δι
715 2813 879 2925 adjunge
897 2819 932 2898 ei
953 2840 1030 2899 tres
1051 2809 1196 2897 litterar
1212 2839 1256 2897 x.
1274 2838 1310 2924 p.
1328 2819 1368 2897 δι
1387 2843 1420 2898 ν.
1440 2821 1478 2896 &
1500 2816 1664 2902 habebis

214 2933 401 3039 Axpara,
424 2934 543 3043 'quod
572 2936 626 3015 est
655 2954 798 3013 nomen
829 2928 1023 3034 cujusdam
1055 2922 1227 3025 Ducissae,
1255 2931 1410 3038 quaein
1438 2935 1567 3013 vicino
1597 2958 1658 3012 re·

215 3068 326 3158 perta
349 3047 421 3132 ests
448 3043 521 3126 fuit
544 3071 674 3127 autem
702 3038 780 3125 filia
803 3066 1011 3126 matertera
1041 3043 1208 3139 Erbetii,
1235 3067 1460 3152 magnaeque
1486 3038 1659 3125 dilectio·

215 3164 275 3243 nis
298 3153 454 3242 vinculo
477 3164 513 3241 ei
530 3159 717 3253 adstricta,
737 3156 851 3268 quod
875 3152 1083 3267 fignificare
1106 3146 1231 3236 voluit
1253 3149 1353 3236 rituli
1374 3150 1544 3262 scriptor,
1571 3181 1660 3237 cum

213 3277 270 3357 ita
299 3267 496 3355 admiscuit
524 3297 669 3355 nomen
697 3278 777 3376 ejus
805 3276 955 3352 nomini
986 3271 1110 3378 regio.
1192 3271 1285 3351 Hoc
1312 3262 1542 3351 manifestius
1569 3293 1663 3350 runc

216 3389 381 3497 exprimi
404 3413 487 3469 non
508 3383 731 3496 oportebat,
756 3387 848 3493 quia
874 3377 1044 3463 futurum
1071 3401 1174 3478 erat,
1203 3406 1245 3463 ut
1266 3406 1340 3490 pro
1362 3404 1401 3461 te
1423 3381 1504 3463 bac
1529 3385 1664 3466 omnia
1692 3410 1701 3425 ·

213 3495 559 3583 manifestarentur.
589 3503 664 3579 &a
720 3503 735 3590 (
748 3492 1042 3607 sequunturhic
1062 3489 1183 3576 multa
1204 3492 1255 3576 de
1278 3492 1436 3599 Etherip
1458 3494 1564 3604 siege
1580 3499 1662 3579 Bri·
1737 3524 1741 3531 ·

213 3618 355 3701 tannia
377 3607 563 3724 Angsicae,
590 3604 819 3720 desponsato
844 3603 995 3703 Ursule,
1020 3607 1331 3706 Catechumeno,
1359 3611 1397 3689 δι
1425 3635 1495 3717 per
1516 3601 1662 3691 revela·

210 3719 368 3812 'nonem
390 3727 616 3822 admonito,
637 3748 680 3807 ut
699 3728 771 3807 iret
792 3725 831 3804 in
851 3717 1052 3829 occursum·
1070 3716 1208 3814 Ursulae
1231 3719 1354 3804 Romi
1376 3721 1551 3804 abeuntis
1572 3721 1662 3804 Co·

215 3839 389 3940 soniam)
443 3840 529 3920 Post
560 3840 638 3920 baec
670 3839 721 3919 de
755 3835 931 3947 quodam
963 3830 1094 3917 sancio
1129 3837 1236 3928 viro,
1274 3839 1379 3938 cujus
1407 3827 1537 3917 titulus
1569 3857 1662 3929 erat,

214 3951 374 4051 Sardus
423 3950 585 4037 Clemens
629 3947 828 4146 Episctptrs
878 3944 935 4043 ἐς
981 3948 1178 4078 Marsya,
1210 3948 1385 4032 numera
1410 3944 1520 4064 sum,
1549 3944 1663 4059 quod

209 4108 224 4137 ο
332 4066 396 4153 D.
420 4064 467 4148 E.
487 4068 543 4149 A.
569 4061 614 4147 de
635 4063 742 4150 Reve
756 4072 811 4148 as.
836 4063 939 4149 Pars
955 4061 1014 4147 11.
1261 4063 1290 4142 Z
1567 4083 1659 4169 prae·
