3772 4988
217 262 317 384 146
553 180 556 191 ·
598 253 903 350 Revelatr'oner
937 255 982 348 S.
1022 208 1267 351 Gerirudrl.

235 524 239 531 ·
328 487 358 569 1.
416 453 462 561 S.
502 451 775 561 Gertrucles
811 456 1038 573 testatur,
1067 459 1110 558 le
1146 462 1306 560 etlam
1342 455 1514 560 statim
1550 457 1661 596 post

213 631 273 706 ea
308 625 549 735 tempora
594 595 860 719 familiares
909 593 1131 701 babuilse
1175 599 1428 716 vibones,
1481 601 1664 737 quibus

215 740 553 846 deleelabatur
589 749 641 843 in
671 740 820 843 rebus
857 739 1177 855 transitoriis,
1219 756 1333 875 quod
1380 763 1534 847 videtur
1576 756 1666 846 alie·

212 911 305 969 num
333 881 357 966 a
386 878 558 962 moribus
584 881 737 975 divinis,
766 883 801 961 δι
832 873 1033 962 insuetum.
1083 881 1127 963 1.
1159 906 1195 961 2.
1233 878 1284 960 C.
1319 908 1353 981 3.
1383 883 1474 961 ait:
1532 883 1665 988 Quan-

212 1020 455 1110 tumcunque
469 1020 600 1078 mente
622 1020 778 1105 vagarer
796 1021 866 1105 per
886 992 1113 1077 tranfirorias
1131 1016 1190 1075 res
1203 990 1377 1075 distracta
1400 998 1439 1074 δι
1464 983 1666 1086 delectata,

213 1132 342 1197 tamen
364 1110 451 1220 post
469 1109 585 1191 horas
609 1112 647 1189 δι
670 1113 747 1190 heu
771 1108 858 1219 poll
887 1106 994 1203 dies,
1025 1110 1065 1186 δι
1092 1129 1134 1188 ut
1155 1100 1395 1217 prohdolor
1421 1110 1561 1204 timeo,
1580 1105 1665 1219 poll

212 1219 483 1307 hebdomadas
511 1223 666 1305 rediens
693 1222 743 1304 ad
772 1248 993 1304 cormeum
1018 1214 1347 1332 semperidiplum
1375 1244 1416 1305 te
1440 1223 1596 1318 inveni,
1624 1242 1693 1327 ut·

212 1362 413 1447 nunquam
454 1329 599 1418 causari
636 1329 783 1446 pulsem
818 1332 870 1416 ad
906 1339 1022 1418 icium
1062 1337 1167 1417 oculi
1203 1357 1244 1416 te
1286 1335 1380 1417 mihi
1416 1331 1661 1425 subtractum.

214 1446 311 1551 alrae
344 1453 471 1560 gratia
497 1445 634 1532 similes
662 1451 864 1562 praesertim
899 1445 1063 1530 vifiones
1095 1475 1176 1531 non
1201 1441 1325 1530 solent
1357 1443 1432 1532 else
1455 1471 1662 1561 perpetua,

144 1654 151 1663 ,
214 1558 281 1647 sed
303 1562 466 1658 dantur,
488 1566 525 1645 δι
544 1556 641 1673 saepe
666 1563 732 1648 diu
761 1561 1039 1646 subtrabuntur.
1123 1554 1217 1644 Sola
1247 1561 1443 1672 phantasia
1473 1565 1662 1673 perpetuo

214 1677 333 1761 adest.
386 1675 467 1760 Sed
487 1673 710 1787 responderi
733 1677 872 1787 potest,
896 1676 1042 1757 modos
1060 1679 1235 1758 vocantis
1257 1681 1295 1757 δι
1320 1679 1506 1760 trahentis
1539 1680 1663 1788 gratia

215 1791 352 1876 divinat
374 1786 450 1875 elle
472 1787 661 1879 diversosr
697 1786 911 1902 aliquando
945 1784 1006 1871 vel
1040 1784 1155 1871 semel
1188 1785 1335 1899 repulsa
1361 1815 1444 1873 non
1470 1791 1597 1877 redita
1623 1792 1660 1872 δι

212 1898 426 2017 aliquando
450 1898 571 2015 pulsat
593 1899 907 2016 infatigabiliter,
930 1905 969 1985 δι
995 1927 1157 2013 pernes
1178 1929 1300 1987 annos
1322 1901 1416 1987 colit
1447 1900 1662 1987 infrueiuo·

213 2014 289 2105 sam
323 2016 537 2106 arborem
591 2021 630 2099 δι
660 2022 776 2101 mittit
805 2012 933 2129 plures
967 2019 1125 2101 nuntios
1160 2017 1212 2102 ad
1251 2022 1371 2103 vineae
1401 2016 1573 2104 cultores
1607 2024 1661 2102 in·

211 2156 357 2245 grator.

328 2325 375 2408 ιι.
432 2300 478 2405 S.
518 2298 791 2409 Gertrudes
827 2305 1000 2423 sentit,
1035 2303 1122 2411 fibi
1157 2315 1211 2414 in
1248 2316 1419 2415 anima
1455 2316 1660 2446 impres·

210 2438 260 2547 sa
294 2436 385 2563 else
421 2453 581 2581 petita
618 2454 842 2583 quinque
877 2446 1098 2552 volnera.
1169 2472 1214 2558 1.
1243 2503 1279 2557 ι.
1307 2475 1360 2559 Q-
1385 2503 1423 2570 4
1454 2481 1526 2560 air:
1556 2479 1658 2563 Cum

210 2576 388 2666 sedendo
416 2589 455 2668 in
480 2581 690 2675 refeeiorr'o
719 2591 946 2670 memoriam
975 2593 1074 2674 circa
1101 2587 1324 2684 huiusmodi
1363 2589 1551 2674 haberem
1593 2593 1657 2675 de-

212 2697 343 2778 votius
364 2721 608 2809 occupatam,
630 2693 721 2781 sensi
751 2699 856 2811 quast
875 2699 1055 2785 divinitus
1084 2699 1225 2785 collata
1251 2703 1344 2785 mihi
1362 2701 1486 2800 dona,
1514 2734 1603 2817 quae
1621 2711 1656 2788 in

213 2814 393 2893 oratione
422 2808 571 2895 dudum
591 2815 793 2921 petieram.
877 2817 982 2898 Nam
1005 2823 1107 2900 intus
1130 2821 1168 2900 in
1186 2817 1309 2899 corde
1330 2842 1423 2900 meo
1448 2819 1555 2932 quali
1573 2848 1658 2905 cor·

212 2914 411 3034 poralibus
440 2916 539 3008 locis
559 2953 630 3035 pet
655 2923 821 3037 spiritum
859 2933 1032 3039 cognovi
1054 2928 1229 3041 imprelia
1264 2924 1469 3014 vulnerum
1501 2957 1656 3018 tuorum

210 3035 385 3146 stigmata
411 3086 426 3104 ·
457 3042 496 3120 δι
524 3048 647 3151 pietas
671 3064 736 3122 tua
766 3035 969 3126 vulnerum
997 3043 1280 3155 impressionem
1321 3045 1416 3127 mihi
1452 3073 1581 3160 usque
1618 3048 1680 3131 in

198 3151 370 3343 ⁸grarlens
394 3151 604 3236 conlervat.
661 3148 909 3264 Respondeo,
934 3161 1181 3241 constantiam
1200 3160 1310 3263 hujus
1329 3157 1582 3268 impreffionis
1607 3158 1657 3248 es-

224 3269 397 3369 epotius
416 3292 700 3378 argumentum,
721 3267 763 3351 id
788 3294 871 3351 non
898 3262 974 3353 esse
1001 3266 1182 3355 effoetum
1218 3272 1443 3381 phantasma,
1476 3273 1542 3358 sed
1567 3278 1655 3373 nei,

206 3381 315 3569 agian
334 3372 495 3464 effebius
529 3379 732 3492 phantaliae
768 3384 1009 3468 vivacitatem
1035 3387 1229 3498 perdunt,
1268 3389 1309 3469 δι
1347 3381 1554 3476 obliuione
1589 3389 1657 3474 de·

315 3514 349 3571 r·
1405 3526 1412 3537 .

291 3671 387 3791 ιιι.
444 3650 491 3755 S.
550 3652 823 3769 Gertrudes
871 3669 1084 3773 testatur
1130 3667 1455 3808 frequenter,
1516 3670 1657 3813 quod

208 3782 328 3925 post
363 3784 585 3930 aliquam
631 3801 1020 3928 turbationem,
1068 3836 1160 3917 aut
1202 3796 1467 3920 morbum'
1498 3822 1555 3920 ln
1590 3824 1656 3924 vi·

207 3928 406 4034 sionem
438 3938 682 4061 inciderit.
787 3973 853 4060 Sic
878 3976 1002 4085 prima
1041 3973 1138 4062 vilio
1165 3982 1328 4090 contigit
1353 3983 1447 4094 poll
1467 3984 1660 4071 turbatio-

1572 4130 1660 4187 nean
