3796 4994
604 234 908 335 Revelationrs
942 239 987 332 S.
1027 169 1313 356 Gerrrudin
1565 239 1652 339 161

214 438 377 532 hrotnni'
406 440 598 546 eiusmodi
624 436 880 524 revelationes
914 437 1068 547 praecise
1091 463 1133 522 ut
1152 444 1280 539 lacent
1299 435 1380 523 fine
1398 450 1571 552 sagena
1594 467 1679 525 eit··

214 557 425 672 plicatione
444 579 511 639 aut
538 553 770 641 haesitatione
788 553 1086 649 adducentium,
1103 579 1175 634 nec
1201 548 1319 637 ullum
1345 579 1526 663 appareat
1552 551 1658 638 aliud

214 680 256 760 in
282 677 367 753 adu
398 667 571 752 secundo
600 663 731 751 efficax
758 664 887 751 saltem
917 671 955 748 in*
984 667 1204 778 regionibus
1234 663 1360 749 Romi
1387 670 1661 753 remotioribus

214 784 443 872 remedium.
529 781 640 866 Absit
661 784 780 876 verb,
802 808 867 863 nie
894 808 962 890 pet
980 783 1057 862 hoc
1076 783 1194 863 cultui
1225 785 1266 860 dt
1287 779 1436 863 fiduciae
1460 809 1550 894 erga
1580 809 1659 868 tani

215 896 396 984 disertam
408 893 588 1005 sponsam
618 896 759 977 Christi
793 895 1006 976 detracium
1036 890 1150 978 velle.
1206 887 1348 975 Nullus
1379 900 1481 977 enim
1503 896 1657 992 dubito,

213 1040 302 1100 eain
334 1005 508 1092 habuisse
532 1009 682 1092 donum
717 1002 1012 1104 revelationum,
1030 1033 1196 1119 eamque
1226 1032 1306 1091 non
1340 1002 1463 1091 solum
1488 1006 1657 1093 habuisse

214 1120 510 1211 familiaritatem
537 1148 624 1204 cuni
645 1120 955 1214 Deosummam,
976 1117 1040 1204 sed
1064 1123 1178 1204 etiam
1201 1116 1276 1203 esse
1298 1124 1474 1204 eximiam
1498 1150 1657 1206 conver·

214 1235 370 1325 sationis
398 1241 555 1321 interna
585 1261 673 1318 etuti
706 1237 799 1317 Deo
833 1235 1061 1346 Magistrum.
1122 1237 1223 1316 Hinc
1255 1231 1420 1331 suadeo,
1443 1260 1485 1318 ut
1507 1241 1658 1347 pietatis
1711 1302 1714 1306 .

218 1347 389 1437 cultures
417 1359 495 1454 ejus
519 1344 799 1447 Revelationes,
820 1344 882 1430 seu
909 1346 1181 1452 snfinnationrs
1204 1342 1345 1433 divina
1364 1350 1520 1460 pietatis
1542 1374 1659 1462 prout

219 1465 311 1576 apti
329 1464 596 1557 inscribuntur,
623 1457 826 1574 diligenter
843 1457 994 1573 legants
1038 1488 1107 1557 ea,
1134 1490 1221 1575 quae
1240 1457 1381 1545 nullam
1405 1459 1656 1549 offensionem

218 1584 375 1692 pariunt
400 1570 575 1688 populo,
613 1571 742 1658 saltem
765 1600 834 1685 per
858 1577 1030 1658 moduni
1044 1574 1332 1687 insultationum
1358 1571 1421 1661 seu
1448 1580 1655 1695 inspiratio-

219 1719 311 1778 num
343 1690 367 1776 ἰ
398 1693 489 1773 Deo
519 1691 560 1772 S.
600 1692 784 1773 Gertrudi
808 1686 1023 1785 sariorum,
1047 1715 1257 1797 proponat,
1283 1716 1450 1801 eamque
1471 1715 1656 1804 tanquam

219 1831 401 1916 magnam
417 1809 622 1886 Patronam
645 1805 832 1886 interioris
856 1806 954 1896 vitae,
972 1827 1019 1884 ac
1041 1796 1234 1884 familiaris
1259 1801 1554 1888 conversationis
1571 1833 1656 1888 cuni

219 1924 313 2002 Deo
351 1912 506 2028 eligant.
607 1919 753 2025 Neque
791 1916 1067 1998 absterreantur
1105 1914 1153 1998 ab
1185 1943 1231 1998 ea
1263 1943 1352 2028 erga
1388 1913 1657 2002 dileslissrmani
1786 1915 1789 1920 ’

220 2032 365 2116 Chiilli
391 2023 575 2139 Sponsam
611 2033 823 2112 reverentia
856 2033 894 2110 dr
919 2026 1074 2127 fiducia,
1107 2030 1221 2142 quod
1248 2057 1296 2113 eir
1321 2036 1524 2142 hucusque
1550 2034 1659 2116 ditiis

220 2139 429 2256 probabile
452 2142 509 2238 sit,
533 2147 572 2225 iii
592 2144 650 2225 liis
672 2140 879 2247 visionibus
899 2137 1107 2255 aliquoties
1124 2143 1364 2228 intervenisse
1383 2140 1481 2228 lusus
1501 2147 1660 2256 phanta-

221 2257 306 2345 fiaes
335 2262 427 2368 quia
453 2282 527 2368 pro
552 2253 752 2339 certissimo
782 2280 914 2352 teneo,
944 2263 1073 2339 Deum
1102 2252 1283 2340 deledari
1310 2260 1499 2348 eiusmodi
1518 2253 1659 2343 lusibus

219 2370 425 2484 phantasia
452 2375 663 2453 animarum
693 2366 927 2469 sandiarumi
979 2395 1099 2482 atque
1124 2373 1262 2455 iisdem
1288 2366 1431 2455 lusibus
1461 2371 1663 2485 phantasia

220 2513 314 2570 euin
336 2486 544 2567 immiscere
569 2482 693 2566 satida
716 2479 881 2577 lumina,
913 2485 955 2563 dr
975 2487 1062 2593 pios
1096 2509 1228 2576 motus
1252 2489 1389 2574 animia
1432 2490 1473 2569 dr
1499 2514 1580 2569 non
1602 2483 1662 2569 so·

218 2596 304 2684 liam
322 2598 379 2680 his
403 2593 546 2682 lusibus
571 2623 661 2681 euni
684 2592 891 2691 delectari,
919 2596 985 2679 sed
1013 2601 1126 2679 etiam
1150 2599 1342 2682 interdum
1367 2595 1492 2709 perse
1512 2595 1574 2685 vel
1623 2618 1683 2686 et*

219 2707 385 2824 angelos
405 2713 457 2794 de
480 2713 545 2794 die
571 2707 633 2794 vel
661 2713 699 2791 in
725 2706 865 2792 somno
884 2714 1048 2794 circitare
1065 2710 1310 2820 phantasiam,
1332 2737 1374 2796 ut
1391 2737 1502 2798 exeat
1520 2718 1560 2798 in
1581 2629 1662 2799 ilias

221 2830 470 2937 operationes
497 2824 566 2908 sibi
598 2818 811 2919 consuetas,
830 2823 974 2933 quibus
993 2825 1085 2908 dein
1101 2821 1312 2911 immiscere
1338 2825 1450 2937 possit
1475 2824 1537 2912 sua
1553 2823 1662 2912 lumi·

222 2964 298 3038 na,
334 2936 593 3033 ostensiones,
637 2941 676 3017 dr
718 2936 850 3019 bonos
879 2960 1020 3021 motus.
1111 2941 1275 3020 Eatenus
1306 2941 1414 3024 Deus
1441 2940 1545 3037 facit,
1571 2941 1664 3026 sicut

221 3078 358 3149 mater,
379 3075 507 3161 patet,
533 3075 599 3135 aut
632 3054 744 3132 amici
768 3047 914 3137 faciunt
938 3077 1026 3133 cum
1045 3042 1194 3135 dilectis
1213 3051 1280 3135 fibi
1303 3051 1539 3141 infantibuss
1569 3081 1662 3165 gau·
1805 3126 1808 3137 .

221 3168 320 3253 deut
334 3168 437 3248 enim
454 3178 590 3248 eorum
605 3162 890 3275 innocentibus,
905 3159 1155 3259 infantilibus,
1173 3169 1212 3247 δι
1236 3170 1403 3250 erroneis
1426 3165 1663 3266 discursibus,

221 3281 366 3394 quibus
401 3305 476 3389 pto
490 3280 752 3365 -instiuuione
784 3272 994 3361 immiscent
1028 3277 1220 3362 interdum
1252 3279 1379 3363 bonas
1406 3281 1599 3393 dodpinas
1622 3286 1662 3364 &

222 3391 422 3477 motiones
440 3390 491 3474 ad
514 3389 677 3474 honuni.
758 3385 881 3473 Simili
906 3389 1032 3474 inodo
1052 3383 1170 3475 DEus
1199 3389 1290 3478 facit
1314 3421 1401 3477 cum
1429 3399 1665 3505 operationi·

222 3506 299 3607 bus
325 3502 527 3615 phantasia
547 3504 593 3586 dc
619 3497 842 3588 discuifibus
864 3507 1021 3586 internis
1043 3509 1254 3591 animarum
1269 3503 1499 3605 sannarum,
1521 3510 1665 3622 quibus

221 3613 409 3711 itmriscet
438 3615 502 3702 sua
528 3611 671 3701 lumina
700 3622 739 3700 dr
764 3642 941 3699 amotum
974 3611 1135 3703 delitias.
1222 3621 1360 3733 ltaque
1389 3619 1440 3705 nil
1470 3626 1665 3736 prohihet,

220 3735 263 3820 S.
292 3732 527 3823 Gertrudem
553 3755 667 3814 etiam
694 3737 733 3812 in
759 3728 846 3839 ipsis
882 3729 1175 3842 operationibus
1210 3735 1426 3843 phantasia,
1454 3736 1481 3820 si
1509 3766 1595 3850 qun
1626 3744 1666 3822 in

224 3854 306 3952 ejus
334 3840 648 3940 Revelationibus
677 3845 965 3944 interveniunt,
1002 3843 1244 3931 considerare
1277 3872 1463 3959 tanquam
1494 3878 1558 3934 vas
1585 3853 1666 3935 san·

226 3964 330 4046 aun
356 3956 503 4066 semper
523 3954 678 4067 plenum
699 3956 806 4054 Deo,
832 3961 872 4039 δι
896 3981 1084 4067 tanquam
1105 3953 1293 4072 Sponsam
1311 3959 1552 4068 juvenculam
1573 3962 1666 4049 senr-

341 4071 402 4162 D.
424 4072 472 4158 Ε.
489 4076 544 4157 A.
562 4068 608 4156 de
626 4065 806 4158 Revelas.
830 4069 932 4158 Pars
952 4071 1010 4159 ll.
1172 4078 1237 4237 fx*
1600 4082 1689 4192 pet'
