3796 4994
629 187 904 323 Regularum
937 172 1265 293 Summariu'm.
1553 136 1660 305 u281
1818 238 1821 242 ·

333 396 478 518 Regula
510 423 575 483 ιο.
630 392 903 485 Revelationes
933 425 1097 498 eorum,
1121 401 1192 510 qui
1223 393 1317 483 aliis
1345 392 1432 483 lunt
1451 391 1542 497 «lest,
1564 404 1667 511 capi·

216 513 289 610 tis,
328 537 395 597 aut
421 512 554 598 obleffi
585 507 848 610 idoemone,
878 508 1022 600 nullam
1052 536 1248 599 merentur
1273 511 1409 599 fidem.
1475 517 1595 600 Grav.
1620 516 1666 602 R.
1793 550 1797 557 ‘

216 634 341 716 Praei.
371 658 408 729 5.
825 722 828 729 ¹

330 736 476 859 Regula
509 764 573 822 ιι.
627 739 671 825 Si
704 735 887 854 persona,
912 743 975 826 cui
1005 739 1224 827 tribuuntur
1248 735 1529 842 revelationes,
1551 739 1669 829 fuerit

215 854 364 943 imbuta
386 856 512 966 pravis
536 851 726 953 moribus,
744 851 945 968 prasertim
967 850 1119 940 subdita
1136 861 1237 942 vitiis
1255 852 1491 955 carnalibus,
1516 860 1556 940 δι
1574 861 1668 943 irre·
1760 965 1762 968 Α

215 979 283 1056 tita
307 974 404 1054 curis
432 963 640 1163 superfluis,
663 969 915 1077 judicandum
931 971 999 1070 est,
1024 997 1113 1055 eam
1133 968 1209 1057 eise
1229 972 1435 1086 deceptam
1459 994 1527 1057 aut
1548 971 1666 1059 dece·

243 1090 390 1170 tricem.
449 1086 573 1166 l.R.
592 1097 633 1169 6.
1636 1166 1639 1171 Δ
1711 1083 1718 1091 ’

216 1115 241 1199 p
329 1197 388 1282 ue
413 1192 480 1282 nlu
509 1224 574 1282 ιι.
632 1196 860 1302 Reiieiendae
879 1194 1137 1286 revelationes
1162 1226 1313 1304 eorum,
1333 1206 1404 1314 qui
1426 1223 1585 1289 utuntur
1605 1195 1664 1290 su·

215 1224 432 1429 perstitiofis
458 1309 596 1396 mediis
615 1312 668 1395 ad
689 1307 841 1398 scienda
860 1314 1072 1412 recondita
1126 1315 1183 1399 lb.
1204 1320 1253 1398 R.
1270 1337 1310 1412 8.
1591 1417 1592 1421 Ν
1756 1382 1760 1389 .

332 1423 477 1543 Regula
509 1450 572 1528 ¹3·
609 1427 721 1512 Idem
738 1427 949 1512 dicendum
971 1429 1023 1514 de
1039 1423 1345 1518 revelationibus
1356 1425 1528 1545 persona
1541 1427 1666 1520 illue-⁸

215 1565 263 1631 tae
283 1544 506 1628 mendaciis,
563 1540 623 1625 lb.
650 1543 784 1650 uno.
1684 1627 1687 1631 ,

328 1653 473 1774 Regula
507 1681 571 1759 14.
621 1655 730 1740 idem
757 1655 968 1741 dicendum
991 1656 1047 1743 de
1068 1652 1372 1746 revelationibus
1397 1653 1584 1772 persona,
1602 1662 1664 1746 cui

214 1769 351 1857 deficit
367 1796 459 1853 vera
473 1768 584 1853 fides.
644 1770 701 1854 lb.
725 1772 769 1855 R.
793 1799 857 1877 ¹3·
1108 1865 1110 1868 Α

173 1985 176 1990 ⁴
332 1881 476 2002 Regula
510 1911 574 1983 ις.
630 1884 739 1967 idem
773 1883 983 1968 dicendum
1015 1884 1069 1971 de
1103 1881 1425 1984 revelationibus,
1449 1891 1489 1970 in
1518 1886 1663 2002 quibus

213 2000 463 2113 praetenditur
485 1996 594 2081 fuille
616 2025 705 2081 cum
725 1995 856 2114 aliqua
880 1995 1043 2111 persona
1065 1997 1317 2113 dispensatum
1340 2005 1381 2095 in
1410 1997 1541 2115 aliqua
1574 1997 1665 2115 lege

215 2110 379 2199 naturali
397 2138 461 2196 aut
484 2109 747 2196 Ecclesiastico.
805 2116 863 2197 lb.
885 2119 932 2199 R.
961 2145 1027 2214 24.
1762 2114 1765 2117 ’

331 2224 475 2343 Regula
509 2242 572 2310 16.
627 2224 911 2324 Revelationes‚
924 2256 1011 2341 quae
1022 2254 1102 2311 non
1123 2253 1344 2340 congruunt
1360 2227 1499 2312 divinae
1517 2223 1665 2340 sapien·
1827 2264 1830 2272 ·

214 2345 276 2426 tiae
304 2343 440 2454 quoad
458 2341 653 2443 objeuun
675 2365 742 2426 aut
759 2343 938 2442 modum,
957 2349 1115 2428 e'atenus
1136 2369 1219 2426 non
1252 2340 1338 2428 lunt
1362 2340 1388 2428 ai
1419 2345 1549 2428 ΒΕΘ.
1607 2343 1664 2447 lb.

217 2458 263 2544 R·
282 2452 479 2686 wllengib
499 2459 604 2666 ἥγ’
629 2468 735 2651 ldem
756 2568 963 2652 dicendum
983 2568 1035 2653 de
1055 2566 1376 2670 revelationibus,
1404 2594 1569 2682 quarum
1587 2567 1664 2657 ob.-
1752 2614 1754 2623 v

213 2690 313 2791 jesia
331 2679 417 2766 sunt
439 2681 583 2766 curiosa
604 2710 670 2766 aut
694 2682 852 2767 inutilia.
912 2683 966 2765 lb.
989 2687 1032 2768 R.
1056 2712 1120 2778 29.
1136 2680 1251 2769 Gens.
1276 2688 1320 2768 R.
1336 2714 1376 2780 9.

332 2794 475 2913 Regula
510 2819 572 2890 ιε.
624 2794 896 2880 Revelationes
916 2794 1175 2907 personarum,
1194 2825 1278 2908 qua
1296 2796 1483 2881 sedantur
1496 2791 1663 2909 sequen·

218 2915 270 2997 tia
290 2915 496 3022 principia,
520 2913 570 2993 ad
592 2905 784 2995 illusiones
806 2912 1041 2994 doemonum
1067 2907 1278 2995 referenda
1307 2908 1400 2995 lunt.
1460 2939 1495 2994 ι.
1524 2913 1665 2995 Homi·
1830 2955 1858 2979 ν

219 3052 310 3110 nem
335 3021 677 3135 contemplativum
709 3029 763 3108 ita
785 3020 940 3109 finalem
969 3024 1248 3110 beatitudinem
1278 3052 1368 3109 cum
1398 3029 1506 3109 omni
1535 3021 1664 3136 perfe-

219 3144 359 3225 dionis
381 3141 502 3250 gradu
523 3137 630 3249 polle
656 3142 696 3221 in
717 3140 790 3223 hac
809 3143 887 3223 vita
911 3144 1125 3250 acquirere,
1144 3138 1239 3224 sicut
1255 3138 1454 3222 obtinebit
1468 3142 1509 3221 in
1533 3141 1666 3248 patria.
1690 3191 1697 3207 ·
1775 3138 1780 3145 '

221 3283 261 3338 ι.
291 3260 501 3337 Hominem
529 3247 637 3363 polle
658 3279 727 3362 per
752 3249 1120 3364 contemplationem
1145 3252 1195 3335 ad
1222 3248 1337 3336 talem
1355 3252 1518 3364 gradum
1538 3251 1665 3362 perfe-
1731 3263 1733 3265 ’

220 3371 361 3451 dionis
374 3364 590 3465 ascendere,
608 3391 651 3448 ut
668 3366 850 3450 reddatur
863 3362 1134 3476 impeccabilis,
1155 3372 1192 3449 dc
1209 3372 1280 3479 qui
1295 3366 1345 3450 ad
1364 3361 1481 3448 talem
1500 3365 1664 3485 gradum

218 3487 451 3593 pervenerit,
474 3510 556 3563 non
586 3480 741 3564 tenetur
757 3477 833 3563 ulla
860 3481 965 3564 bona
984 3508 1110 3593 opera
1127 3477 1267 3565 facere.
1328 3508 1365 3581 3.
1395 3484 1605 3564 Hominem
1625 3478 1665 3561 in
1731 3518 1735 3527 .
1790 3542 1794 3547 .

220 3600 401 3679 oratione
433 3591 589 3679 mentali
604 3594 744 3707 quoad
767 3591 1003 3679 intelledum
1026 3595 1171 3679 debere
1194 3590 1268 3679 elle
1292 3589 1531 3679 alienumab
1556 3595 1665 3696 omni

223 3713 462 3821 cogitatione
485 3737 612 3792 rerum
641 3703 902 3819 corporalium
925 3714 964 3792 δι
990 3703 1250 3820 spiritualium,
1278 3705 1548 3820 exspectando,
1568 3724 1668 3819 quas
1757 3701 1762 3714 ’

226 3827 482 3935 cogitationes
498 3826 678 3907 imminet
697 3829 818 3907 Deus.
873 3855 913 3927 4.
941 3827 1131 3907 Homines
1147 3826 1323 3908 Orationi
1343 3818 1499 3906 mentali
1511 3821 1670 3929 deditos

223 3963 309 4022 non
332 3932 407 4022 elle
426 3938 716 4050 adstringendos
735 3938 787 4021 ad
806 3934 984 4023 laborem
1007 3964 1202 4041 manuum,
1220 3943 1260 4024 dc
1286 3941 1464 4037 exercitia
1485 3932 1672 4048 corpora·

324 4052 386 4142 D.
410 4051 458 4139 E.
476 4048 792 4142 A.deRevelul.
811 4053 966 4142 Pursl.
1224 4053 1343 4165 Nn
1619 4043 1672 4133 lia
