3796 4994
604 331 804 432 lleoelan
825 330 879 428 de
898 328 1086 467 Agrtda.
1115 337 1231 433 Pars
1250 338 1306 432 ll.
1572 326 1678 468 '34'1
1820 398 1823 403 .

219 535 440 630 essentiamr
469 544 509 623 dr
532 563 612 625 erat
630 536 716 652 iplir
737 535 882 625 infusus
906 534 1073 624 summus
1094 564 1228 638 amor,
1259 537 1385 639 fider,
1409 544 1449 627 δι
1471 534 1681 662 sper,·‚qui·
1800 620 1804 627 .

221 654 296 739 bds
315 651 529 739 elicuerunt
549 658 732 739 heroicos
756 661 861 738 adut
883 652 1000 752 fidei,
1027 659 1279 752 reverenr'iae,
1310 656 1467 755 amoris,
1493 662 1534 741 δι
1567 686 1678 763 com·

219 752 399 881 passionis
418 796 507 880 erga
530 794 733 882 parentes,
759 796 833 880 pro
857 769 998 883 quibus
1024 769 1216 882 rogabant
1240 771 1401 874 Deum,
1434 795 1477 858 ut
1500 778 1547 858 iis
1569 802 1679 862 com·

212 879 396 1082 pepsaret
426 887 527 969 hanc
565 880 871 970 tribulationem.
957 887 1186 999 Martyrium
1211 885 1470 976 admittebant
1498 883 1679 981 ultronea

221 1026 275 1084 vo
291 1023 435 1085 untate.

332 1146 429 1244 679.
459 1131 535 1216 Hic
556 1129 802 1216 monendum
820 1129 970 1233 iudico,
995 1130 1110 1246 quod
1131 1134 1173 1217 in
1191 1134 1237 1218 iis
1256 1134 1386 1236 rebus,
1398 1123 1501 1252 vquus
1520 1137 1586 1227 bic
1603 1141 1672 1232 de.

218 1243 359 1346 scribo,
381 1271 520 1361 magna
544 1247 759 1330 intercedat
780 1251 1014 1357 opinionum
1034 1250 1197 1333 varietas
1215 1251 1321 1362 apud
1343 1253 1411 1337 SS.
1432 1256 1583 1348 Patrerr
1610 1254 1675 1347 lo·
1752 1327 1756 1333 -

219 1388 394 1475 quuntur
410 1371 512 1446 enim
534 1360 795 1449 diversimode
827 1362 879 1447 de
904 1374 1106 1475 tempore,
1127 1390 1213 1475 quo
1240 1364 1594 1459 Heroderoccidit
1614 1378 1673 1464 in·
1747 1427 1758 1440 -

217 1476 368 1567 fantesr
396 1483 435 1561 δι
454 1503 548 1560 num
569 1479 610 1560 bi
633 1476 775 1561 fuerint
798 1480 984 1562 neonati?
1012 1504 1062 1560 an
1086 1483 1182 1562 odo
1215 1480 1392 1581 diemm,
1415 1476 1480 1567 vel
1499 1484 1671 1581 duorum

219 1595 450 1679 annorum?
484 1593 549 1676 De
569 1591 626 1676 his
644 1591 772 1678 dubiis
794 1619 877 1675 non
907 1619 973 1677 me
1001 1591 1220 1692 detinebo,
1241 1598 1335 1708 quia
1368 1622 1451 1681 non
1476 1593 1589 1689 servit
1619 1604 1672 1695 ad

221 1736 353 1793 meum
381 1711 595 1807 intentum,
622 1712 660 1789 δε
687 1711 781 1818 quia
806 1701 931 1791 soldm
960 1731 1007 1791 ea
1031 1701 1179 1808 scribo,
1208 1735 1297 1819 quae
1325 1709 1465 1797 dodim
1490 1708 1601 1818 sum,
1629 1726 1672 1811 δι

219 1850 306 1934 quar
332 1825 427 1906 mihi
453 1821 612 1906 fuerunt
634 1824 789 1918 dictata,
821 1845 885 1904 aut
908 1820 1122 1934 dequibus
1144 1817 1353 1934 aliquoties
1373 1852 1422 1908 cx
1443 1825 1671 1931 obedientia

216 1941 451 2049 interrogavi
482 1938 661 2037 (Deum)
692 1960 735 2018 ut
763 1930 900 2020 melius
935 1931 1084 2047 possem
1111 1935 1295 2051 prosequi
1329 1939 1427 2023 hanc
1459 1943 1671 2041 historiam.
1706 1992 1712 2003 ·

216 2056 317 2138 Non
338 2054 467 2150 decer,
486 2074 530 2136 ut
551 2054 593 2132 in
620 2054 666 2133 iir
689 2049 804 2134 rebus
811 2070 825 2147 3
856 2077 956 2162 quar
979 2046 1185 2148 describo,
1205 2047 1487 2141 immisceamur
1509 2078 1677 2153 contet-¹

215 2170 385 2253 tationes
413 2169 670 2279 opinionumr
716 2168 808 2275 quia
839 2164 964 2250 statim
990 2164 1040 2248 ab
1075 2168 1188 2250 initio
1217 2165 1240 2252 d
1276 2168 1458 2254 Domino
1478 2172 1668 2287 intellexi,
1724 2178 1739 2209 ²

217 2283 333 2396 quod
358 2279 491 2368 veliti
520 2307 584 2364 nte
600 2281 680 2364 hoc
707 2307 807 2393 opus
840 2275 1028 2364 conscribi
1060 2277 1140 2363 stne
1162 2283 1406 2368 immixtione
1438 2285 1671 2385 diversarum

216 2402 464 2510 opinionum,
497 2391 562 2480 sed
591 2396 801 2506 utpraecire
819 2393 1002 2479 referrem
1027 2420 1091 2480 eas
1118 2400 1319 2495 veritates,
1345 2426 1433 2511 quar
1455 2430 1503 2487 cx
1531 2406 1670 2498 divino

214 2509 362 2598 lumine
388 2507 503 2597 essem
533 2505 784 2593 intelleuura.
881 2514 1020 2593 Utrum
1055 2532 1188 2593 aurem
1226 2506 1347 2612 illud,
1386 2518 1501 2625 quo'd
1527 2514 1673 2627 [σῶος

216 2624 423 2713 conforme
454 2627 499 2711 srt
521 2627 658 2709 dirinae
679 2625 903 2735 Scriptura,
921 2625 961 2706 δι
984 2646 1113 2707 utrum
1135 2623 1238 2711 resi
1263 2651 1328 2711 rne
1348 2626 1543 2743 descriptae
1568 2638 1671 2729 inter·

215 2743 255 2830 se
278 2745 509 2843 cohaereant,
531 2764 596 2825 aut
611 2739 741 2821 Deum
763 2738 943 2835 deceant,
968 2761 1096 2827 totum
1120 2733 1305 2856 relinquo
1322 2740 1535 2852 prudentiae
1557 2780 1670 2842 meo-

215 2886 301 2945 rum
318 2861 584 2970 Superiorum,
609 2857 650 2934 &
675 2853 823 2958 judicio
845 2857 1016 2938 virorum
1040 2853 1252 2940 dodorum
1273 2883 1319 2941 ac
1342 2861 1510 2970 piorum.
1571 2858 1581 2884 '

333 3021 427 3104 εει.
469 3005 616 3110 JESUS
648 2995 807 3116 expleto
839 3003 968 3114 primo
989 3026 1092 3084 anno
1117 3005 1234 3087 aetatis
1252 3008 1377 3117 prima
1396 3009 1495 3108 vice,
1515 3015 1554 3094 or
1580 3020 1671 3129 qui.

214 3121 308 3206 dem
326 3149 374 3204 ex
398 3121 563 3204 brachiis
582 3123 713 3204 Mariae
733 3112 948 3232 alloquitur
965 3112 1231 3232 82Josephum
1249 3121 1308 3206 hir
1326 3120 1474 3210 verbis:
1502 3127 1580 3215 Mi
1593 3150 1671 3243 pu·

211 3246 286 3336 ter,
314 3231 481 3350 descendi
507 3231 552 3321 de
573 3230 666 3341 coelo
693 3281 712 3298 ·
1279 3290 1286 3302 a

331 3400 428 3482 685.
456 3385 567 3466 Toto
585 3382 712 3492 primo
739 3401 843 3461 anno
858 3375 1002 3482 Jfisus
1024 3373 1098 3462 fuit
1120 3372 1319 3464 involutus
1333 3374 1467 3470 fasciis.
1496 3384 1667 3500 Expleto

213 3523 342 3584 autem
365 3502 447 3582 boc
471 3522 577 3580 anno
596 3501 638 3578 u.
660 3498 707 3580 V.
725 3490 922 3595 judicans,
948 3519 1037 3577 eum
1067 3488 1142 3576 else
1167 3491 1439 3599 calceandum,
1460 3509 1667 3613 genuflexa

213 3616 331 3698 dicit:
359 3612 424 3695 Sar
439 3618 515 3719 jarn
530 3604 668 3722 ligatus
691 3604 790 3690 fuisti
804 3600 926 3690 fasciis
954 3652 969 3670 ·
999 3609 1285 3721 quomodovis
1308 3639 1411 3696 nunc
1432 3620 1528 3728 erigi
1544 3624 1671 3732 inpe-
1802 3638 1809 3645 “

210 3725 315 3813 der?
343 3723 554 3839 Respondit
575 3724 735 3828 JESUS.
759 3767 779 3788 ·
835 3723 960 3807 Vestis
981 3747 1069 3805 mea
1085 3745 1176 3808 toro
1200 3729 1285 3810 vitae
1302 3750 1481 3838 tempore
1507 3730 1551 3816 fit
1578 3741 1666 3823 uni·

211 3871 255 3929 ca
285 3890 297 3909 ·
330 3844 465 3926 vestiar
488 3867 552 3924 me
572 3833 666 3951 rogi
691 3839 910 3921 communis
928 3832 1092 3925 colorirr
1119 3838 1200 3922 haec
1222 3864 1317 3954 toga
1332 3866 1486 3931 mecum
1504 3845 1665 3943 crescetr

210 3963 251 4043 δι
272 3957 411 4045 eadem
430 3959 470 4041 in
493 3977 621 4042 morte
649 3955 734 4053 erit,
756 3951 809 4040 de
836 3977 917 4069 qua
937 3947 1144 4039 sortientur
1159 3948 1267 4040 aleis.

970 4207 1045 4294 Uu
1078 4232 1096 4314 ς
1571 4223 1670 4311 686.
