3796 4994
609 339 881 440 Revelande
904 342 1091 475 Agreda.
1108 351 1219 440 Pars
1239 350 1297 445 II.
1426 278 1442 358 ε’
1579 371 1639 469 38
1649 379 1676 473 5

1657 551 1669 577 N

241 533 327 628 usus
351 540 404 626 est
424 532 550 626 Pilato
578 566 759 665 tanquam
786 546 1033 629 instrumento
1065 546 1115 629 ad
1150 537 1392 645 liberandum
1429 546 1623 634 Christum
1650 580 1675 635 a

239 683 378 738 morte.
433 656 555 759 Judas
576 681 717 758 autem,
740 684 827 741 cum
857 657 1005 741 videret
1027 655 1135 742 senil
1156 655 1317 758 efficere,
1339 657 1379 741 se
1398 655 1590 769 suspendit
1606 690 1672 747 ex·
1835 663 1837 666 ’

238 793 295 851 ιιι
320 771 455 851 urbem
483 773 523 852 in
541 769 699 857 arborei
728 775 767 852 δι
786 772 865 856 haec
887 781 966 874 eius
984 799 1088 855 mors
1114 770 1378 886 contigiripso
1405 773 1470 857 die
1498 773 1671 862 Parasce-

234 906 301 964 ves
318 884 414 964 hora
438 883 660 983 meridiana,
686 909 828 993 nempe
854 880 1103 968 duodecima.
1252 985 1254 991 Ι
1437 900 1439 904 “
1696 976 1702 989 f

351 1021 471 1103 1249.
512 997 671 1105 Corpus
687 996 799 1098 Judae
814 996 946 1078 manfit
970 1000 1010 1079 in
1026 997 1168 1081 arbore
1191 995 1312 1081 tribus
1341 994 1491 1083 diebus.
1562 992 1695 1085 Nam

234 1111 409 1219 quamvis
427 1105 548 1208 Judaei
569 1114 698 1191 conati
722 1105 864 1192 suerint
886 1103 982 1190 illud
1005 1109 1055 1193 ab
1076 1109 1217 1193 arbore
1243 1112 1465 1222 deponere,
1482 1139 1565 1195 non
1589 1140 1667 1224 po-
1755 1168 1759 1176 =

233 1242 385 1302 ruerunt
401 1242 529 1303 tamen
549 1219 590 1301 id
613 1216 775 1305 efficere.
856 1223 947 1306 Post
975 1245 1052 1307 tres
1075 1223 1158 1307 dies
1179 1223 1389 1308 doemones
1405 1219 1504 1308 illud
1519 1225 1570 1309 ad
1588 1230 1665 1309 ani·

231 1357 335 1416 mam
358 1331 600 1418 deduxerunt
618 1338 659 1417 in
681 1328 905 1423 infernum„
967 1338 1052 1419 Fuit
1077 1358 1206 1420 aureni
1225 1335 1416 1421 detrusum
1436 1341 1476 1420 in
1496 1334 1665 1451 aliquam

231 1441 397 1556 specum,
418 1449 458 1528 in
482 1472 600 1556 quarn
617 1446 822 1530 doemones
837 1450 1039 1558 hucusque
1062 1449 1111 1532 ab
1131 1453 1244 1533 initio
1266 1451 1403 1533 tnundi
1421 1446 1565 1533 nullam
1585 1457 1664 1536 ani·-

230 1585 331 1640 mam
356 1583 566 1667 potuerunt
586 1559 815 1647 detruderes
851 1563 940 1642 licet
959 1562 1001 1643 id
1021 1558 1150 1669 saepius
1167 1569 1414 1646 tentaverint:
1451 1587 1533 1647 erat
1559 1569 1663 1649 enim

228 1695 434 1782 praeparata
466 1699 538 1780 pro
562 1674 685 1773 Juda,
714 1678 753 1754 δι
776 1702 849 1784 pro
875 1668 949 1755 illis
976 1675 1208 1770 Christianis,
1233 1677 1303 1786 qui
1322 1700 1529 1785 propterea
1554 1678 1663 1760 dant·
1693 1753 1700 1764 ,

228 1807 394 1879 uantur,
435 1784 548 1894 quod
587 1788 852 1883 Sacramenta,
895 1784 1140 1881 dodrinam,
1186 1791 1226 1889 dc
1264 1782 1471 1897 passionem
1507 1789 1664 1884 Christi,

226 1893 599 1980 &intercessionem
634 1906 677 1982 B.
710 1902 878 2012 Virginis
910 1893 1038 1982 nolint
1065 1921 1291 1984 convertere
1324 1895 1496 1985 insuam
1524 1894 1663 1985 utilita-
1816 1942 1828 2007 1

223 2033 319 2097 tem.
345 2149 465 2220 1251.
494 2120 657 2225 Lucifer,
680 2123 843 2237 quando
866 2149 946 2210 erat
970 2129 1012 2209 in
1037 2097 1212 2220 Olivetn
1227 2123 1279 2208 ad
1300 2120 1389 2209 suos
1413 2125 1530 2209 dixit:
1568 2125 1660 2210 Sine

227 2236 352 2324 dubio
382 2238 445 2318 hic
468 2239 591 2320 bomo
620 2240 673 2320 est
701 2232 956 2347 simul-Deus.
1037 2242 1076 2321 ui
1108 2241 1315 2335 morietur,
1344 2239 1567 2349 procurabit
1598 2265 1659 2324 re·

225 2354 492 2463 demptionem
509 2352 666 2434 humani
687 2354 851 2462 generis.
903 2346 1025 2437 Male
1052 2353 1200 2463 egimus
1219 2350 1528 2460 procurando‘ei
1552 2378 1658 2436 mor·

221 2488 318 2549 tem.
402 2464 521 2576 Igitur
549 2461 682 2547 saltem
710 2461 904 2575 exquisitis
925 2467 1130 2546 tormentis
1164 2484 1355 2547 tentemus
1386 2470 1466 2571 ejus
1508 2466 1657 2576 patien·
1685 2517 1704 2542 ,

220 2602 325 2665 ιιιιιι.

340 2714 465 2789 1²53·
493 2687 533 2772 Β.
550 2691 599 2772 V.
615 2685 666 2770 ad
687 2713 752 2772 me
771 2685 889 2771 dixit:
916 2691 1024 2772 Unus
1045 2681 1309 2801 apostolorum
1333 2686 1493 2777 ceciditi
1518 2680 1657 2802 reliqui

220 2808 261 2889 in
287 2804 368 2887 side
390 2806 626 2885 fluduarunt.
722 2811 725 2816 ’

340 2942 461 3018 ¹255·
489 2915 635 2998 Eadem
654 2913 704 2996 ad
722 2939 785 2997 me
802 2913 918 2999 dixit:
947 2915 1049 2999 Cum
1067 2907 1251 2999 sensibilia
1269 2936 1472 3027 tantopere
1488 2936 1673 3014 noceant!

220 3037 305 3115 vitae
318 3024 510 3141 spirituali,
528 3031 686 3141 requiro
700 3026 724 3111 d
739 3050 794 3124 te,
810 3052 852 3110 ut
871 3055 919 3111 ex
936 3031 1070 3115 animae
1084 3053 1157 3113 tuae
1172 3030 1356 3140 potentiis
1373 3024 1502 3110 deleas
1516 3053 1654 3111 ornnes

219 3147 465 3256 imagines&
499 3141 643 3254 species
670 3163 947 3237 creaturarum,
969 3165 1012 3225 ιιι
1033 3139 1080 3226 fis
1104 3165 1224 3254 capax
1250 3166 1344 3225 meae
1363 3139 1587 3224 imitationis
1610 3143 1651 3221 δι

214 3259 484 3341 instructionis.
673 3286 674 3291 ι
1060 3255 1063 3266 “
1147 3317 1156 3335 .

335 3397 458 3473 ¹257·
486 3367 659 3452 Ghristus
683 3392 732 3449 ex
762 3361 925 3453 olivero
953 3363 1166 3450 ducebatur
1194 3362 1247 3448 ad
1269 3361 1421 3450 Annam
1448 3362 1648 3446 Summum
1686 3430 1694 3446 ,

215 3483 480 3566 Sacerdotem.
558 3476 711 3565 Lucifer
737 3478 939 3591 instigabat
965 3503 1128 3562 turmam
1163 3473 1327 3561 militum
1360 3481 1400 3559 dc
1430 3473 1648 3561 carnificum

216 3617 262 3679 ut
286 3596 387 3679 arete
411 3592 573 3707 ligarent
596 3597 815 3703 captivum,
838 3616 956 3704 quein
983 3590 1180 3675 habebant
1200 3615 1274 3701 pro
1297 3616 1427 3704 mago.
1511 3592 1650 3699 Itaque

216 3704 335 3807 colio,
353 3714 392 3791 δι
414 3711 567 3820 corpori
594 3706 929 3790 circumdederunt
952 3700 1112 3788 crassam·
1130 3700 1302 3789 catenam
1324 3701 1513 3802 ferream,
1540 3708 1648 3808 cujus

215 3821 514 3905 extremitatibus
536 3818 773 3904 inseruerunt
792 3819 932 3902 Christi
951 3818 1106 3906 manuss'
1127 3813 1244 3927 ipsam
1269 3820 1368 3901 verb
1389 3840 1562 3899 catenam
1585 3839 1644 3896 re·

214 3933 404 4018 torserunt
426 3940 465 4018 in
484 3939 648 4046 tergum.
701 3935 796 4014 Eam
814 3955 905 4012 acce
934 3954 1040 4014 erant
1060 3957 1110 4013 ex
1131 3931 1257 4011 domo
1274 3929 1398 4011 Annae
1411 3929 1558 4012 Summi
1575 3929 1644 4010 Sa·

214 4048 398 4144 cerdone,
425 4046 492 4130 ubi
510 4047 686 4130 serviem
718 4043 770 4127 ad
801 4066 883 4126 atto
914 4043 1055 4130 endam
1075 4049 1227 4152 januam
1253 4044 1451 4155 eujusdam
1473 4042 1644 4157 carceris.

255 4254 260 4263 ,
307 4159 370 4251 D.
393 4160 441 4267 E,
458 4154 888 4247 :lacunarium
906 4156 961 4242 ll.
1154 4156 1281 4266 Cet,
1523 4150 1646 4235 Cate-
1796 4228 1820 4269 Ι,
