3796 4994
161 280 321 419 '272
497 263 500 269 Ι
638 294 911 432 Regularum
937 294 1259 394 Summarium.

221 499 292 582 bet
321 501 359 584 in
383 495 685 586 revelationibus
710 507 864 605 majoris
889 505 1095 603 momenti,
1116 505 1155 584 δι
1174 496 1354 613 copiofis,
1385 525 1473 612 quae
1495 500 1673 587 introdu-

221 640 309 698 cere
343 615 522 701 videntur
554 645 658 701 nova
692 619 903 730 dogmata,
935 644 1065 699 novos
1096 611 1220 700 cultus
1249 620 1326 698 &c
1354 614 1555 728 praelertim
1584 646 1673 702 cum

217 729 306 815 ‘Leo
324 732 390 814 lx.
412 734 455 813 in
479 725 617 816 Bullat
657 728 847 843 Superata,
874 731 917 816 id
950 735 1132 846 requirat,

332 938 489 1060 Regula.
535 970 600 1028 10.
668 939 940 1029 Revelationes
977 944 1093 1026 etiarn
1131 946 1335 1037 virorum,
1383 970 1554 1055 quorum
1594 946 1674 1026 vita

216 1063 257 1143 bt
287 1057 465 1145 docarina
494 1057 543 1142 ab
574 1053 739 1142 Ecclesia
765 1060 934 1171 probata
959 1059 1049 1154 est,
1097 1057 1252 1145 tantiam
1281 1059 1427 1143 habent
1461 1060 1674 1141 authorita-

215 1195 295 1259 tem
324 1170 600 1286 probabilem,
631 1174 872 1287 cuibabsque
899 1171 994 1257 fidei
1021 1167 1223 1284 periculo,
1255 1172 1407 1286 absque
1449 1178 1674 1258 temeritatis

216 1314 336 1389 nota,
377 1288 599 1402 &absque
634 1313 801 1399 peccato
834 1282 992 1374 mortali
1023 1289 1175 1370 duritiei
1203 1284 1267 1371 seu
1295 1284 1573 1373 incredulitatis
1614 1316 1678 1372 re·

68 1496 74 1508 ,
214 1401 355 1516 fragari
381 1399 484 1487 licet.
541 1404 646 1487 Cast.
674 1405 770 1517 Reg.
804 1431 870 1489 ra.
906 1406 986 1485 Pie.
1013 1407 1112 1514 Reg.
1136 1435 1180 1504 4.
1213 1433 1247 1507 5.
1326 1403 1587 1515 Excipiendus
1610 1429 1673 1487 ra·

85 1914 90 1923 ·
217 1884 306 1951 mus
344 1868 443 1947 circa
489 1861 644 1967 objecta
696 1865 930 1977 pertinentia
981 1861 1033 1945 ad

87 1608 94 1622 ,
214 1547 308 1629 men
338 1517 463 1615 casus,
501 1544 587 1630 quo
615 1515 802 1602 revelatio
833 1522 980 1628 privata
1003 1517 1236 1628 probaretur
1272 1517 1462 1603 miraculis
1500 1544 1565 1602 aut
1594 1515 1675 1602 aliis

215 1628 330 1750 signis
374 1630 636 1720 indubitatist
690 1658 785 1717 tunc
828 1632 934 1717 enim
977 1633 1126 1716 temere
1173 1660 1338 1746 negans,
1378 1638 1555 1746 quamvis
1590 1628 1737 1717 non(

216 1773 397 1865 peccaret
437 1770 570 1834 contra
593 1750 775 1832 virtutem
806 1748 900 1833 fidei
931 1741 1089 1832 Theolo
1116 1750 1228 1850 icam,
1258 1775 1377 1863 quarn
1408 1752 1520 1833 DEO
1552 1748 1674 1834 debc-

1086 1774 1207 1947 lldem
1259 1859 1511 1947 universalem
1554 1869 1676 1948 totius

175 2008 177 2012 ⁴
215 1974 429 2076 Ecclesia,
487 2002 668 2091 peccaret
717 2003 850 2062 tamen
910 1981 1076 2090 graviter
1145 2000 1281 2062 contra
1344 1983 1524 2064 virtutem
1578 1978 1673 2063 fidei

214 2090 405 2181 moralem
416 2153 430 2195 ,
470 2119 590 2206 quam
628 2090 821 2213 debemus
859 2098 977 2177 etiarn
1017 2096 1057 2176 in
1086 2087 1167 2178 aliis
1197 2092 1360 2200 obleuis
1388 2098 1583 2180 veracitati
1614 2095 1674 2178 di-

213 2234 327 2296 vtnae.
716 2230 718 2235 ·

330 2416 487 2624 Repula.
518 2446 582 2507 rr.
638 2418 749 2506 Idem
779 2416 990 2506 dicendum
1032 2416 1085 2504 de
1111 2352 1429 2506 Revelationibus
1460 2423 1510 2508 ab
1540 2418 1676 2510 Eccle-

216 2534 269 2627 fia
297 2561 377 2622 tant
407 2566 445 2621 m
471 2541 510 2622 in
536 2533 668 2622 sonna
694 2541 892 2622 communi
919 2532 1158 2648 approbatis.
1213 2539 1320 2622 Cast.
1351 2541 1456 2651 Reg..
1480 2556 1546 2626 26.
1602 2543 1675 2623 Ra·

216 2657 276 2738 tio
306 2654 382 2750 est,
412 2658 505 2766 quia
534 2642 728 2760 ejusmodi
751 2650 1054 2768 approbationes
1090 2654 1131 2733 in
1172 2647 1301 2736 forma
1351 2661 1548 2738 communi
1587 2651 1674 2765 plus

217 2795 303 2863 non
329 2768 552 2866 intendunt,
568 2764 687 2884 quarn
715 2793 760 2853 ut
788 2763 883 2853 tales
911 2760 1171 2852 revelationes
1199 2767 1414 2854 habeantur
1441 2775 1479 2852 δι
1510 2781 1675 2854 tracten-

276 2905 339 2968 tur
369 2905 555 2999 tanquam
582 2880 835 3000 probabiles,
871 2886 910 2965 in
949 2877 1092 2993 quibus
1131 2879 1185 2964 nil
1214 2884 1391 2970 occurrat
1418 2884 1617 2971 manifesti

234 3004 240 3011 '
631 3000 864 3127 contrarium
905 2993 1001 3081 fidei
1051 3000 1091 3079 &
1141 2995 1257 3085 bonis

852 3110 1043 3199 moribus.
