3796 4994
113 300 119 311 ’
205 314 316 414 3²0
598 277 871 386 revennae
893 279 1080 419 agreria.
1097 264 1278 384 Parsis.
1329 242 1335 253 ⁴

332 491 431 590 4862
463 480 504 572 8.
519 486 661 600 Joseph
684 489 876 575 intuendo
894 491 1089 583 Christum
1119 513 1225 571 tanta
1244 482 1417 598 repletus
1437 484 1494 570 est
1522 479 1678 569 exulta*

218 606 343 702 tione,
361 628 404 687 ut
425 599 643 687 naturaliter
667 600 854 687 debuisset
875 607 1000 701 mori,
1023 600 1089 685 nisi
1110 597 1234 685 suisset
1260 601 1444 684 divinitus
1468 594 1665 710 praeserva-

219 739 295 801 tur.
351 720 463 798 Tunc
483 712 652 818 Jesulum
674 713 794 801 fasciis
814 712 1031 800 inuolutum
1052 718 1222 827 reposuit
1239 716 1278 795 in
1307 710 1466 827 praesepi
1481 709 1600 823 supra
1616 707 1667 793 la·

107 834 117 859 ·
249 830 368 924 idem,
396 832 573 926 stramen,
603 835 643 912 &
668 827 832 917 foenum.
915 832 1051 912 Statim
1075 833 1236 911 accurrit
1271 854 1320 909 ex
1354 831 1493 911 vicinia
1528 829 1669 938 campis

218 857 312 1037 bor,
323 938 361 1026 se
382 937 529 1026 socians
542 941 660 1041 asino,
676 972 795 1058 quern
807 946 845 1026 S.
861 935 1004 1052 Joseph
1022 940 1149 1025 secum
1166 938 1393 1026 adduxerat.
1452 948 1497 1026 B.
1513 944 1670 1051 Virgine

222 1060 399 1164 utrisque
415 1060 668 1166 praecipiente,
692 1081 734 1139 ut
757 1052 1150 1148 venerarentursuum
1172 1056 1406 1149 Dominum,
1437 1056 1669 1165 statimpro·

225 1167 441 1252 cubuerunt
461 1173 663 1283 ingenua,
683 1176 722 1253 ἀ
738 1166 860 1255 halitu
875 1196 966 1253 eum
987 1164 1183 1251 foverunt.
1241 1169 1303 1249 Sic
1324 1165 1568 1278 implebatur
1580 1195 1669 1279 pro-

221 1280 357 1483 plietia
376 1279 419 1416 ll
444 1309 483 1415 ι.
505 1310 543 1367 ν.
567 1312 604 1385 3.
636 1287 806 1402 Agnovit
820 1281 886 1370 bos
906 1279 1269 1395 pnfflfforemsraurn,
1292 1277 1351 1375 ἐφ’
1368 1280 1498 1391 astruas
1513 1277 1670 1395 presepe

273 1421 386 1480 omina
434 1422 488 1480 tn.
628 1418 630 1422 ·
1438 1412 1443 1431 ’

342 1391 447 1611 ms
469 1514 512 1595 Β.
533 1513 659 1624 Virgo
679 1512 860 1623 pracepit
887 1511 928 1594 8.
946 1504 1151 1605 Michaeli‚
1186 1531 1230 1592 ut
1248 1502 1494 1618 proficiscens
1519 1511 1563 1592 in
1590 1492 1671 1592 lim·

226 1618 332 1733 bum,
360 1626 516 1707 Parrum
552 1617 746 1732 speciatim
788 1626 828 1707 8.
869 1625 1077 1725 Joachimo
1126 1626 1164 1703 dr
1215 1630 1337 1706 Anna
1369 1628 1456 1706 adia
1499 1618 1668 1707 referret.

228 1738 379 1821 Omnes
397 1741 533 1821 Patres
554 1740 678 1823 statim
704 1740 923 1822 cecinerunt
952 1763 1057 1821 nova
1076 1737 1263 1836 Cantica,
1286 1739 1324 1818 dr
1353 1739 1556 1846 genuflexi
1582 1738 1672 1820 ado·

224 1874 410 1934 taverunt
429 1849 536 1935 suum
560 1876 785 1939 creatorem.
867 1846 946 1936 Alii
975 1845 1103 1961 angeli
1126 1852 1167 1933 in
1192 1852 1295 1933 varia
1318 1845 1391 1932 alia
1416 1846 1510 1933 loca
1537 1851 1592 1934 ad
1611 1877 1672 1936 an·

226 1963 483 2048 nuntiandum
510 1964 603 2050 missi
632 1962 730 2052 sunt.
810 1965 850 2048 8.
873 1965 1055 2068 Joachim
1085 1967 1124 2046 δι
1144 1959 1260 2048 Anna
1276 1965 1527 2064 injunxerunt
1545 1968 1586 2049 8.
1603 1969 1672 2048 Mi-

229 2073 354 2167 chaeli
377 2076 427 2161 ad
454 2072 592 2179 filiam,
613 2101 657 2164 ut
684 2074 763 2189 ipsa
792 2104 932 2164 eorum
967 2080 1129 2161 nomine
1160 2077 1334 2162 divinum
1363 2076 1574 2189 pufionem
1611 2103 1672 2164 ve·

227 2213 396 2277 uermur.
464 2270 467 2279 .

230 2380 233 2388 .
346 2331 561 2406 491.492.
581 2300 692 2390 Alius
713 2299 871 2419 angelus
888 2300 1014 2390 missus
1036 2302 1157 2389 estad
1175 2303 1215 2390 8.
1238 2299 1429 2389 Elisabeth
1447 2308 1487 2387 dr
1505 2307 1548 2393 8.
1561 2310 1673 2409 Joan·

229 2416 337 2520 nem,
361 2423 571 2530 quistatim
594 2425 709 2532 proni
739 2425 949 2506 adorarunt
973 2413 1227 2504 salvatorem.
1281 2420 1321 2504 S.
1353 2415 1551 2505 Elisabeth
1582 2411 1674 2505 mim

80 2568 84 2577 ·
232 2530 344 2619 dona
374 2538 414 2619 in
449 2535 648 2620 Betlelrem
661 2599 675 2640 ,
710 2540 945 2648 pecuniam,
981 2559 1152 2645 pannum
1188 2526 1346 2618 lineum.
1432 2530 1517 2618 Alii
1552 2560 1602 2618 an
1629 2528 1673 2617 eli

229 2645 326 2842 Eiffi
353 2646 403 2731 ad
437 2652 671 2747 Zachariam,
702 2653 943 2747 Simeonem,
969 2652 1009 2732 dt
1029 2647 1184 2734 Annam
1202 2641 1494 2757 Prophetissam,
1518 2653 1561 2732 δι
1623 2656 1674 2732 'or

270 2761 542 2869 ‘quos‚justos.'

193 2981 197 2989 .
334 2900 446 2989 ⁶493.
473 2868 519 2960 ln
538 2877 751 2961 Nativitate
770 2879 931 2960 Domini
952 2899 1089 2959 ornnes
1111 2873 1194 2979 iusti
1218 2869 1409 2961 senserunt
1427 2869 1600 2990 aliquod
1621 2879 1673 2962 in·

231 3004 386 3071 ternum
408 2989 606 3102 gaudium,
637 3000 740 3097 cujus
765 2985 912 3074 causam
935 2989 1177 3101 ignorabant.
1258 2993 1369 3074 Tunc
1387 2993 1571 3095 etiamin
1599 2987 1673 3099 aliis

233 3104 414 3186 creaturis
449 3098 723 3189 insensibilibus
755 3105 919 3215 contigit
946 3105 1122 3187 murano.
1200 3105 1306 3188 Nam
1340 3128 1482 3188 omnes
1513 3108 1674 3190 influxus

230 3211 479 3317 Planetarum
497 3216 784 3303 renovabantur
809 3221 848 3305 dr
876 3211 1197 3304 meliorabantura
1222 3212 1279 3301 sol
1302 3212 1547 3303 accelerabat
1573 3214 1673 3303 suurn

230 3324 380 3445 fursum
399 3335 441 3414 in
460 3355 573 3417 ortui
612 3324 723 3414 stellae
742 3326 996 3443 splendebant
1012 3324 1135 3441 longe
1159 3325 1314 3418 dariusr
1342 3334 1382 3413 δι
1404 3332 1548 3417 eadem
1563 3338 1674 3418 node

231 3438 388 3557 accensa
410 3444 464 3526 est
483 3439 600 3544 stella,
623 3470 710 3557 quae
731 3444 843 3527 duxit
860 3465 936 3528 tres
958 3444 1096 3554 Reges.
1179 3439 1312 3526 Multae
1343 3445 1505 3529 arbores
1532 3446 1675 3531 dabant

224 3558 362 3649 dores,
386 3558 427 3636 dc
445 3553 602 3641 fructur.
657 3552 826 3671 Aliquot
846 3554 989 3668 templa
1005 3553 1220 3653 idolorum,
1239 3562 1278 3640 ar
1296 3559 1338 3640 in
1356 3553 1489 3644 multis
1501 3558 1584 3670 ipsa
1592 3562 1675 3644 ido·

230 3667 270 3754 la
289 3692 527 3753 conuerunt.
584 3674 678 3755 Hac
702 3665 884 3754 miracula
911 3693 1019 3755 erant
1039 3665 1196 3782 publica
1218 3696 1263 3755 ac
1286 3669 1488 3759 manifesta
1514 3674 1676 3773 mundo,

232 3780 300 3871 led
318 3783 498 3869 homines
524 3781 718 3868 dederunt
731 3789 853 3868 varias
873 3789 952 3888 ejus
971 3789 1026 3868 rei
1052 3779 1193 3868 causas.

232 3984 263 4017 ·.
335 3925 449 4002 ‘494
477 3892 638 4007 Gabriel
664 3903 705 3983 in
729 3892 864 3984 visibili
885 3895 1013 3983 forma
1033 3902 1209 4012 apparuit
1238 3897 1472 4012 pastoribus.

1566 4106 1675 4240 ”495³
