3796 4994
214 316 314 450 196
648 282 822 448 Regula
845 298 904 411 cx
930 319 974 411 S.
1002 303 1214 450 slierefa.

212 517 525 608 demonstranda.
581 521 748 603 Dicebat
773 524 889 616 enirn,
909 523 1116 632 imaginem
1134 512 1189 604 sui
1219 518 1337 634 Regis
1359 514 1508 631 semper
1535 525 1575 609 in
1595 523 1668 608 ho·

214 664 314 724 nore
333 633 553 717 habendam
582 630 670 719 eisc.
729 642 774 718 Et
798 629 914 745 plane
940 638 1072 732 video,
1093 662 1183 719 eum
1204 644 1310 721 recte
1335 632 1488 726 dixisset
1518 666 1607 721 cum
1628 643 1667 722 dt

217 752 457 841 inhumanis
490 750 651 861 indigne
683 755 770 861 quis
800 748 940 846 ferret,
973 746 1001 833 si
1038 755 1118 849 eius
1152 754 1360 864 imaginem
1392 754 1670 844 inhonoraret

215 890 369 982 quanto
398 869 531 975 magis,
561 864 587 949 sr
616 863 814 949 dedecore
853 859 1037 949 afficiatur
1064 867 1197 976 imago
1225 867 1346 980 Regis'
1370 868 1502 968 nostri,
1531 868 1575 951 id
1604 872 1668 951 in·

22 1042 52 1073 .-
220 980 341 1094 digne
367 973 531 1062 laturum
568 1005 760 1092 putamus.
830 981 992 1082 Qamvis
1020 978 1071 1061 de
1095 980 1168 1061 bac
1192 1007 1236 1064 re
1266 987 1350 1088 jam·
1376 975 1493 1065 semel
1520 978 1672 1093 scripse·

218 1102 305 1194 rim,
327 1086 488 1204 idipsum
507 1117 638 1177 tamen
663 1119 827 1201 repetor
856 1097 950 1205 quia
967 1089 1046 1176 scio
1065 1088 1283 1204 personam,-
1307 1099 1371 1178 cui
1393 1095 1558 1208 idipsum
1606 1124 1673 1181 tae·

220 1237 378 1324 ceptum
402 1205 528 1291 fuerat
550 1206 573 1292 ai
597 1203 860 1303 confessario,
887 1213 927 1290 &
955 1206 1240 1319 angustiabatur
1273 1203 1402 1294 valde.
1460 1216 1549 1293 Con
1594 1222 1674 1296 ium

180 1401 193 1409 .
219 1352 353 1411 meum
377 1325 453 1418 esi,
477 1348 519 1405 ut
544 1321 570 1408 li
593 1327 684 1435 quis
714 1317 880 1434 idipsum
908 1322 1023 1407 vobis
1049 1319 1313 1425 consuluerit,
1349 1352 1433 1408 non
1456 1318 1673 1439 sequamini

218 1442 299 1526 hoc
320 1431 531 1521 consilium.
586 1438 686 1521 Mihi
716 1442 818 1521 enirn
841 1441 1023 1532 rationes,
1052 1463 1150 1549 quas
1171 1440 1330 1551 quidam
1358 1440 1452 1522 mibi
1468 1436 1673 1552 proposuit

218 1546 466 1662 summopere
494 1545 732 1661 placuerum.
792 1545 923 1659 Insua
943 1556 1031 1634 Vita
1058 1555 1108 1636 C.
1121 1582 1196 1651 ‘⁸9.
1214 1559 1296 1638 ait:
1339 1558 1448 1638 Com
1471 1558 1569 1639 rnibi
1599 1553 1674 1651 fre÷

222 1694 389 1784 quentet
406 1689 607 1777 appareret
623 1667 817 1763 Christus,
847 1662 1112 1752 Confessarius
1132 1670 1453 1752 extraordinarius
1468 1664 1513 1754 'in
1537 1667 1674 1756 absen-

124 1846 126 1851 ,
221 1790 275 1871 tia
294 1781 490 1867 ordinarii
514 1782 608 1865 mihi
630 1785 824 1894 pracepit,
850 1805 894 1865 ut
920 1782 1078 1866 Christo
1106 1779 1158 1867 fic
1194 1788 1395 1896 apparenti
1420 1786 1672 1872 monstrarem

221 1899 365 1993 sicum,
390 1924 535 2009 meque
564 1893 749 2008 fignarem
780 1922 914 1984 crucer
954 1920 1027 1978 nec
1057 1894 1297 1997 dubitarem,
1325 1893 1400 1983 eise
1423 1890 1673 1987 doemonem.

219 2018 312 2103 Hoc
341 2039 458 2127 grave
487 2014 580 2095 mihi
607 2011 760 2113 accidit,
787 2016 880 2126 quia
909 2010 1087 2094 dubitare
1115 2037 1435 2129 nonlpoteram,
1464 2040 1579 2116 eum,-
1607 2017 1673 2128 qui

221 2131 317 2215 mihi
335 2126 526 2239 apparuit,
548 2120 622 2210 eise
645 2129 787 2209 Deum.
847 2130 958 2209 Parui
980 2149 1138 2214 tament
1163 2127 1230 2213 soti
1248 2157 1298 2213 ne
1320 2136 1439 2214 toties
1462 2157 1529 2213 me
1554 2131 1674 2215 debe·

222 2270 304 2332 rem
327 2240 475 2354 signare
495 2266 621 2339 cruce,
639 2245 678 2323 in
699 2266 834 2343 manus
850 2238 987 2351 sumpsi
1000 2260 1172 2325 curtem.
1244 2248 1337 2327 Hoc
1374 2239 1526 2356 semper
1556 2242 1675 2335 sacie-

222 2358 337 2447 bama
366 2379 407 2438 ut
434 2378 566 2441 aurem
590 2355 837 2439 monstrarem
862 2352 994 2455 sicum,
1017 2381 1101 2439 non
1127 2354 1204 2441 feci
1232 2353 1394 2468 semper.
1449 2364 1674 2445 Hoc-urim

219 2469 456 2558 duriffimum
482 2463 721 2571 sentiebam,
753 2473 795 2552 in
822 2472 1050 2554 memoriam
1078 2472 1308 2555 revocando
1331 2466 1532 2558 illufiones
1560 2475 1675 2559 Chri·

219 2590 280 2676 sio
307 2592 329 2670 i
358 2587 497 2689 Judaeis
530 2583 659 2670 fadar.
718 2585 891 2671 Christus
923 2585 1019 2668 mihi
1044 2581 1266 2697 respondit,
1297 2591 1336 2668 in
1368 2589 1448 2672 hoc
1481 2587 1675 2687 obedien·

155 2794 159 2801 ,
220 2705 316 2788 dum
344 2695 622 2789 Conse-isatiisr
650 2693 687 2782 se
713 2726 796 2785 non
834 2725 967 2784 curare
1004 2701 1196 2802 ejusmodi
1228 2695 1438 2786 illusiones.
1497 2703 1674 2815 Quando

219 2817 317 2904 verb
341 2811 570 2901 Confessarii
600 2815 694 2898 milri
714 2814 997 2898 interdicebant
1020 2819 1267 2914 orationem,
1299 2816 1379 2901 hoc
1397 2818 1606 2904 videbatur
1627 2847 1675 2904 a·

261 2929 430 3129 eferfrea
459 2930 614 3015 dicebat
633 2934 748 3033 enirn,
778 2927 822 3013 id
850 2926 925 3014 eise
950 2929 1209 3041 tyrannidem,
1233 2936 1275 3017 dt
1295 2930 1377 3017 hoc
1406 2927 1534 3018 voluit
1560 2930 1585 3020 ai
1611 2956 1674 3018 me

124 3110 127 3117 ·
263 3077 294 3134 ts
314 3076 355 3133 re
374 3071 460 3131 ern.
1337 3095 1341 3100 ,

328 3247 496 3380 Regula
543 3273 587 3369 7.
662 3237 795 3344 Finis
846 3238 876 3346 a
936 3238 1084 3346 DEO
1143 3247 1372 3379 intentus
1442 3239 1674 3347 causandi

223 3383 413 3493 Edafin
450 3385 531 3490 est.
614 3419 653 3486 1.
701 3378 777 3486 Ut
822 3392 1007 3487 anima
1054 3379 1250 3486 dilesiae
1276 3380 1364 3488 fiat
1399 3385 1674 3523 pragustus

226 3526 433 3634 coelestis
480 3525 663 3667 gloriar.
752 3571 793 3630 2.
832 3524 907 3630 Ut
956 3526 1018 3631 iili
1058 3524 1361 3629 concilietur
1406 3529 1717 3640 aestimatio·

144 3752 148 3759 -
227 3669 365 3809 apud
395 3667 649 3779 homines.
726 3701 774 3793 3.
810 3665 883 3774 Ut
918 3671 981 3772 sic
1017 3667 1106 3772 liat
1139 3663 1358 3804 perfetia
1396 3667 1518 3772 curn
1557 3666 1711 3779 Deo.

78 3890 86 3907 .
227 3813 573 3951 desponsatio,
618 3841 732 3949 qua
782 3809 883 3926 fine
920 3812 1221 3915 alienatione
1259 3808 1288 3915 ὲ
1322 3811 1536 3918 sensibus
1575 3809 1680 3919 fieti

98 4019 101 4026 ,
227 3966 279 4100 in
310 3968 413 4066 vita
444 3987 554 4061 non
586 3949 726 4093 poffe
763 3952 965 4060 videtur
1000 3948 1156 4060 facile.

1513 4197 1685 4357 Regula
