3796 4994
554 299 662 434 436
842 236 849 247 ⁸
917 295 1194 401 maenada
1214 290 1539 459 Agrefflars
1558 298 1643 394 111.

631 528 721 595 ente
736 526 931 617 tempore,
949 508 990 587 δι
1013 502 1183 601 lincete,
1204 496 1505 615 nullusperir'ct.
1559 500 1709 589 Ferme,
1722 500 1898 593 innam

577 614 660 720 unt,
679 647 784 733 quos
803 620 828 703 i
847 614 1028 703 Lucifero
1040 612 1216 715 liberavi,
1239 643 1290 701 eo
1305 614 1421 751 ψ
1438 616 1491 701 ad
1506 624 1571 699 me
1592 612 1876 701 devotionem

462 766 465 771 ·
562 741 654 835 tint,
669 734 847 848 quamvis
861 758 909 815 ea
925 729 1075 816 tantum
1095 733 1306 818 constiterit
1318 724 1602 817 tn‘recitatione‘
1621 732 1745 815 unius
1753 732 1863 818 Ave

683 874 778 949 toa.
818 844 964 930 Eadem
991 844 1043 929 ad
1067 874 1131 932 mc
1158 845 1278 930 dixita
1322 848 1511 929 Homines
1537 868 1620 941 non
1646 846 1842 958 cogitant
1882 881 1898 915 ι

561 965 712 1078 pinqua
734 958 803 1045 sabi
823 958 1073 1061 damnatione
1094 984 1243 1060 aeterna,
1268 963 1306 1042 δι
1330 954 1532 1072 negligunt
1558 954 1789 1071 confugere
1807 960 1864 1045 ad

565 1076 617 1161 ad
636 1103 714 1171 me,
735 1078 774 1154 δι
798 1073 849 1156 ad
871 1075 1047 1174 Sanuos,
1070 1072 1138 1159 nih
1164 1101 1215 1159 eo
1240 1098 1434 1185 tempore,
1460 1099 1545 1187 quo
1560 1096 1643 1156 non
1666 1069 1845 1183 possunt

565 1193 578 1213 ⁶
621 1212 793 1302 pertore,
817 1187 930 1300 quod
955 1213 1114 1301 petunt,
1139 1191 1232 1301 quia
1254 1185 1490 1300 petunt-fine
1516 1181 1710 1299 requifitis
1732 1192 1892 1275 circum

565 1218 939 1389 {conditionibus
994 1304 1043 1386 Et
1069 1304 1245 1415 quamvis
1266 1296 1460 1385 interdum
1482 1297 1676 1413 aliquibus
1701 1298 1831 1387 obtin
1867 1346 1898 1378 s.

567 1439 649 1501 tem
676 1418 716 1499 in
749 1409 885 1498 ultimo
919 1419 1004 1500 vitae
1031 1411 1214 1505 articulos
1245 1442 1292 1501 ea
1314 1439 1443 1501 tamen
1470 1420 1591 1532 gratia
1611 1440 1699 1498 non
1721 1418 1871 1530 potest

565 1558 641 1643 pro
666 1523 797 1640 regula
821 1523 1031 1614 universali.

548 1646 552 1654 “
687 1670 782 1746 303.
814 1642 961 1726 Eadem
979 1641 1031 1727 ad
1050 1668 1114 1728 me
1133 1641 1256 1728 dixita
1285 1641 1461 1756 Quando
1476 1642 1642 1728 doemon
1656 1638 1811 1758 aliquis
1824 1646 1886 1751 ho

565 1765 791 1870 quempiam
814 1761 997 1866 pertraxit
1026 1757 1078 1841 ad
1099 1782 1329 1870 peccatum,
1361 1780 1454 1842 tunc
1472 1760 1595 1841 statim
1622 1757 1676 1842 de
1697 1762 1782 1845 hac
1802 1757 1876 1846 sed

479 1922 484 1929 -
554 1872 712 1985 prabet
734 1877 909 1956 notitiam
933 1865 1014 1955 aliis
1034 1871 1301 1979 doemonibus,
1321 1897 1363 1955 ut
1385 1872 1670 1985 congaudeant,
1688 1878 1731 1957 dc
1756 1899 1805 1959 ut
1829 1870 1892 1960 se·

566 1982 731 2067 insnum
763 1982 981 2107 hegistrum
995 1980 1199 2069 inscribant
1221 2034 1239 2052 ·
1266 1986 1459 2071 ordinavit
1483 1989 1614 2071 ta'men
1633 1987 1767 2087 Deus,
1802 2012 1853 2074 ut

567 2096 770 2182 conversio
798 2122 1044 2206 peccatorum
1069 2094 1193 2182 causet
1215 2098 1468 2185 doemonibus
1487 2098 1725 2213 peculiarem
1750 2130 1898 2213 poen«

687 2240 781 2312 304·
829 2215 933 2307 Hinc
955 2205 1052 2321 saepe
1075 2213 1422 2324 contingit„quod
1448 2212 1654 2300 doemones
1683 2218 1780 2325 post
1802 2243 1889 2303 con

567 2350 659 2407 nem
679 2327 895 2436 peccatoris
924 2352 1007 2408 non
1033 2325 1201 2409 audeant
1227 2351 1436 2413 commeo
1462 2352 1711 2441 compatere,
1726 2335 1881 2418 immo

564 2437 677 2533 horis
697 2465 748 2523 ne
764 2436 926 2559 quidem
949 2439 1095 2523 audent
1114 2465 1203 2525 eum
1226 2443 1378 2525 intueri.

687 2578 739 2659 30
776 2562 813 2611 ·'·
848 2612 858 2637 .
883 2555 1007 2665 Virgo
1028 2554 1078 2636 ad
1107 2580 1170 2637 me
1190 2554 1309 2637 dixit:
1353 2553 1527 2669 Qtando
1551 2554 1769 2643 doemones
1792 2554 1896 2645 volu

565 2669 763 2778 'cipereho
825 2668 902 2762 'es,
925 2693 1156 2777 proponunt
1180 2667 1266 2780 iphs
1284 2664 1431 2779 aliquas
1444 2672 1619 2753 veritates
1636 2698 1714 2780 pro
1736 2698 1875 2758 eoru..

565 2808 654 2893 que
675 2784 807 2892 negari
833 2806 915 2865 non
936 2775 1116 2891 poliunt,
1152 2777 1358 2869 Dein·illis
1384 2781 1606 2869 veritatibus
1629 2783 1855 2875 immiscent
1889 2830 1898 2858 ι

565 2899 606 2975 dc
630 2893 801 2979 hareses.
1295 2922 1301 2939 ¹

686 3026 780 3110 308.
826 3007 949 3091 Maria
971 3033 1046 3120 pro
1082 3007 1198 3093 nobis
1213 3004 1315 3124 palla
1340 3010 1420 3109 est,
1447 3015 1487 3096 dc
1507 3037 1577 3125 per
1607 3012 1689 3098 hoc
1713 3038 1888 3131 magnas

561 3124 702 3235 gratias
718 3116 1018 3234 promeritssss.

582 3312 585 3319 .
684 3263 777 3338 ιιι.
805 3239 946 3321 iterum
965 3233 1014 3319 ab
1038 3230 1185 3352 angelis
1204 3260 1359 3349 portata
1383 3238 1437 3323 est
1455 3236 1712 3353 corporaliter
1730 3244 1775 3329 in
1803 3240 1877 3361 sup

519 3434 532 3455 Α
563 3342 724 3448 coelum,
745 3354 784 3433 dc
813 3350 870 3432 ibi
893 3343 1085 3435 collocata
1108 3373 1197 3451 ante
1218 3353 1404 3437 thronum
1427 3355 1491 3439 SS.
1511 3356 1721 3442 Trinitatis.

684 3489 779 3565 313.
805 3465 935 3547 Mirati
946 3460 1030 3548 sunt
1048 3460 1187 3578 angeli,
1196 3466 1311 3578 quod
1326 3463 1490 3551 foemina
1504 3467 1764 3582 corporaliter
1788 3468 1898 3561 elev

561 3568 764 3659 aisumatur
785 3575 837 3659 ad
853 3574 1037 3661 thronum
1049 3574 1213 3685 Conhlii
1232 3580 1298 3664 SS.
1317 3584 1528 3679 Trinitatis,
1548 3608 1589 3668 ut
1606 3578 1662 3671 illi
1677 3595 1896 3677 communi

561 3684 717 3799 Secreta
737 3718 812 3802 pro
840 3674 1028 3802 regimine
1046 3686 1232 3793 Ecclehae,
1253 3688 1349 3779 nulli
1364 3689 1472 3778 alteri
1492 3702 1661 3809 cognita.
1838 3692 1842 3699 ’

682 3833 778 3906 3¹4·
805 3806 959 3888 Mirum
994 3802 1106 3902 eliet,
1131 3804 1157 3891 li
1185 3803 1348 3892 foemina
1367 3804 1613 3895 allomeretur
1632 3817 1672 3897 in
1703 3812 1853 3902 consili
1878 3873 1881 3890 ι

544 3939 669 3997 ιιιιιιιι
691 3921 899 4030 regiminis,
915 3942 1003 4001 cum
1025 3914 1212 4004 Salomon
1232 3917 1369 4005 Ecclel
1392 3953 1431 4021 7.
1449 3924 1571 4007 dicate
1600 3921 1639 4010 se
1657 3954 1710 4011 ex
1732 3925 1851 4017 mille
1875 3974 1882 4008 ι

560 4026 634 4110 bus
666 4057 740 4115 nec
772 4026 948 4141 reperiise
982 4034 1162 4136 unicam5
1189 4080 1209 4101 ·
1264 4036 1346 4123 sed
1374 4042 1420 4122 B.
1449 4040 1573 4152 Virgo
1596 4040 1725 4156 digna
1747 4041 1833 4133 fuit
1850 4076 1896 4135 rc

559 4138 778 4281 Conlilium
794 4146 862 4231 SS.
888 4146 1095 4231 Trinitatis.
1162 4273 1174 4285 .

1715 4362 1763 4401 D
