3796 4994
211 352 236 423 2
247 348 310 450 50
368 408 373 415 .
584 258 802 451 {Regula
826 316 892 413 ett'
913 310 1112 412 Feminis
1132 310 1240 445 piis.

695 584 946 716 CAP.
1032 576 1198 715 XX.

188 986 192 993 .
259 853 527 1032 Regulae
580 892 661 984 ex
718 854 1120 994 documentis·
1184 853 1624 987 Foeminarum

457 1039 600 1151 fami
634 1040 915 1151 Sanilitatis
962 1067 1052 1149 aut
1087 1051 1288 1184 pletatis
1323 1044 1428 1152 illu·

839 1206 1034 1308 sttiurru

534 1632 719 1720 velationi
749 1632 925 1720 muliebri
964 1638 1220 1735 credendam,
1257 1634 1324 1720 nist
1364 1629 1470 1718 illatu
1512 1637 1642 1721 credet

536 1752 632 1835 darn.
651 1777 849 1861 proponat
888 1748 1063 1835 Ecclesia.
1179 1756 1223 1835 In
1263 1759 1342 1859 ejus
1372 1756 1466 1834 Vita
1492 1755 1539 1833 C.
1570 1779 1642 1836 aa

461 1849 489 1904 ⁹
535 1867 616 1979 pud
645 1861 881 1950 Bollandunt
912 1867 960 1949 ad
988 1897 1053 1967 23.
1083 1871 1170 1970 Jan.
1200 1867 1371 1951 dicitur:
1426 1869 1528 1948 Nou
1557 1868 1642 1951 omi

218 2009 296 2068 tatn
328 1981 393 2067 hic
425 1977 590 2093 aliquod
622 1990 702 2087 ejus
731 1983 1032 2079 documentum,
1060 1979 1244 2064 omnibus
1265 1986 1351 2065 vitae
1378 1974 1579 2091 spiritualis
1600 1983 1642 2065 ur

220 2097 343 2182 diosu
369 2099 541 2209 apprime
575 2091 845 2184 neceffariuma
904 2096 1019 2208 quod
1045 2101 1223 2209 quamvis
1262 2101 1298 2178 ei
1333 2091 1505 2205 plurima
1534 2095 1641 2180 divio

219 2238 282 2296 tus
316 2207 609 2306 revelarentur,
657 2236 858 2322 nunquam
893 2234 1023 2294 tamen
1071 2237 1116 2293 ea
1158 2215 1288 2322 magni
1326 2207 1495 2304 fecerit,
1539 2238 1642 2295 neu

221 2322 337 2410 ullam
364 2330 417 2408 eis
445 2323 563 2407 fidem
595 2322 784 2424 habuerit,
815 2352 865 2407 ne
890 2326 963 2407 hac
992 2331 1143 2409 ratione
1168 2329 1320 2408 incauta
1349 2240 1642 2410 iDiabolola

220 2439 386 2539 letetur,
430 2443 499 2552 qui
532 2435 775 2550 transfigurat
806 2441 913 2523 lein
950 2435 1129 2553 angelum
1172 2434 1301 2536 lucis,
1340 2462 1384 2523 ut
1415 2435 1566 2524 facilius
1599 2447 1642 2525 in

222 2556 433 2669 prudentes
465 2549 583 2638 fallat.
697 2555 848 2638 Idcirco
879 2549 978 2639 clare
1005 2551 1223 2666 disciteque
1256 2557 1438 2666 pracepit
1457 2549 1642 2667 Discipulo

223 2700 273 2754 ne
304 2669 422 2754 fidem
461 2673 681 2781 cuicunque
715 2670 873 2752 demum
904 2675 959 2752 rei
993 2669 1219 2768 adhiberet,
1251 2667 1318 2751 nili
1350 2696 1469 2782 quarn
1505 2668 1642 2753 Ecclesr

95 2792 100 2798 ’
223 2785 456 2868 credendam
488 2809 742 2893 proponeret,
770 2812 854 2897 quo
885 2812 967 2866 uno
998 2784 1245 2873 documento
1278 2786 1508 2868 evanescunt
1537 2810 1642 2869 omne

152 2979 160 2982 .
221 2895 415 2983 illufiones
453 2894 625 2993 diaboli,
682 2925 770 3010 quae
811 2900 855 2980 ut
894 2895 1099 3009 plurimum
1149 2892 1301 3012 alioqui
1341 2899 1642 2984 redundantior

223 3040 435 3125 tempore,-
465 3014 567 3095 adeo
600 3037 643 3096 ut
677 3019 740 3095 vix
764 3011 927 3113 ¹{lerion
962 3038 1099 3097 eorum
1132 3040 1219 3124 pars
1239 3009 1268 3111 ‚²
1299 3023 1368 3126 qui
1413 3012 1642 3126 supernatura·

223 3126 324 3213 libus
350 3123 650 3220 revelationibus
677 3122 790 3210 facile
822 3129 1005 3228 credunt,
1035 3122 1163 3211 callidi
1189 3130 1381 3241 astutique
1406 3133 1548 3213 inimici
1570 3128 1642 3212 fitu

224 3245 295 3326 des
328 3241 441 3354 poliat
477 3244 654 3325 evadere
773 3243 898 3349 Cujus
940 3246 996 3327 tei
1031 3246 1243 3353 periculum
1283 3248 1427 3327 utinam
1469 3272 1553 3327 cum
1587 3266 1642 3327 tna

226 3385 306 3471 gno
336 3362 548 3439 animarum
580 3358 819 3439 detrimento
859 3360 1040 3469 quotidie
1068 3382 1150 3440 non
1188 3355 1326 3442 fieret!
1377 3386 1465 3441 cunr
1497 3365 1642 3442 nimituu

226 1523 453 1889 1.ss
533 1466 809 1635 Margarita
854 1493 1252 1604 Ravennatenfis
1289 1520 1436 1619 docet,
1476 1515 1572 1604 nulii
1611 1547 1642 1609 n

46 3519 67 3560 .⁴
224 3474 402 3554 homines
430 3467 507 3553 tarn
535 3465 656 3553 multa
692 3471 813 3555 hodie
841 3466 1004 3567 inutilia⁴
1025 3452 1308 3583 &periculosa
1337 3472 1467 3586 palsrm
1499 3457 1642 3565 credunt

189 3645 192 3650 ·
226 3610 268 3669 ut
300 3613 386 3697 quae
425 3580 628 3668 neceffaria
663 3582 775 3682 lunt,
821 3590 980 3697 pertitus
1017 3574 1299 3671 obliviscantur.
1358 3592 1413 3671 lta
1444 3590 1642 3704 Seraphinu

223 3705 418 3784 Firmanus
447 3702 671 3787 Canonicus
705 3699 962 3786 Lateranensts
982 3704 1022 3785 in
1048 3706 1135 3786 Vita
1159 3707 1201 3786 Β.
1224 3707 1450 3815 Margaritae.
1484 3804 1488 3809 .

1283 4181 1287 4187 ·
1397 4072 1406 4079 ·
1452 4185 1496 4253 2.
1534 4147 1642 4254 Iden
