3796 4994
611 247 916 350 Revelationes
950 249 995 343 S.
1034 243 1285 351 Gertradis:
1370 262 1375 275 '
1571 273 1669 389 133x

229 489 279 548 ex
305 457 488 545 omuibus
505 453 633 540 verbis
653 455 732 538 oris
749 455 826 553 tui,
851 447 994 566 quibus
1015 449 1110 534 milti
1138 442 1343 536 blandiriss
1382 468 1426 532 ca
1442 441 1667 536 medullitus
1739 520 1743 575 ἱ

230 597 484 658 commovent
511 573 644 653 intima
673 569 800 650 cordis
840 569 916 649 mei
946 566 1092 661 divini;
1132 589 1272 648 omnes
1310 588 1476 673 quoque
1502 570 1679 673 gemitus,

229 693 268 770 dt
291 685 476 769 defideria
502 707 568 766 tua
596 675 758 763 dulciter
792 675 939 789 sapiunt
968 679 1061 761 mihi
1088 672 1197 787 super
1233 679 1364 758 omnia
1397 700 1589 767 aromatat
1628 706 1670 762 a·
1820 785 1822 789 ‚

227 828 315 883 mor
353 823 520 910 quoque
559 818 646 878 tuus
686 794 835 904 prestat
866 790 961 873 mihi
1001 776 1323 874 delenimentum
1359 782 1555 876 suavissimi
1588 814 1672 876 attr-

225 910 374 1025 plexus.

342 1106 392 1187 V.
450 1100 497 1183 L.
525 1126 560 1199 3.
584 1098 634 1182 C.
664 1110 731 1201 ua.
786 1097 983 1181 Dominus
1009 1094 1060 1179 ad
1093 1099 1143 1180 G.
1169 1098 1252 1180 ait:
1310 1094 1487 1177 Nimium
1514 1091 1671 1182 consor·

225 1220 284 1299 tio
324 1241 370 1298 ac
406 1210 693 1296 commansione
738 1234 802 1292 rua
841 1207 970 1292 sedula
1014 1203 1212 1305 delector,
1255 1230 1297 1291 ut
1325 1233 1370 1290 ea
1400 1206 1567 1292 crebrius
1590 1208 1668 1297 frui

226 1325 398 1438 possems
435 1328 541 1410 unde
562 1323 779 1408 desiderans
797 1348 836 1407 te
857 1323 965 1407 lateri
982 1349 1074 1406 meo
1096 1350 1294 1433 nunquam
1314 1315 1443 1404 deesse
1466 1327 1665 1430 permitto,
1725 1347 1728 1353 ’
1828 1304 1833 1312 “

226 1465 268 1524 ut
288 1445 396 1523 amici
419 1447 473 1523 tui
492 1441 562 1523 tibi
582 1445 620 1520 in
638 1433 772 1548 aliquo
792 1441 1083 1534 contrarientur,
1105 1462 1146 1520 ut
1166 1435 1217 1518 ad
1236 1462 1300 1519 me
1325 1461 1506 1520 recurras.
1562 1440 1667 1525 Hinc

225 1553 413 1665 assumpfit
435 1580 518 1635 eam
539 1555 732 1634 Dominus
749 1555 789 1632 in
810 1550 931 1632 sinum
951 1548 1070 1649 suum,
1092 1551 1197 1660 quasi
1216 1543 1400 1631 tenellum
1419 1545 1664 1654 infantulum,

225 1672 263 1749 ἃ
292 1664 420 1750 multis
443 1666 571 1763 modis
592 1662 660 1774 ipsi
682 1657 964 1758 blandiebatur,
986 1688 1268 1775 apponensque
1292 1689 1339 1745 os
1356 1659 1464 1769 suurn
1481 1664 1666 1751 deificum

223 1785 304 1863 auri
328 1760 482 1883 ejusde
507 1776 761 1861 diversimode
783 1772 898 1885 ipsam
922 1772 1143 1859 demulcens
1164 1782 1239 1859 ait:
1276 1779 1384 1858 Sicut
1403 1801 1525 1859 mater
1539 1775 1662 1861 infan-¹

222 1888 307 1976 tulo
329 1921 400 2004 per
427 1886 553 1975 oscula
576 1887 696 1975 lenire
722 1885 817 1972 solet
839 1916 1005 2001 quaeque
1025 1889 1092 1973 sibi
1115 1887 1292 1976 adversas
1331 1874 1380 1971 stc
1398 1915 1477 2001 ego
1506 1917 1576 2000 per
1603 1889 1663 1989 suf

220 2003 375 2088 sunium
400 2011 676 2089 amatoriorum
698 2005 905 2086 verborum
924 1999 1045 2087 lenire
1069 2003 1141 2086 ribi
1174 2002 1364 2086 desiderio
1386 2007 1555 2086 universa
1576 2032 1662 2115 gra-

220 2125 371 2203 vamina
391 2143 475 2207 tuas
506 2145 673 2228 cumque
696 2116 746 2199 fic
770 2143 837 2226 per
857 2121 1006 2200 moram
1023 2122 1062 2200 in
1085 2116 1164 2200 sinu
1189 2120 1353 2202 Domini
1376 2112 1530 2217 infinitis
1562 2121 1661 2203 divi·

218 2258 351 2316 narum
379 2228 687 2315 consolationum
708 2226 901 2314 blanditiis
922 2226 1181 2345 multipliciter
1202 2227 1329 2316 suisset
1348 2228 1550 2329 delectata,
1566 2260 1661 2345 prae-

216 2346 302 2431 buit
321 2344 391 2460 ipsi
416 2349 611 2430 Dominus
637 2370 703 2427 cor
729 2341 849 2428 suum.
1429 2366 1432 2371 ·

332 2539 399 2623 Vs.
464 2538 507 2619 l..
552 2566 590 2635 4.
627 2535 677 2618 C.
716 2563 782 2635 25.
858 2534 1032 2618 Christus
1068 2533 1120 2619 ad
1158 2536 1216 2616 G:
1263 2531 1412 2646 applica
1450 2536 1544 2621 mihi
1588 2542 1658 2627 cor

217 2676 374 2748 meum,
411 2650 524 2764 quod
564 2647 634 2732 tibi
675 2649 717 2730 in
759 2647 911 2759 signum
947 2673 1086 2735 mutuae
1124 2642 1386 2735 familiaritatis
1422 2645 1553 2766 sapius
1583 2652 1669 2753 doe,
1829 2738 1831 2744 .

215 2769 317 2849 navi.
470 2832 473 2842 ,

325 2945 411 3029 Vll.
464 2943 508 3027 L
538 2971 578 3042 4.
608 2943 656 3027 C.
687 2959 754 3029 62.
810 2947 916 3029 Dum
944 2947 982 3028 S..
1006 2945 1221 3032 Gertrudes
1249 2972 1553 3060 conquereretur
1569 2952 1656 3034 Do-

214 3064 339 3155 mino,
367 3057 480 3168 quod
502 3055 557 3137 ob
584 3056 840 3143 infimitatem
871 3086 951 3141 non
971 3056 1095 3172 posset
1118 3060 1253 3144 audire
1276 3059 1438 3163 Missam,
1463 3054 1658 3151 Dominus

214 3171 361 3256 blandi
377 3169 492 3282 ipsam
512 3166 777 3255 consolabatur
796 3174 951 3291 dicens:
980 3174 1093 3259 Visne
1118 3169 1282 3271 disesia,
1312 3200 1353 3259 ut
1380 3205 1456 3288 ego
1479 3174 1557 3288 ipse
1587 3180 1657 3285 deq

214 3310 363 3371 cautem
383 3283 454 3365 tibi
472 3281 631 3366 Missam.
691 3294 790 3395 Quae
805 3284 1043 3397 statitts'mpra
1055 3292 1093 3372 in
1111 3285 1238 3400 spiritu
1254 3284 1471 3398 respondit.'
1518 3294 1656 3395 Etiam,

217 3429 243 3483 o
279 3395 430 3480 Dulcor
463 3400 594 3479 animae
627 3427 747 3496 mea,
781 3403 859 3483 hoc
886 3426 977 3484 toto
1008 3401 1136 3484 cordis
1156 3399 1296 3485 assessu
1320 3398 1476 3514 supplex
1499 3432 1588 3505 oto,
1614 3413 1655 3490 dt
1686 3466 1690 3470 -

216 3513 440 3596 Dominus:
505 3508 672 3618 Qualem
719 3515 867 3595 Missam
920 3508 1086 3598 delesiat
1127 3542 1167 3597 te
1208 3517 1373 3618 audire?
1428 3511 1655 3628 Respondit.

218 3634 510 3735 Quamcunque
536 3650 576 3708 tu
603 3652 755 3709 cantare
782 3624 983 3709 deliberas.
1057 3632 1103 3711 Et
1125 3631 1331 3713 Dominus.
1384 3634 1492 3713 Num
1520 3637 1656 3739 audire

219 3745 343 3821 visin
381 3741 513 3818 medio
548 3735 746 3822 Ecclesia?
804 3739 1039 3850 Respondits
1080 3744 1192 3826 non.
1243 3746 1430 3853 Cumque
1461 3746 1656 3831 Dominus

214 3849 341 3960 plures
370 3846 495 3933 Missas
520 3850 588 3960 ipsr·
618 3860 843 3936 nominatim
870 3852 1144 3964 proposuisset,
1177 3862 1212 3937 dr
1243 3856 1307 3939 illa
1333 3852 1475 3941 nullam
1502 3854 1653 3949 illarum

214 3964 458 4060 desideraret,
485 3963 679 4078 requifivit
700 3971 1004 4164 Dominus3Rau
1029 3969 1224 4055 Dominus
1246 3965 1375 4070 dixit,
1398 3965 1652 4166 deledarepitps

987 4110 1006 4184 3
1538 4109 1585 4167 au
1631 4135 1648 4148 -
