3796 4994
167 402 170 409 .
206 296 296 425 ’ὅθ’
595 328 703 453 Reg.
721 306 871 417 Prasl.
890 346 948 415 ete
971 320 1025 417 P.
1056 310 1276 419 Gramina

184 516 306 635 “poll
330 512 475 604 multos
502 518 717 607 exantlatos
742 516 928 614 laborett
958 524 1126 639 Magistri
1150 546 1315 637 quoque
1336 520 1560 637 infigniores
1585 524 1665 609 Em·

216 630 412 718 elefiarum
438 632 659 747 regulariter
686 636 805 721 Etiasr
832 644 873 721 dt
888 662 999 749 raptu
1021 664 1104 721 non
1128 636 1384 721 docebantur.
1438 640 1540 747 Quis
1561 664 1664 749 ergo

216 772 296 833 tam
315 742 412 830 levis
436 750 557 833 corde
578 753 668 847 erit,
697 774 742 835 ut
756 747 988 863 simplicibus
1010 754 1050 833 δι
1076 754 1202 835 minus
1225 749 1480 861 prudentibus
1505 746 1660 861 praeser-

217 866 288 947 tim
312 856 536 947 mulieribus
567 888 645 947 tant
669 860 727 947 fre
760 889 895 949 uenter
923 868 1121 971 ejusmodi·
1136 862 1307 948 visones
1335 868 1660 976 &apparitiones

217 979 446 1087 contingere
473 972 565 1060 velit
587 892 854 1063 contendere?
880 974 984 1061 Talis
1009 982 1068 1063 est
1083 977 1269 1064 risonum
1293 978 1507 1073 character,
1534 1006 1658 1091 quern

217 1087 397 1173 describit
421 1086 648 1201 Apostolus.
724 1090 792 1177 Ne
827 1088 1050 1211 magnitudo
1080 1088 1358 1179 revelationum
1390 1088 1553 1179 extollet
1585 1119 1657 1193 me,

213 1200 326 1289 elatus
350 1198 400 1313 est
424 1200 516 1291 milri
531 1200 707 1317 stimulus
729 1208 868 1307 earnis,
897 1202 1050 1317 tarpeius
1076 1204 1239 1305 Satane,
1256 1208 1320 1317 qvi
1350 1231 1407 1292 me
1434 1204 1495 1293 col
1541 1202 1657 1307 linet,

214 1318 364 1401 docens
388 1342 522 1405 notam
544 1324 582 1401 δι
609 1320 865 1405 charaderem
890 1314 1137 1407 revelationis
1160 1320 1297 1405 divina
1321 1316 1396 1404 else
1423 1229 1656 1432 pergentin-

214 1460 284 1517 nes
312 1436 352 1515 de
373 1438 622 1517 tentationes.
679 1438 792 1519 Hanc
828 1460 963 1519 nocam
998 1432 1195 1549 eleganter
1224 1430 1400 1546 exposuit
1429 1440 1494 1537 Jo.
1525 1440 1656 1519 Franc.

213 1550 327 1631 Picus
348 1548 400 1631 C.
420 1578 453 1631 a.
471 1570 565 1631 tunc
584 1540 724 1633 scilicet
745 1546 1000 1633 revelationes
1024 1548 1142 1633 fidem
1158 1553 1318 1645 mereri,
1335 1544 1362 1631 st
1381 1550 1460 1631 aliis
1478 1552 1655 1659 Prophe-

179 1662 182 1667 ’
213 1666 261 1745 tis
290 1656 514 1745 conformes
540 1658 624 1761 srnt,
653 1690 824 1777 quorum
851 1658 913 1747 alii
948 1666 1052 1747 odio
1076 1664 1198 1747 babiti
1226 1668 1266 1745 δι
1293 1656 1523 1761 vexati,·alii
1552 1690 1656 1775 quo·

213 1802 294 1889 que
320 1778 464 1883 injuriis
491 1770 644 1873 affecti,
674 1772 739 1863 alii
764 1804 931 1891 quoque
956 1782 1118 1863 immani
1143 1780 1321 1889 Regum,
1346 1782 1386 1861 dt
1412 1770 1655 1888 populorum

210 1886 364 1975 suorum
390 1887 494 1977 rabie
520 1886 715 1977 trucidati.
784 1892 957 1977 Maxime
990 1918 1087 2007 ergo
1120 1894 1293 1986 elucent,
1323 1918 1412 1975 cum
1443 1894 1531 2001 poli
1560 1918 1656 2002 pro-

210 2003 411 2089 bationem
439 2002 724 2117 subsequuntur
744 2002 1062 2096 consolationcst
1101 2008 1182 2091 baec
1202 2010 1308 2089 enim
1331 2008 1409 2088 Dei
1436 2010 1561 2115 praxis
1585 2008 1654 2103 est,

211 2120 298 2231 post
324 2120 569 2229 tempestates
608 2115 856 2233 tranquillus-n
894 2118 1035 2208 facere.
1119 2123 1234 2207 Unde
1265 2126 1305 2201 dt
1336 2119 1465 2201 David
1495 2124 1654 2204 cecinit:

210 2226 419 2320 Secundum
453 2228 725 2320 multitudinem
763 2229 932 2321 dolorum
959 2260 1124 2323 murum
1163 2238 1204 2321 in
1242 2230 1355 2321 corde
1379 2258 1459 2317 meo
1488 2230 1655 2346 cunfhla·

210 2350 334 2437 nones
367 2358 442 2435 tue
474 2342 710 2453 knficnrvnt
750 2350 916 2437 animam
947 2376 1077 2437 meam.
1154 2352 1255 2459 Quis
1287 2374 1385 2459 ergo
1443 2346 1658 2433 retendere'

208 2462 337 2575 potest
357 2460 522 2547 visiones
546 2467 585 2545 dt
609 2459 887 2559 revelationes,
910 2463 1076 2578 quando
1091 2491 1166 2573 pro
1190 2464 1345 2549 Chrillo
1364 2376 1512 2547 nullum
1538 2458 1654 2549 labo·

207 2604 308 2675 tem,
329 2570 472 2661 nullam
496 2571 665 2663 lullinuit
684 2576 1018 2690 persecutionem?
1054 2582 1110 2663 lta
1131 2582 1314 2663 Gravina.

313 2700 481 2831 Regula
521 2734 584 2799 ao
649 2691 701 2798 Si
740 2697 949 2830 persona
991 2696 1320 2800 revelationes
1363 2716 1550 2831 optet,
1597 2688 1652 2799 dt

209 2832 432 2961 affeilet3
484 2858 574 2941 aut
607 2830 805 2943 habitas
842 2834 1027 2978 paffim
1073 2836 1273 2977 evulget
1322 2832 1376 2943 δι
1413 2866 1652 2943 commu·

206 2987 359 3089 nicet,
392 2978 618 3113 suspellae
644 2980 809 3085 sunto.
880 3002 1000 3084 Ratio
1029 2999 1107 3092 est,
1136 3005 1229 3110 quia
1258 2999 1386 3081 Sancti
1421 2996 1651 3113 agnoscunt,

204 3146 339 3233 petere
365 3116 642 3205 revelationem
672 3116 749 3205 else
782 3127 1037 3207 tentationem
1065 3120 1168 3217 Dei,
1202 3124 1241 3203 ἃ
1272 3146 1323 3202 eo
1352 3113 1435 3201 casu
1464 3116 1651 3229 frequen-

206 3258 264 3319 ter
288 3238 369 3321 dari
401 3230 565 3319 diabolo
589 3238 819 3349 potestatem
853 3236 905 3318 nd
935 3230 1178 3317 illudendum
1203 3232 1242 3321 5.
1268 3231 1494 3320 Vincentius
1517 3230 1652 3319 Ferre-

202 3353 283 3437 rius
315 3350 397 3436 Tr.
421 3346 467 3433 de
488 3352 576 3435 vita
597 3350 726 3465 spirit.
751 3348 793 3433 C.
821 3380 884 3435 ta.
906 3352 979 3434 ait:
1022 3348 1102 3467 Qi
1128 3352 1285 3461 cupiunt
1304 3343 1352 3457 se
1373 3342 1525 3433 trudere
1562 3374 1652 3432 ora·

204 3468 302 3551 tona·
330 3464 385 3561 ὅ
412 3462 743 3577 contemplationi,
774 3492 850 3551 non
875 3460 1080 3575 defilerent
1108 3461 1352 3561 sentimenta,
1377 3462 1562 3571 vifiones,
1591 3460 1653 3559 δ’

203 3577 579 3691 revelationemque
607 3578 694 3683 suen
713 3574 1132 3693 superstantem&
1159 3603 1386 3663 comesurum
1416 3575 1557 3689 cursim
1586 3602 1651 3661 eo·

202 3721 288 3780 rum
313 3702 377 3809 qui
412 3690 544 3781 Deum
573 3680 754 3811 illigant,
791 3689 850 3787 ὅ
881 3720 963 3779 eum
1000 3717 1128 3778 amore
1162 3719 1259 3776 uero
1287 3684 1349 3785 {5
1364 3687 1566 3799 firmiffimo
1598 3692 1650 3775 ti·

202 3819 304 3897 memt
341 3807 399 3907 ΕΤ
427 3814 651 3920 refemulvr.
732 3804 828 3891 Tale
865 3834 1037 3920 namque
1064 3802 1293 3890 defidenun
1325 3832 1408 3887 non
1434 3807 1561 3917 potest
1588 3830 1649 3889 re-

202 3928 317 4037 periri
342 3928 493 4035 absque
526 3923 656 4007 radice
695 3926 735 4005 δι
766 3920 1022 4007 fundamento
1051 3921 1234 4031 superbiat
1264 3924 1303 4001 ἃ
1328 3915 1646 4031 presumptionis,

201 4040 326 4125 immo
359 4040 605 4136 tentationis,
635 4036 859 4121 curiofirans
887 4063 977 4151 erga
1007 4063 1067 4119 res
1102 4036 1272 4131 divinant
1313 4057 1386 4116 nec
1409 4030 1487 4117 fine
1514 4028 1646 4145 aliqua

201 4150 457 4295 vacillatione,
488 4156 526 4235 δι
550 4154 802 4237 fluctuatione
827 4146 933 4235 fidei.
1004 4150 1072 4235 Ob
1104 4142 1215 4257 hujus
1232 4151 1381 4263 peccati
1403 4176 1563 4260 poenam
1586 4148 1647 4230 dr·

307 4300 310 4305 ·
1555 4288 1644 4345 nna
