3796 4994
613 263 917 361 revelationes
937 267 980 365 S.
1001 202 1238 363 Gerttuisis.
1556 295 1651 391 115

213 457 317 549 sede
335 463 485 549 imitati.
508 467 586 548 dcc.
671 468 838 575 Quattd,
860 466 1001 552 exhibe
1024 468 1118 551 mihi
1149 465 1299 567 turbam
1330 463 1555 580 sequentem
1582 475 1656 552 mi-

213 579 425 677 nistrando,
443 583 483 660 dc
503 575 745 672 confitendo,
769 580 881 689 quod
907 608 1107 691 nunquam
1127 581 1261 665 debita
1286 579 1472 673 fidelitate
1493 611 1566 694 pto
1586 583 1655 665 de·

212 686 391 773 fenfionc
414 695 579 774 veritaris
600 697 638 774 dt
659 693 802 796 justitiae
834 693 927 776 miiii
957 695 1146 791 adstitisti;
1182 720 1229 778 ac
1260 721 1444 806 propone
1474 718 1514 777 te
1537 700 1576 776 in
1597 696 1655 779 iiis

215 802 426 900 omnibus,
463 827 650 913 quantum
684 800 859 913 possibile
886 807 965 904 est,
996 807 1216 889 emendare.
1301 809 1341 889 Si
1368 811 1455 915 quis
1486 810 1578 890 mihi
1606 833 1654 888 eri

213 938 324 1024 parte
353 916 599 1001 universitatis
620 919 678 999 his
704 941 875 1026 quatuor
906 919 1034 1002 modis
1054 912 1091 1000 sc
1113 918 1343 1015 exhibuerit,
1364 921 1416 1001 ad
1433 916 1553 1029 ipsum
1574 946 1658 1003 oet·

215 1029 257 1109 te
277 1053 355 1110 tam
380 1030 583 1140 dignanter
602 1034 777 1124 veniam,
801 1030 915 1138 quod
945 1058 993 1114 eii
1021 1034 1099 1113 boc
1121 1029 1288 1116 fructum
1320 1036 1511 1143 percipietx
1531 1026 1656 1115 salutis

213 1163 373 1224 oetcmae.
457 1146 551 1226 Hac
577 1140 773 1252 promissio
799 1138 1049 1255 intelligenda
1076 1145 1241 1229 estnon
1269 1146 1321 1230 de
1350 1145 1577 1229 certitudine
1600 1140 1656 1227 sa·

212 1244 318 1353 sutis,
340 1252 406 1336 sed
425 1254 478 1338 de
496 1258 615 1366 gratia
638 1257 765 1365 aliqua
786 1255 954 1339 ducente
975 1256 1026 1339 ad
1046 1251 1230 1356 salutem,
1247 1253 1308 1343 ves
1326 1258 1379 1342 de
1398 1261 1568 1370 proemio
1589 1250 1656 1343 aii-

214 1391 301 1477 quo
320 1366 518 1479 suppositis
534 1364 795 1479 supponendis
817 1368 868 1450 ad
888 1363 1070 1456 salutem..

331 1549 433 1632 XXI.
495 1546 537 1629 L
563 1573 601 1642 4.
629 1540 681 1626 C.
714 1571 777 1645 23.
810 1543 873 1650 ¹S.
914 1543 1129 1633 Gerttudes
1162 1543 1187 1630 d
1224 1548 1401 1632 Domino
1449 1544 1658 1661 requisivit.

216 1655 1659 1884 sissiniumsffissiusnssissbriensibus!

218 1916 330 1976 mens
358 1887 554 1970 materiam
581 1882 632 1965 de
656 1882 812 1981 Esther,
846 1885 886 1962 &
913 1884 1140 1967 Sermonem
1164 1881 1214 1967 fic
1236 1887 1503 1996 incipientem:
1539 1886 1659 1995 Egre-

220 2003 359 2088 dimini
378 1992 463 2082 fisiae
483 1988 700 2095 Jerusalem.
771 1988 981 2104 Respondit
1000 1994 1221 2079 Dominus:
1249 1999 1333 2113 Ego
1358 1994 1658 2082 celebrationem
1694 2052 1702 2071 .

218 2112 326 2203 illam
348 2112 397 2197 sic
413 2132 603 2220 accepto,
631 2105 742 2218 quod
775 2105 803 2190 si
829 2109 916 2219 quis
943 2106 1090 2192 devota
1113 2112 1330 2194 intentione
1348 2107 1470 2223 ipsum
1494 2114 1548 2194 ita
1571 2136 1658 2221 pcr-

221 2224 354 2315 colete
379 2223 575 2317 studuerit,
597 2222 687 2302 huic
708 2246 784 2330 ego
803 2223 843 2301 in
872 2243 1013 2304 aterna
1038 2225 1116 2307 vita
1135 2244 1271 2333 prater
1293 2248 1450 2306 omnem
1480 2248 1659 2307 remune-

220 2346 427 2436 rationem,
459 2360 577 2446 quam
595 2329 662 2443 ipsi
690 2324 903 2443 persolvam
934 2360 1009 2445 pto
1043 2330 1194 2447 singulis
1225 2333 1408 2447 operibus
1433 2329 1506 2419 suis
1530 2334 1661 2431 bonis,

221 2451 447 2570 properabo
474 2451 589 2547 etiam
618 2449 838 2557 convivium
866 2448 1081 2557 nuptiarum
1118 2442 1329 2532 secundum
1367 2445 1503 2558 regalis
1536 2450 1661 2531 muni·

223 2568 386 2655 sicentiae
408 2590 503 2645 mcae
521 2553 801 2654 liberalitatem,
828 2559 909 2670 qud
927 2582 1076 2643 tantum
1097 2556 1257 2644 habebit
1279 2561 1495 2673 dignitatis,
1514 2558 1658 2673 gaudii.

225 2687 268 2764 dc
296 2674 561 2761 desedationis
586 2699 661 2780 ptae
680 2666 774 2767 aliis,
802 2664 990 2782 quanium
1011 2667 1144 2785 sponsa
1168 2674 1209 2755 in
1234 2675 1418 2756 convivio
1440 2679 1659 2784 nuptiarum

225 2792 374 2881 suatum
394 2789 512 2871 habet
548 2811 623 2897 ptae
644 2789 802 2867 'ceteris
888 2788 979 2867 Hac
1004 2782 1199 2894 promisso
1235 2783 1372 2897 potest·
1391 2780 1573 2896 explicati
1609 2788 1663 2870 de

253 2906 394 2991 roemio
419 2901 589 2983 convivii
609 2890 764 3008 analogi
787 2922 874 2979 cum
897 2895 1119 2981 devotionis
1142 2897 1300 3004 objecto
1324 2902 1363 2981 dt
1412 2901 1660 3011 roportiona·

224 2939 432 3121 sscujmvis
461 3006 636 3099 affeuun
665 3003 728 3096 vel
753 3004 873 3121 ipsum
904 3011 1280 3124 convivium'potcst
1302 3012 1359 3096 int
1411 3016 1464 3126 igi
1488 3016 1529 3097 in
1557 3005 1662 3097 sensu

225 3126 375 3246 prorsus
393 3126 673 3236 metaphorico.
978 3144 982 3150 ·

341 3292 457 3377 xxii
512 3292 555 3373 Ι.
583 3320 626 3388 4·
653 3290 701 3371 c.
733 3312 800 3389 ις.
854 3286 1026 3373 Christus
1053 3284 1106 3370 ad
1130 3287 1171 3372 S.
1196 3287 1431 3378 Gertrudcm
1467 3292 1549 3375 ait:
1594 3288 1663 3375 Ob

203 3404 544 3519 '‘⁰⁰¹¹'²ffi⁰¹¹‘¹¹¹'
571 3426 651 3513 ‘¹¹¹²
676 3397 1665 3604 missen‘usitatissime

227 3521 718 3732 pipppmhppcaehigpperpp
746 3541 993 3737 supperaddi),
1021 3540 1148 3737 quod
1162 3630 1385 3742 ubicunque
1411 3627 1594 3715 adoratur
1619 3626 1667 3714 si·

229 3773 352 3860 gnum
384 3745 505 3826 crucis
543 3734 650 3835 fimus
682 3768 767 3823 cum
790 3733 859 3825 illo
886 3744 1012 3824 anima
1035 3763 1103 3821 tua
1119 3737 1295 3863 suscipiet
1327 3738 1493 3845 frustum
1525 3748 1668 3829 intime

235 3855 515 3968 compassionis,
540 3879 658 3964 quam
684 3854 778 3937 mibi
798 3880 869 3965 per
894 3853 997 3937 diem
1024 3852 1134 3937 istum
1155 3853 1340 3939 exhibuit.
1422 3860 1513 3941 Hoc
1549 3862 1666 3959 etiam

239 3965 467 4081 superaddo,
498 3966 613 4080 quod
638 3994 712 4077 pto
735 3991 971 4082 quacunque
991 3960 1105 4163 {ausa
1133 3968 1316 4067 oraveris,
1341 3994 1543 4083 nunquam
1571 3995 1671 4164 cotta
1730 4075 1736 4087 .
