3772 4988
653 330 825 465 Regula
846 335 978 430 exP.
1004 273 1215 466 Castaldo.
1554 357 1654 461 153

191 536 236 626 cit
259 563 330 624 eas
355 531 437 624 else
459 534 512 621 de
533 530 625 635 lide,
649 560 693 620 ut
711 541 765 621 ait
790 536 975 651 Vcasqtun
996 543 1113 623 Tom.
1137 532 1174 622 2'.
1193 540 1232 621 in
1258 565 1292 642 3.
1314 530 1424 650 Disp.
1453 563 1515 633 17.
1539 536 1592 623 C.
1615 550 1656 620 6.·

191 682 257 739 nec
278 658 394 739 eninr
423 649 591 737 Ecclesia
616 678 679 737 eas
701 676 744 736 ut
775 650 1025 741 infallibiliter
1056 653 1274 765 approbat,
1306 651 1373 737 sed
1397 652 1448 735 ad
1477 654 1578 767 hoc,
1609 675 1652 735 ut
1686 671 1690 687 ·

191 793 381 883 tanquam
397 768 478 881 pie,
502 770 643 878 inquit,
668 771 707 849 ἃ
732 766 883 882 absque
903 763 980 851 ulla
1004 762 1271 882 superstitione
1293 768 1506 882 prudenter
1531 767 1652 879 alpo-

192 881 285 994 pulo
312 887 440 994 recipi
462 880 602 994 polsrnt
620 887 659 966 dt
683 878 889 967 observari.
946 882 1062 967 Unde
1080 886 1131 967 ait
1152 885 1340 967 Gravina:
1367 877 1535 967 Ecclesia
1560 910 1654 992 pro·
1686 918 1689 925 ·
1738 944 1741 951 »

192 994 437 1081 habilitatem
466 1024 594 1081 earum
618 1000 819 1110 proponit,
842 1001 882 1093 dc
901 993 998 1081 nihil
1019 992 1317 1082 inscontrarium
1330 998 1534 1082 inventum
1559 993 1653 1082 fuis-

195 1109 252 1197 se:
280 1108 455 1196 liberum
480 1114 533 1196 est
559 1135 712 1210 tamen,
738 1105 919 1196 illistron
947 1113 1055 1197 stare.
1108 1111 1396 1196 Sicut«&‘dum
1424 1137 1487 1195 tot
1516 1114 1653 1209 Ponti·
1727 1156 1729 1161 ·
1829 1114 1839 1131 ‘

194 1227 284 1315 ficet
309 1229 544 1311 Dominam
563 1229 616 1311 D.
635 1229 800 1311 Thomae
827 1227 1106 1339 approbarunt,
1124 1253 1208 1313 non
1226 1222 1332 1312 illam
1354 1228 1406 1319 ad
1430 1223 1551 1311 fidem
1570 1222 1653 1339 spe·

198 1350 298 1429 etate
320 1342 602 1436 decreveruutt
636 1336 729 1427 alias
750 1335 1025 1473 nullutproffet
1046 1337 1103 1427 illi
1132 1337 1332 1428 aduersari.
1389 1340 1436 1426 ld
1455 1325 1654 1459 declaratae
1740 1388 1743 1393 ·
1836 1380 1848 1395 ··

196 1455 360 1545 mirifice
379 1452 708 1554 salmanticenses,
737 1460 900 1560 mercat,
918 1434 976 1541 'de
994 1458 1034 1542 S.
1048 1455 1224 1554 lltonta,
1243 1460 1444 1556 Nazarius,
1464 1461 1650 1555 Gravina.
1683 1456 1686 1460 “
1706 1528 1710 1533 t

194 1572 432 1670 Atauxm&
452 1567 517 1655 alii
537 1567 664 1684 plures
689 1575 729 1655 in
751 1568 963 1684 Apologiit
980 1571 1165 1659 doetrinae
1179 1573 1297 1656 divini
1312 1573 1500 1687 Magistri.
1518 1571 1653 1683 ,Quod
1807 1595 1810 1599 ·

196 1712 337 1774 autem·
351 1712 557 1798 peccatum
581 1690 810 1786 committat,
839 1693 910 1801 qui
929 1682 1189 1772 revelationes
1208 1687 1453 1801 particulares
1476 1684 1652 1799 prefatae

196 1801 340 1888 {Sede
356 1797 622 1911 Apostolicaa
652 1801 835 1914 probatas
856 1806 939 1894 nort
957 1792 1106 1917 recipit,
1128 1803 1196 1886 aut
1214 1803 1263 1886 ab
1284 1796 1358 1886 illis
1378 1790 1557 1898 dissentit,
1568 1828 1651 1886 nort

197 1919 251 2001 est
268 1911 512 2000 manifestum
535 1830 649 2029 apud

672 1943 821 2000 omnes.
879 1921 1070 2002 Henricus
1093 1915 1146 2001 de
1171 1915 1297 2002 Halsra
1319 1925 1361 2000 in
1386 1913 1580 2014 Genefin‚
1609 1920 1652 2000 δε
1769 1926 1775 1930 ’
1839 1908 1845 1914 ”

196 2025 348 2145 Sybille
371 2029 535 2115 Decade
559 2059 594 2116 1.
614 2037 722 2150 Q3.
740 2026 887 2115 nullum
906 2030 1069 2118 credunt
1084 2036 1275 2117 committi
1289 2054 1514 2143 peccatumt
1528 2034 1652 2116 inuno
1830 2059 1833 2065 ·

196 2144 339 2232 rabbus
359 2140 661 2229 revelationibus
689 2141 833 2229 nullam
850 2144 970 2231 fidem
992 2146 1272 2244 adhibendam,
1294 2173 1428 2260 neque
1448 2175 1524 2258 pro
1551 2149 1652 2232 veris
1765 2162 1768 2166 ’

196 2258 456 2374 acceptandus
474 2258 550 2345 else
568 2260 844 2369 indubitanter,
854 2256 922 2344 sed
940 2286 1013 2346 nec
1033 2258 1109 2346 else
1128 2257 1249 2345 ullum
1269 2286 1503 2374 praeceptum
1518 2262 1651 2346 Eccle-

197 2375 383 2463 firuicum
403 2371 477 2458 illis
501 2373 698 2460 credendi.
757 2378 1005 2461 Contrarium
1018 2372 1293 2460 tenetDeltius
1310 2381 1350 2459 &
1366 2379 1551 2465 Arauxor
1583 2373 1651 2461 etii

196 2516 371 2605 namque
389 2484 535 2574 nullutn
556 2516 785 2603 praeceptum
799 2494 1020 2602 imponatur
1028 2491 1083 2586 ‚ab
1101 2483 1284 2579 Eeclesrat
1318 2491 1425 2575 adest
1442 2514 1573 2575 tameo
1590 2491 1651 2580 d·-
1815 2483 1829 2525 s

196 2611 329 2690 vinum
355 2608 394 2688 dt
416 2601 587 2689 naturale
608 2608 819 2718 praeceptis,
848 2601 1050 2716 illistarita
1068 2601 1268 2719 diligentia
1291 2599 1408 2690 semel
1429 2603 1653 2692 adbibita&
1771 2688 1775 2695 ,

197 2722 299 2805 Sede
317 2716 549 2830 Apostolica
566 2722 789 2831 approbatis
816 2749 898 2804 non
925 2719 1189 2810 dissentiendit
1218 2717 1311 2806 alias
1333 2722 1582 2832 impudenter
1605 2726 1651 2806 de

200 2835 343 2920 temere
381 2837 461 2945 agit
475 2889 489 2930 ‚
521 2839 590 2948 qui
620 2831 703 2917 illas
725 2863 798 2946 pro
820 2833 889 2920 suo
920 2836 1080 2921 arbitrio
1110 2837 1263 2949 absque
1285 2829 1365 2920 alio
1387 2832 1649 2922 fundamento

201 2955 334 3058 rejicit3
365 2952 561 3032 temeritas
578 2953 727 3062 quippe
747 2953 880 3034 vitium
908 2953 972 3035 eit
1031 2955 1249 3063 Hucusque
1273 2947 1487 3040 castaldus.
1547 2958 1651 3062 Qua

202 3086 319 3152 tamen
346 3092 398 3148 ex
422 3066 602 3147 Motnaeo
623 3061 741 3148 refert
771 3064 823 3148 de
853 3066 1051 3178 Gregorio
1077 3068 1144 3164 XI,
1177 3093 1262 3150 non
1285 3060 1372 3150 sunt
1400 3061 1574 3178 liquida,
1603 3087 1651 3149 ur

203 3201 406 3266 annotatur
439 3181 461 3259 a
491 3174 700 3293 Roncaglia
730 3183 770 3262 in
794 3183 915 3265 Notis
938 3180 989 3264 ad
1015 3182 1112 3264 Hist.
1136 3175 1277 3266 Eccles.
1300 3185 1345 3266 P.
1372 3172 1650 3266 Natalis-llbe-⁸
1736 3209 1739 3217 ’
1802 3165 1807 3176 ’

204 3297 336 3394 andri,
361 3293 417 3380 ed
446 3294 567 3407 quod
586 3296 627 3378 S.
650 3295 862 3379 Catharina
884 3296 906 3378 a
931 3297 1131 3409 Gregorio
1150 3299 1214 3380 xt
1240 3292 1358 3381 fuerit
1382 3296 1562 3379 aestimata
1586 3318 1650 3381 ut-

293 3437 386 3534 que
414 3409 469 3494 ad
499 3411 581 3515 ejus
613 3408 780 3495 obitum.
838 3409 943 3496 Vide
978 3415 1094 3495 etiam
1122 3415 1225 3508 Part.
1253 3439 1294 3495 z.
1325 3413 1382 3499 Ν.
1410 3436 1452 3515 4·
1480 3406 1535 3518 de

538 3513 756 3611 illufionum
793 3517 992 3609 illustrium
1033 3520 1222 3643 exemplis
1257 3552 1308 3634 ex

827 3636 1013 3727 Gersone.

693 3865 1204 4017 &attinent

295 4236 957 4407 unumunurnmu
1040 4397 1044 4406 ,
1133 4290 1203 4422 u
1520 4265 1656 4369 cre,
1773 4312 1777 4320 -
