3796 4994
308 278 405 382 262
669 363 671 368 .
708 253 981 416 Regularum
1017 286 1342 382 Summanum.

307 486 395 571 sunt·
416 487 673 598 cogitationes
691 516 757 574 aut
780 483 992 572 volitiones
1015 494 1052 572 in
1073 492 1246 591 homine,
1270 517 1356 602 quae
1385 488 1483 573 fiunt
1506 485 1754 599 sine‘coope·

307 606 457 684 ratione
483 603 697 713 phantahae,
720 631 785 687 aut
811 601 889 685 sine
911 600 1041 718 aliqua
1060 601 1263 690 locutione
1285 614 1435 688 interna
1455 611 1493 687 in
1515 609 1759 714 imaginatio·

305 742 368 799 ne.
429 720 519 799 Haec
539 743 668 801 autem
695 714 932 832 cognoscere
954 723 1080 828 potest
1104 727 1142 801 de
1173 721 1352 818 doemon,
1377 721 1483 802 unde
1510 726 1548 800 dr
1573 720 1621 799 ab
1644 746 1761 829 cxpe-

296 832 444 932 ,rientia
483 835 656 928 constat,
708 862 797 918 eunt
827 832 922 944 saepe
959 831 1172 946 propalasse
1207 831 1349 918 secreta
1398 834 1591 918 cordium.
1676 841 1757 916 Par.

306 944 402 1059 Reg.
436 962 499 1029 16.

296 1168 302 1179 ⁴
424 1155 488 1242 Ab
508 1152 581 1240 hac
601 1181 731 1241 tamen
761 1153 910 1270 Regula
947 1155 1165 1270 excipiendi
1197 1149 1280 1239 sunt
1309 1149 1364 1238 illi
1391 1153 1519 1249 casus,
1547 1158 1586 1237 in
1621 1156 1764 1268 quibus

342 1267 483 1354 ositivis
516 1271 639 1355 causis
670 1266 885 1355 excluditur
915 1277 1041 1354 omnis
1071 1276 1299 1379 cooperatio
1333 1270 1543 1369 doemonis,
1570 1296 1688 1381 prout
1714 1299 1762 1354 ex

253 1452 258 1460 ,
309 1294 465 1497 legibus
489 1388 625 1470 divinae
646 1388 899 1497 providentiae
933 1384 1086 1470 excludi
1112 1387 1232 1466 debet
1252 1390 1290 1467 in
1324 1388 1507 1496 operibus
1523 1388 1679 1495 proprie
1707 1386 1764 1468 di-

311 1503 409 1583 vinis
429 1529 465 1583 v.
486 1507 526 1613 g.'
546 1507 585 1585 in
606 1497 836 1586 stabilitione
861 1489 957 1587 vera
988 1496 1203 1611 Religionis
1238 1494 1388 1582 servato
1419 1494 1636 1611 prescripto
1668 1502 1767 1583 divi-

313 1618 416 1698 nitus
440 1617 593 1716 ordine,
617 1643 683 1698 aur
707 1620 746 1699 in
769 1623 1000 1700 executione
1021 1610 1238 1729 specialium
1265 1615 1402 1698 divinat
1430 1616 1686 1726 providentiae
1717 1642 1764 1698 o·

312 1755 450 1840 perum
480 1759 516 1814 v.
539 1759 578 1842 g.
599 1728 831 1816 fundatione
856 1733 1073 1828 ordinum,
1101 1732 1338 1813 extinctione
1373 1726 1577 1826 heresum,
1609 1724 1769 1814 sanctifi·

274 1850 280 1872 ¹
315 1847 470 1931 catione
490 1841 736 1957 personarum
754 1850 794 1930 in
819 1853 957 1953 Domo
980 1848 1058 1929 Dei
1082 1841 1292 1930 illustrium.
1316 1849 1391 1927 dcc.
1406 1850 1480 1928 dcc.

435 2056 591 2176 Regula,
622 2089 660 2157 7.
715 2061 812 2142 Non
847 2059 900 2142 est
937 2083 1083 2143 certum
1115 2056 1287 2171 signum,
1322 2059 1598 2142 revelationem
1640 2054 1715 2142 eise
1748 2057 1772 2142 a

316 2177 425 2273 Deo,
447 2173 475 2257 st
500 2179 709 2276 conjuncta
735 2176 787 2256 est
808 2170 944 2256 visioni
975 2172 1072 2286 pure
1090 2166 1335 2256 intellectuali
1363 2177 1461 2255 circa
1479 2173 1633 2281 objecta
1660 2170 1772 2256 intel·

317 2283 496 2372 lectualia
532 2283 707 2400 alioquin
745 2291 993 2398 capacitatem
1029 2289 1148 2370 nostri
1188 2282 1405 2370 intellectus
1447 2317 1493 2370 ex
1526 2287 1592 2372 suo
1632 2314 1774 2402 genere

320 2428 405 2488 non
428 2402 669 2486 excedentia.
734 2403 807 2486 Sic
826 2408 930 2485 actus
954 2406 993 2485 da
1017 2398 1177 2485 affectus
1205 2404 1322 2486 nostri
1346 2406 1499 2499 interni,
1525 2433 1562 2486 v.
1587 2433 1623 2515 g.
1650 2432 1773 2500 amor,

315 2517 432 2620 fides,
458 2520 658 2630 gaudium,
679 2518 836 2614 tristitia,
862 2511 1056 2628 voluptas,
1079 2512 1212 2617 dolor,
1235 2511 1444 2626 sapientia,
1477 2525 1664 2632 cognitio,
1695 2524 1770 2599 &c

302 2632 409 2740 ‘sunt
444 2631 601 2738 objecta
626 2631 723 2743 pure
760 2626 1060 2728 intellectualia,
1088 2660 1174 2745 quae
1207 2659 1286 2713 non
1315 2639 1514 2743 requirunt
1548 2630 1664 2717 ullam
1691 2633 1775 2743 spe·

323 2753 422 2833 ciem
452 2747 722 2856 phantasticam
751 2749 801 2829 ad
823 2745 876 2829 sui
898 2752 1180 2858 cognitionem,
1207 2773 1323 2858 prout
1353 2753 1391 2830 in
1414 2745 1664 2861 Philosophia
1683 2743 1774 2830 Pol·

321 2859 476 2975 lingona
503 2863 607 2944 exS.
637 2863 853 2973 Augustino
883 2867 920 2943 ἃ
957 2864 1008 2945 D.
1040 2864 1194 2966 Thomu
1232 2866 1271 2942 dc
1302 2890 1349 2943 ex
1391 2868 1541 2946 tatione
1579 2863 1777 2946 manifesti:

323 2974 593 3076 demonstravi,
609 2975 792 3087 Append.
815 2983 870 3078 Q.
890 3007 923 3060 1.
980 2979 1021 3059 Si
1046 2981 1180 3087 itaque
1207 2975 1398 3074 eiusmodi
1422 2978 1574 3086 objecta
1605 2980 1700 3089 pute
1723 2983 1778 3060 in·

321 3084 555 3177 tellectualia
579 3095 620 3174 in
646 3087 775 3203 aliqua
803 3090 950 3174 visione
977 3117 1043 3173 aue
1064 3087 1302 3174 revelatione
1330 3095 1463 3176 animae
1492 3121 1775 3206 proponantur,

323 3204 406 3293 non
430 3208 484 3290 est
505 3204 653 3318 fignum
669 3229 828 3302 certum,
841 3206 883 3290 id
910 3210 1117 3317 provenite
1139 3205 1161 3289 a
1180 3208 1285 3288 Deo.
1323 3208 1450 3302 Dixi,
1470 3234 1523 3292 ex
1533 3209 1607 3323 suo
1626 3235 1778 3326 genere,

273 3404 276 3408 ,
323 3324 418 3435 quia
443 3316 596 3432 possunt
618 3317 800 3433 cognosci
823 3325 937 3404 etiam
959 3317 1030 3403 alia
1056 3322 1209 3428 objecta
1228 3321 1323 3432 pure
1342 3316 1612 3423 intellectualia
1641 3327 1777 3405 nostris

206 3502 208 3507 -
325 3436 472 3532 actibus
498 3437 654 3518 internis
676 3435 807 3520 similia
832 3461 897 3517 aut
918 3433 1094 3547 analoga,
1128 3466 1164 3518 v.
1189 3465 1228 3548 g.
1265 3442 1431 3519 Decreta
1456 3440 1598 3537 divina,
1626 3444 1665 3520 de
1691 3466 1778 3548 per-

324 3548 514 3635 fectiones
542 3549 694 3647 divina,
713 3551 919 3661 Sapientia,
949 3551 1114 3634 bonitas.
1139 3555 1212 3634 &n
1272 3551 1381 3633 ldem
1407 3551 1617 3636 dicendum
1646 3556 1698 3634 de
1721 3547 1781 3633 lu·

325 3670 431 3750 mine
454 3664 631 3777 quodam
654 3671 814 3771 majore,
842 3671 881 3749 in
900 3693 983 3777 quo
1001 3661 1285 3775 cognoscuntur
1311 3661 1445 3748 clarius
1473 3664 1612 3779 aliquae
1644 3670 1781 3750 vetita·

322 3806 397 3875 tes,
426 3784 517 3890 quia
544 3781 596 3860 est
624 3772 759 3870 lumini
788 3785 945 3863 rationis
973 3778 1092 3862 simile
1132 3804 1198 3861 aut
1233 3774 1453 3892 analogum.
1536 3788 1685 3895 Neque
1721 3778 1741 3861 s
1764 3831 1782 3847 ·

326 3889 408 3978 lum
436 3893 656 3999 hujusmodi
680 3898 926 4004 cognitiones
962 3889 1240 3977 intellectuales
1264 3892 1418 4004 possunt
1450 3902 1540 3979 oriri
1577 3926 1623 3979 ex
1647 3896 1782 3978 habitu

326 4005 454 4094 infuso
483 4031 548 4090 aut
568 4009 779 4120 acquisito,
802 4005 866 4092 sed
891 4012 1006 4091 etiam
1036 4001 1166 4092 saltem
1204 4011 1374 4092 mediate
1410 4012 1433 4092 a
1468 4014 1681 4111 doemone,
1714 4013 1782 4123 qui
1842 4054 1846 4058 ·

329 4149 584 4223 commovete
613 4127 741 4236 potest
769 4150 833 4209 eas
877 4119 1023 4236 species
1067 4125 1318 4236 phantasticas
1357 4150 1424 4210 aut
1457 4123 1705 4222 affectiones,
1734 4125 1785 4207 ad
1817 4169 1832 4191 ι

1683 4266 1783 4353 quas
