3796 4994
597 251 903 351 Revelatinnrs
938 259 982 350 S.
1019 184 1266 351 Gertrudis.
1595 272 1659 375 83
1789 244 1796 257 ⁸

213 452 363 544 suavius
388 454 630 555 vifitabatur,
658 462 878 555 intantum,
902 457 1016 572 quod
1042 483 1091 542 ex
1126 455 1330 541 consonio
1350 450 1552 568 presencia
1575 456 1666 541 Do*-

215 578 309 658 mini
334 569 440 658 velut
464 569 752 657 delicatioribus
782 575 906 683 epulis
927 573 994 657 srbi
1018 570 1158 658 referta
1179 575 1385 657 videretur.
1443 573 1558 656 Unde
1585 575 1667 655 evi-

215 685 339 804 gilans
362 690 542 771 Domino
567 715 692 801 grates
726 684 907 800 persolvit
933 690 1086 772 dicens:
1135 689 1246 798 Quid
1271 714 1349 799 ego
1372 691 1544 770 Domine
1567 686 1667 773 indi·

214 801 386 911 gnisstma
410 830 485 912 prae
509 798 590 886 aliis
609 807 757 901 merui,
779 807 850 915 qui
871 801 1001 914 saepius
1017 830 1086 914 per
1102 797 1248 885 somnia
1271 807 1310 884 in
1333 827 1480 885 tantum
1507 827 1666 913 grauun·
1770 882 1775 892 ,

214 943 289 1014 tur,
311 919 425 1029 quod
448 923 563 1000 etiam
587 944 657 1027 per
683 915 870 999 clamores
889 921 1033 1001 caeteris-
1060 917 1305 1030 quandoque
1327 920 1519 999 incutiunt
1541 940 1666 998 terro·

213 1029 325 1118 rem?
354 1033 404 1116 ad
424 1033 540 1144 quod
561 1034 760 1115 Dominus
782 1029 1000 1141 respondit:
1030 1039 1146 1145 Quos
1167 1058 1253 1116 mea
1273 1053 1432 1142 paterna
1451 1031 1665 1141 providcn·
1701 1122 1708 1127 ,

213 1149 266 1232 tia
295 1141 462 1256 disponit
491 1172 560 1257 per
588 1142 809 1229 tolerantias
835 1141 1375 1258 sanciiiicare‚.s1vigilantes
1414 1148 1570 1256 corpori
1595 1141 1669 1232 suo
1766 1232 1772 1247 ,

215 1260 370 1344 student
399 1261 612 1343 commoda
645 1285 877 1372 procurare,
907 1260 1015 1343 unde
1048 1256 1087 1345 se
1128 1260 1397 1345 occasionibus
1438 1265 1691 1369 meritorum·

214 1376 380 1488 privant,
410 1401 487 1486 ego
505 1370 578 1458 illis
605 1402 652 1458 ex
687 1373 818 1458 divina
841 1380 986 1486 pietate
1017 1402 1087 1486 per
1110 1373 1255 1458 lbmnia
1282 1379 1417 1486 ingero
1442 1401 1664 1486 gravamen,

215 1512 259 1572 ut
279 1485 410 1571 saltem
432 1489 483 1572 src
503 1484 634 1601 aliqua
658 1515 887 1573 mereantur.
962 1492 1022 1572 lit
1049 1485 1134 1572 illa:
1177 1493 1287 1572 Num
1308 1493 1482 1573 Domine
1499 1487 1572 1574 illis
1588 1493 1668 1575 hoc

215 1606 363 1716 poterit
380 1602 570 1713 proficere
595 1603 647 1686 ad
668 1609 867 1703 meritum,
882 1603 1009 1716 quod
1032 1603 1111 1688 stne
1133 1609 1352 1689 intentione
1376 1609 1414 1686 dc
1442 1603 1551 1717 quast
1566 1632 1665 1690 con·

214 1739 274 1810 tra
297 1713 544 1802 voluntatem
573 1722 794 1832 patiuntur?
832 1723 945 1800 Tunc
969 1720 1191 1802 Dominust
1231 1720 1455 1831 benignitas
1479 1746 1565 1802 meu
1588 1722 1666 1805 hoc

215 1829 377 1942 perficit.
459 1836 564 1917 Nam
597 1855 638 1915 ut
658 1837 699 1916 in
732 1828 969 1918 saecularibus
1003 1833 1185 1930 videtur,
1217 1834 1378 1946 quidam
1413 1828 1451 1916 se
1483 1837 1585 1917 vitro
1616 1858 1665 1920 ac

215 1970 339 2057 cupro
364 1946 647 2058 componentes
667 1953 793 2032 ornati
814 1971 1039 2043 cernuntur,
1065 1943 1129 2030 sed
1152 1952 1221 2059 qui
1243 1975 1339 2030 auro
1360 1951 1399 2030 dr
1424 1954 1587 2060 gemmis
1599 1976 1662 2050 *re-

197 2059 438 2156 ,dimuntur‚
470 2056 593 2143 multo
637 2063 796 2146 ditiores
825 2087 1068 2173 reputanturs
1125 2058 1292 2145 fimiliter
1314 2067 1429 2145 etiam
1452 2067 1492 2146 in
1515 2059 1588 2146 illis
1612 2061 1668 2149 fin

213 2174 293 2259 Sed
313 2171 535 2284 responderi
559 2179 698 2286 potest,
725 2203 870 2258 nornen
888 2179 1010 2261 rneriii
1031 2172 1229 2260 hocloco
1249 2172 1478 2278 sumilatius‚
1502 2202 1545 2261 ut
1559 2178 1667 2264 idem
1798 2242 1804 2249 -

214 2285 271 2389 fit,
297 2313 345 2370 ac
360 2293 607 2406 congruentia
632 2289 684 2374 ad
711 2290 818 2375 dona
842 2292 946 2389 DEI,
976 2318 1012 2377 v.
1033 2318 1072 2405 gt
1100 2292 1151 2377 ad
1170 2286 1370 2378 liberalem
1408 2291 1671 2381 condonatio·

213 2427 308 2493 nem
336 2431 479 2518 poenae.

358 2632 532 2742 XXIV.
582 2635 638 2742 L.
679 2676 723 2764 3.
771 2592 834 2744 Css
875 2665 953 2767 38.
998 2635 1216 2771 Docet„
1246 2637 1387 2778 quod
1425 2624 1669 2763 commur
1821 2580 1826 2585 Ι

212 2784 395 2885 nicans
431 2789 646 2916 accipiat
681 2778 919 2887 effeilum
964 2781 1129 2890 salutis
1168 2793 1228 2887 in
1271 2815 1490 2922 corpore
1525 2779 1667 2916 &a-
1790 2852 1804 2865 -

217 2929 387 3039 nima,
439 2918 492 3027 δι
539 2922 684 3060 quod
732 2922 1040 3058 spiritualiter
1091 2934 1486 3033 communicans
1517 2924 1720 3032 'acci-⁸
1786 3006 1792 3016 ,

216 3072 326 3211 plat
362 3063 613 3199 aequalem
649 3063 890 3171 frudumt
990 3093 1056 3175 Sic
1090 3090 1243 3174 habet:
1300 3086 1498 3201 Nunquid
1518 3086 1667 3170 Domi·
1783 3080 1793 3099 ‘

215 3231 268 3311 ue
281 3209 480 3329 'majorem
504 3200 684 3289 effecium
706 3206 863 3308 habent,
883 3220 1043 3319 ,quae'te
1062 3211 1136 3309 jam
1159 3195 1667 3334 sacramentaliterdsuscepej

194 3321 338 3403 tune?
373 3315 586 3430 Respondit
615 3323 833 3404 Dominus:
874 3319 1072 3433 Nunquid
1103 3318 1221 3440 ditior
1248 3340 1447 3432 reputatur
1476 3311 1570 3445 ille,
1594 3341 1666 3426 qut

214 3435 379 3544 gemmis
403 3437 444 3518 δι
460 3430 671 3520 monilibus
693 3435 911 3532 decoratur,
921 3433 999 3519 sive
1020 3428 1099 3531 ille,
1123 3439 1191 3548 qui
1214 3460 1347 3518 autum
1368 3428 1547 3515 obrizum
1567 3423 1667 3512 mul·

210 3543 299 3630 'tum
317 3551 358 3631 in
377 3544 609 3634 abscondito
634 3547 753 3634 habet
787 3549 1065 3633 reconditum?
1102 3553 1142 3631 in
1169 3547 1314 3660 quibus
1341 3544 1469 3630 uerbis
1486 3545 1663 3633 Domini

215 3658 381 3777 dabatur
407 3656 596 3776 intelligi,
627 3664 742 3775 quod
763 3667 938 3777 quamvis
966 3657 1044 3762 ille,
1071 3668 1140 3774 qui
1155 3655 1472 3747 sacramentaliter
1489 3687 1668 3765 commue

214 3779 330 3869 nicar,
363 3775 626 3860 indubitanter
652 3772 833 3862 effectum
857 3771 981 3861 salutis
1011 3775 1257 3890 consequitur
1291 3773 1492 3888 copiosum
1520 3800 1600 3859 tam
1623 3777 1664 3856 in
1686 3783 1690 3791 ‘

209 3894 406 4007 corpore,
435 3890 554 4006 qudm
576 3896 788 3990 inanima,
814 3884 1023 3977 secundum
1052 3886 1171 3975 fidem
1200 3885 1400 3978 'Ecclestaes
1427 3884 1494 3972 ille
1521 3912 1666 3985 tamen,

214 4007 288 4118 qui
308 4004 405 4117 ptuc
420 4007 473 4115 ad
488 4001 647 4117 laudem
670 4005 749 4094 Dei
773 4033 821 4095 ex
845 4011 988 4119 uirtute
1013 4004 1248 4096 obedientiae
1275 3998 1385 4094 simul
1410 4001 1668 4114 &disoeno-

554 4159 559 4168 ·
968 4123 1003 4210 1.
1031 4151 1055 4208 a
1416 4125 1422 4132 ’
1605 4118 1667 4204 nis
1747 4174 1752 4181 -
