3796 4994
205 338 283 462 '94
518 431 522 437 .
655 344 761 474 Reg.
783 330 935 440 Perii.
951 370 1008 440 ex
1030 333 1226 474 Gersone.

215 541 375 652 gionem
412 534 566 651 prorsus
594 543 647 628 est
669 543 863 632 habenda.
951 550 1026 631 Hic
1053 545 1179 658 Gloffa
1205 542 1383 661 quadam
1406 537 1516 662 super
1542 537 1664 632 illud:

216 652 495 764 Apparrrerunl
524 655 770 773 Moyses&
800 655 907 747 Elias
937 657 1128 773 loquentes
1162 687 1247 750 rum
1276 659 1386 772 Jrfu,
1421 666 1492 746 air:
1529 656 1666 774 Suspe·
1711 747 1712 751 t

218 773 277 857 rra
302 769 357 850 est
380 774 506 854 omnis
528 769 745 871 revelatio,
784 801 903 886 quarn
940 801 1022 860 non
1057 773 1259 860 confirmat
1288 778 1430 860 Lex&
1463 776 1669 886 Propheta

218 909 308 971 cum
328 881 565 995 Evangelior
604 882 780 999 alioquin
805 886 1026 974 delusiones
1051 890 1298 984 doemonum,
1329 914 1395 972 aut
1417 894 1548 1000 potius
1574 917 1667 1001 pro·

216 1001 290 1106 prii
320 1000 460 1103 capitis.
481 1000 821 1111 phantastationes,
863 1003 983 1115 quim
1021 1001 1278 1087 revelationes
1311 1005 1537 1088 habeamur.
1612 1005 1667 1086 At

218 1110 315 1194 vero
343 1112 447 1198 dicet
464 1110 622 1227 aliquisr
650 1117 805 1227 quoda
831 1123 1021 1231 principio
1047 1115 1220 1202 Ecclesiae
1245 1120 1387 1202 dentur
1411 1145 1537 1230 usque
1564 1142 1669 1202 nunc

217 1218 387 1319 salubres
408 1226 593 1316 doctrina
614 1257 692 1315 tam
720 1232 847 1317 verbis
867 1232 987 1345 quam
1013 1233 1155 1344 scriptis
1175 1233 1335 1331 insertae,
1357 1259 1455 1346 quas
1475 1232 1670 1345 Scriptura

159 1423 161 1426 ,
217 1343 332 1424 Sacra
364 1368 446 1424 non
476 1351 663 1430 continet.
733 1349 860 1431 immo
901 1353 1098 1444 continet,
1128 1341 1430 1458 respondemur,
1458 1341 1669 1431 secundum

219 1449 582 1654 alfiquemgmdum
610 1462 815 1547 veritatum
852 1457 1153 1564 catholicarum,
1182 1489 1286 1577 quos
1313 1463 1454 1577 gradus
1482 1456 1576 1547 alibi
1603 1488 1668 1545 ex·

216 1596 244 1684 p
275 1596 456 1656 cavimus.

325 1773 494 1905 Regula
536 1740 611 1898 17.
666 1770 1022 1882 Revelationes
1075 1772 1396 1897 dorlnnales,
1446 1808 1562 1915 quae
1599 1736 1701 1882 inss

110 1978 114 1986 ·
186 1910 504 2021 troducunt
527 1936 531 1943 “
552 1924 758 2020 novum
796 1917 1020 2024 modum
1061 1917 1303 2057 loquendi
1336 1918 1670 2026 &terminos

220 2088 332 2162 non
372 2059 585 2162 usitatos
623 2058 651 2163 a
685 2057 999 2166 Doeloribur
1045 2061 1290 2182 Ecclefiae,
1340 2061 1670 2169 admittenda

115 2232 119 2255 ⁶
221 2232 336 2306 non
370 2202 496 2304 sunt.
583 2224 697 2307 Ratio
728 2196 793 2320 est,
824 2228 917 2337 quia
944 2231 984 2306 in
1012 2205 1195 2338 mysteriis
1224 2224 1318 2311 fidei
1345 2252 1426 2310 non
1455 2223 1578 2313 solum
1610 2227 1674 2314 fu·

222 2340 367 2457 gienda
384 2341 438 2424 est
455 2343 607 2425 novitas
631 2338 828 2436 doctrina,
847 2336 912 2422 sed
938 2343 1053 2423 etiam
1068 2368 1226 2441 vocum,
1244 2346 1473 2454 inquantum
1497 2371 1579 2427 nou
1604 2370 1673 2428 co·

224 2461 282 2573 git
308 2452 525 2552 motilitas,
554 2456 681 2568 qualis
703 2479 833 2538 tamen
865 2481 1066 2568 nunquam
1097 2456 1210 2543 datur
1235 2456 1285 2540 ad
1313 2451 1569 2542 revelationes
1596 2453 1690 2569 pri?

216 2598 344 2684 *varan
404 2569 551 2686 Gerfon
567 2573 610 2655 L.
632 2570 724 2656 CC.
747 2568 798 2654 stc
816 2571 955 2654 habet:
996 2575 1125 2655 Prima
1145 2566 1292 2655 cautela
1319 2568 1383 2666 fit,
1409 2567 1551 2654 nullam
1576 2577 1673 2658 reci·

222 2715 318 2803 pere
350 2685 566 2773 doctrinam
598 2680 782 2795 absoluto
812 2687 981 2788 judicio,
1008 2683 1076 2769 nist
1109 2688 1236 2770 modis
1255 2683 1418 2800 praefatis
1446 2687 1673 2798 probatama

151 2836 158 2852 ·
224 2808 265 2887 &
297 2830 347 2886 eo
369 2808 504 2915 magis,
526 2798 552 2884 fi
573 2795 697 2884 sermo
725 2793 787 2883 vel
808 2800 952 2884 modus
975 2799 1019 2885 stt
1038 2825 1239 2885 extraneus
1262 2800 1286 2885 :l
1312 2807 1510 2884 communi
1528 2796 1673 2886 lermo-

224 2946 277 3005 ne
295 2923 531 3015 Doctorum,
562 2910 956 3029 quamvislermones
981 2942 1116 3029 graves
1150 2939 1380 3029 apparerent
1406 2911 1576 3001 morales
1607 2913 1671 3002 vel

220 3029 510 3150 philosophica.
596 3024 856 3141 Theologizat
884 3024 1100 3144 aliquando
1143 3032 1334 3127 doemon,
1363 3034 1417 3115 ait
1450 3027 1674 3122 Climacusr

224 3155 265 3234 &
291 3173 399 3262 paret
424 3152 464 3232 in
494 3140 712 3258 Evangeliis
737 3149 853 3229 etiarn
883 3171 1014 3229 coram
1043 3141 1151 3249 JEsu,
1184 3173 1303 3261 quem
1326 3170 1475 3229 tentare
1499 3143 1676 3256 praesum·

222 3264 309 3380 psit,
334 3269 374 3347 &
393 3260 553 3348 dicerer
595 3262 783 3373 Scriptum
810 3255 883 3371 est:
917 3255 1061 3379 angelis
1074 3259 1160 3374 suis
1185 3262 1299 3349 Deus
1326 3256 1527 3347 orandaoil
1556 3258 1603 3346 de
1626 3272 1674 3350 ie.

222 3375 494 3467 Nihilominus
524 3376 724 3489 prohibuit
762 3376 945 3460 Christus.
1028 3380 1107 3461 Cui
1133 3374 1271 3460 Paulas
1299 3382 1337 3459 &
1365 3371 1428 3458 alii
1453 3375 1489 3460 se
1516 3374 1676 3462 eonfor-

74 3490 80 3499 ’
222 3520 341 3593 mant,
369 3522 419 3578 ne
439 3490 700 3578 testimonium
728 3485 1017 3606 quantumlibet
1043 3495 1083 3574 in
1105 3487 1303 3603 superficie
1324 3518 1458 3574 verum
1485 3496 1679 3604 accipere·

220 3635 284 3696 tur
311 3609 336 3697 a
366 3610 645 3708 doemoniacis,
675 3601 740 3690 vel
768 3603 1280 3719 prophetis‘insanientibus.
1348 3609 1462 3690 Ratio
1485 3608 1552 3704 est,
1584 3612 1678 3720 quia

222 3721 373 3810 nullum
402 3751 537 3807 verum
568 3722 689 3806 bono
717 3720 798 3806 fine
823 3721 977 3810 dicuntr
1016 3727 1055 3803 δε
1086 3726 1179 3834 quia
1205 3722 1394 3805 continuo
1422 3745 1488 3803 aut
1515 3725 1677 3806 tandem

132 3843 140 3854 '
221 3834 422 3924 falsitatem
445 3841 637 3949 ingerunt,
667 3837 734 3922 etsi
748 3833 857 3921 mille
869 3832 1112 3948 pramiserinr
1127 3840 1318 3920 veritates.
1377 3839 1473 3918 Non
1494 3838 1548 3919 est
1574 3841 1678 3922 enim

223 3957 400 4040 doctrina
421 3947 570 4054 fallens,
591 3981 679 4066 quar
703 3980 785 4036 non
807 3979 898 4035 vera
918 3947 1085 4047 misceat,
1114 3951 1325 4034 secundum
1348 3949 1508 4034 Bedam.
1565 3947 1679 4036 Alte·

222 4097 264 4155 ra
286 4066 436 4155 cautela
465 4070 531 4168 est,
563 4065 743 4152 conferre
764 4069 942 4180 protinus
960 4065 1204 4162 doctrinam,
1235 4093 1323 4178 quae
1346 4068 1532 4148 terminos
1558 4067 1680 4152 habet

149 4179 151 4184 ’
221 4190 463 4302 peregrinos,
492 4179 556 4270 vel
585 4187 789 4270 lenteutias
818 4207 942 4266 novas
983 4185 1023 4265 &
1050 4185 1271 4296 peregrinas
1299 4180 1350 4265 ad
1379 4185 1569 4266 terminos
1595 4186 1681 4266 Do·

1524 4301 1679 4383 olorum
