3796 4994
214 312 320 429 '174
537 291 740 396 Revela.
760 294 805 393 S.
822 282 1073 421 Elisabetlae
1094 286 1344 429 Scbd'naug'.

214 500 365 591 fidebat
385 495 617 612 Apostolicae
641 497 733 587 Sedi
761 493 986 586 viulandus
1016 502 1178 584 nominc
1203 500 1392 613 Cyriacus
1415 498 1497 586 huc
1524 495 1667 614 ingres·

215 614 277 704 us
304 617 357 701 de
383 613 522 699 finibus
548 617 695 700 nostris.
779 623 947 700 Etcum
983 610 1075 697 esset
1114 620 1171 698 vir
1204 616 1374 726 prudens
1415 618 1456 697 dc
1507 610 1666 713 nobilis.

216 731 482 843 omnibusque
509 752 705 839 acceptus,
732 723 954 812 sublimatus
976 751 1058 811 erat
1076 732 1117 809 in
1138 725 1403 840 Apostolicam
1425 727 1669 841 dignitatem.

215 848 383 955 jamque
417 868 652 953 perannum
687 846 877 954 integrum
910 847 950 926 dt
983 841 1164 925 undecim
1194 838 1419 953 septimanas
1448 845 1667 930 Romanam

214 953 420 1044 Ecclesiam
443 981 604 1053 rexerat,
626 959 665 1037 in
682 982 847 1040 numero
865 959 1133 1040 Romanorum
1148 954 1381 1040 Pontificum
1399 958 1582 1041 decimus
1595 983 1666 1042 no·

213 1097 300 1155 nus.
388 1075 470 1178 Qui
504 1097 591 1153 cum
624 1096 697 1151 nos
733 1066 926 1154 advenisse
958 1064 1149 1165 audisset,
1179 1064 1324 1154 laetatus
1353 1072 1408 1154 esi
1435 1097 1527 1153 cum
1558 1074 1668 1155 omni

214 1180 341 1272 Clero
355 1180 438 1280 suo,
461 1186 557 1266 &in
580 1209 721 1294 magna
744 1182 1044 1296 honorificentia
1063 1206 1136 1266 nos
1151 1179 1331 1295 suscepitt
1357 1183 1533 1269 habebat
1555 1189 1669 1300 quip-

212 1325 272 1412 pe
296 1325 479 1411 cognatas
513 1293 760 1410 quamplures
791 1303 1001 1382 internos.
1056 1300 1191 1382 Nodie
1218 1296 1341 1394 verd,
1371 1325 1459 1412 quae
1486 1304 1667 1411 proxima

215 1439 296 1498 erat
315 1419 401 1524 post
418 1414 629 1495 adventum
665 1415 857 1508 nostrum,
883 1407 1095 1496 revelatum
1118 1413 1174 1501 est
1197 1411 1232 1495 ei
1253 1408 1278 1496 i
1304 1414 1517 1511 Domino,
1553 1411 1667 1527 quod

214 1524 345 1613 celicia
362 1530 466 1610 dede
491 1523 716 1637 Apostolica
741 1526 946 1611 nobiscum
967 1522 1059 1610 esset
1080 1523 1338 1638 prosedurus,
1359 1520 1553 1639 limulque
1571 1551 1667 1611 mat·

259 1647 302 1726 rii
328 1637 494 1753 palmam
519 1639 725 1724 nobiscum
749 1665 987 1753 accepturus.
1072 1635 1157 1750 Ipse
1180 1640 1277 1724 verb
1302 1663 1381 1724 erat
1408 1635 1542 1735 celant
1559 1639 1665 1754 apud

212 1665 561 1840 llrevelationem
584 1755 705 1856 hanc,
730 1755 922 1867 deditque
958 1750 1050 1837 sacri
1080 1751 1314 1866 baptismatis
1348 1752 1668 1840 benedictionem

214 1865 345 1956 multis
366 1866 566 1954 sodalium
585 1871 812 1973 nostratum,
835 1896 923 1983 quae
945 1866 1125 1953 nondum
1148 1891 1258 1953 erant
1272 1866 1414 1953 renatae
1429 1871 1472 1953 in
1494 1870 1666 1954 Christo.

214 1987 404 2098 Cumque
433 2007 701 2097 opportunum
726 2008 881 2096 tempus
908 1981 1122 2095 accepisset,
1156 1979 1394 2067 manifestam
1412 1980 1510 2068 fecit
1527 1977 1667 2068 volun-

215 2122 335 2184 tatem
359 2097 477 2195 suam,
499 2123 620 2209 atque
642 2100 681 2178 in
700 2094 908 2210 conspediu
929 2101 1049 2181 totius
1071 2092 1242 2181 Ecclesiae
1263 2097 1465 2210 resignavit
1484 2093 1667 2183 Officium

216 2215 257 2298 di
288 2218 413 2295 nitatis
436 2209 522 2307 suae,
548 2206 842 2294 reclamantibus
867 2216 1031 2307 cundiis,
1062 2206 1254 2324 praecipue
1276 2207 1576 2314 cardinalibus,
1601 2212 1666 2324 qui

216 2242 325 2411 velut
353 2319 648 2409 deliramentum
678 2324 970 2421 arbitrabantur,
999 2330 1040 2407 dc
1063 2323 1171 2436 quasi
1207 2326 1295 2437 post
1320 2322 1543 2411 fatuitatem
1583 2351 1667 2410 mu·

215 2435 459 2526 liercularum
481 2434 703 2537 declinaret,
717 2437 927 2524 nescientes
941 2438 1252 2524 admonitionem
1276 2438 1460 2536 divinam,
1476 2465 1669 2554 quaecum

215 2556 390 2642 urebat.
472 2551 557 2666 Ipse
596 2578 725 2638 autem
754 2554 970 2639 constanter
997 2558 1038 2638 in
1069 2551 1289 2666 propofitio
1317 2551 1388 2639 siro
1416 2555 1669 2666 permanebat

217 2584 380 2784 ptbpter
410 2695 584 2752 amorem
623 2672 848 2783 virginitatis
878 2670 1024 2753 nostrat.
1109 2672 1214 2763 Nam
1249 2672 1289 2751 dt
1325 2670 1376 2751 ab
1414 2665 1584 2754 infantia
1608 2665 1668 2753 sua

215 2782 296 2899 ipse
332 2780 614 2868 immaculatam
647 2787 902 2896 virginitatem
933 2780 1164 2866 custodierat
1199 2786 1239 2867 in
1276 2778 1410 2897 seipso.
1494 2783 1567 2868 Ab
1601 2778 1669 2869 illo

217 2924 400 3012 tempore
422 2923 579 2981 omnem
612 2905 795 3010 gratiam,
827 2922 945 3011 quam
974 2901 1014 2981 in
1039 2893 1247 3010 conspediu
1283 2898 1471 2982 Romanae
1496 2893 1669 2984 Ecclefit

218 3018 323 3129 prius
347 3010 566 3108 habuimus,
594 3011 809 3108 amisimus,
836 3016 876 3094 dt
898 3007 1050 3096 obscuri
1070 3011 1186 3096 nobis
1209 3007 1298 3096 faui
1321 3009 1408 3097 sunt
1421 3072 1436 3114 ,
1462 3017 1538 3126 qui
1569 3014 1670 3126 ptius

221 3124 491 3243 applauserunt
513 3126 641 3212 nobis.
724 3123 807 3240 Ipse
830 3151 961 3210 autem
979 3127 1223 3211 venerandus
1241 3148 1350 3238 pater
1375 3127 1511 3211 nollet
1532 3131 1670 3211 neatus

220 3248 409 3354 Cyriacus
431 3266 509 3324 non
529 3245 633 3354 prius
654 3239 703 3325 ab
728 3241 824 3326 urbe
848 3236 1015 3353 egressus
1044 3243 1114 3340 cst,
1133 3241 1265 3326 donec
1292 3241 1410 3355 ipfius
1439 3237 1607 3329 consilio
1620 3234 1669 3326 tl·

221 3365 332 3442 terei
358 3359 519 3443 nomine
545 3357 716 3443 Anterus
739 3357 953 3442 substitutus
980 3356 1045 3441 eu
1193 3426 1199 3437 .
1672 3406 1675 3411 ·

338 3584 430 3669 Post
455 3585 537 3667 hac
565 3527 653 3668 cum
681 3580 945 3698 perspexissem
974 3578 1213 3698 Catalogum
1238 3586 1516 3669 Romanorum
1544 3584 1670 3672 Ponti·

219 3697 361 3837 ileum,
386 3725 517 3832 neque
548 3724 712 3812 usquam
748 3725 892 3786 nornen
927 3694 1042 3783 sancti
1078 3700 1247 3833 cyriaci·
1265 3693 1515 3808 reperissem,
1552 3693 1670 3784 rursus

221 3814 869 4041 {iiii’iliffliisiili‘
884 3808 1666 4038 illiumlisiiillltlms‘l

221 4036 386 4131 suisset?
442 4045 492 4128 Et
520 4042 648 4138 ducti
691 4045 771 4130 boc
794 4072 842 4130 ex
871 4045 1141 4156 indignatione
1164 4038 1276 4130 Cleri
1297 4039 1474 4124 accidisse
1499 4062 1660 4230 proetus

246 4200 254 4212 ¹
1558 4176 1633 4265 quo
