3772 4988
229 308 350 445 1t6‘
480 308 485 317 ’
662 310 834 446 Regula
853 340 909 409 ex
938 309 1059 413 Card.
1086 317 1226 413 Bona.

221 510 320 615 vult,
337 509 388 597 ad
409 478 684 601 discernendos
702 510 852 630 spiritus
873 546 955 601 non
973 510 1098 607 soidm
1125 524 1167 613 in
1185 513 1323 633 seipfis,
1352 510 1418 605 sed
1443 518 1559 602 etiam
1581 519 1621 603 in
1638 543 1677 604 a·

147 630 152 639 ’
222 624 283 715 liis
300 628 352 714 ad
375 655 627 714 communem
648 626 1062 718 Ecclefiaeutilitatem.

202 910 231 943 .,
335 831 507 959 Regula
543 826 588 928 6.
644 822 869 931 Donum
914 827 1219 934 discretionis
1265 828 1534 964 spirituum
1569 857 1682 931 non

132 994 138 1005 ’
227 963 511 1075 infunditur
546 999 636 1106 per
671 964 899 1075 modum
940 970 1144 1078 habitus
1190 981 1569 1105 permanentis.
1605 968 1683 1074 sed

226 1144 320 1257 per
364 1109 594 1217 modum
641 1119 893 1221 motionis
938 1117 1270 1237 transeuntis3
1344 1112 1579 1253 adeoque
1624 1145 1684 1216 ex

230 1286 321 1375 eo,
355 1252 498 1392 quod
535 1250 686 1391 aliqui
721 1255 868 1359 sansti
905 1257 1190 1395 probentur
1224 1253 1446 1362 habuisse
1477 1256 1684 1361 donum

229 1392 385 1526 hujus
423 1394 752 1516 discretionis,
787 1431 898 1505 non
944 1402 1188 1540 sequitur,
1231 1396 1371 1538 quod
1408 1397 1529 1507 iliud
1565 1401 1686 1505 sem·

229 1572 322 1679 per
370 1537 654 1644 habuerint.
761 1563 819 1648 lb.
848 1565 904 1647 N.
935 1593 974 1668 3.
1044 1566 1159 1649 Ratio
1195 1566 1281 1665 est,
1319 1567 1412 1677 quia
1441 1593 1611 1650 concors
1635 1567 1687 1651 esi

229 1675 532 1792 Theologorum
564 1675 774 1777 sententia,
803 1679 905 1762 hanc
940 1683 981 1762 δι
1010 1702 1161 1764 caeteras
1202 1683 1343 1792 gratias
1370 1685 1484 1793 gratis
1514 1681 1624 1765 datas
1649 1685 1688 1766 in

232 1792 318 1886 soso
348 1796 506 1882 Christo
531 1790 689 1880 extitisse
713 1819 784 1907 per
807 1792 973 1877 modurn
1009 1792 1176 1878 habitus.
1233 1793 1343 1877 Idem
1372 1795 1494 1880 docet
1518 1793 1558 1882 S.
1588 1796 1688 1883 Gre-

139 1980 142 1985 .
231 1913 365 2033 gorius
393 1913 438 1994 L.
463 1937 502 1993 a.
528 1913 631 1994 Mor.
649 1912 695 1994 C.
719 1934 786 2007 27.
816 1907 973 1991 dicens:
1002 1911 1044 1992 In
1070 1911 1212 1992 cundia
1233 1905 1414 1993 fidelibus
1437 1906 1590 2021 spiritus
1623 1940 1688 1996 ve·

234 2031 307 2123 nit,
337 2015 403 2108 sed
423 2030 462 2109 in
478 2018 566 2109 solo
587 2023 807 2109 mediatore
831 2019 978 2133 semper
1000 2018 1236 2134 fingularitcr
1257 2048 1472 2134 permanet,
1499 2030 1592 2139 quia
1610 2033 1688 2135 ejus

56 2212 100 2247 N
230 2143 516 2231 humanitatem
544 2164 744 2252 nunquam
773 2132 951 2234 deseruit,
982 2165 1030 2222 ex
1059 2145 1164 2246 cujus
1186 2138 1386 2224 divinitate
1410 2143 1605 2250 procedit.
1648 2147 1690 2229 ln

69 2300 71 2305 v
235 2250 309 2347 illo
340 2258 455 2368 igitur
482 2278 634 2354 manet,
664 2256 732 2367 qui
766 2257 897 2337 omnia
924 2258 963 2336 δι
990 2248 1093 2337 solus
1121 2255 1261 2365 potest.
1321 2258 1427 2340 Nam
1454 2253 1592 2341 fideles
1624 2263 1690 2373 qui

72 2444 74 2448 .
204 2372 344 2481 ‚hunc
368 2370 579 2481 accipiunt,
610 2393 699 2451 cum
725 2365 921 2481 fignorum
954 2367 1063 2452 dona
1089 2365 1237 2480 semper
1267 2369 1441 2468 habere,
1468 2395 1512 2457 ut
1541 2369 1691 2474 volunt,

201 2482 204 2487 ’
236 2513 323 2574 non
344 2477 513 2686 ppgunt,
540 2483 654 2686 Igne!
669 2478 721 2683 s}
729 2479 914 2683 aecepiilse
931 2481 1036 2681 qupsr
1050 2487 1098 2617 ‘in
1111 2481 1534 2683 stransituspostepsrone
1553 2491 1690 2574 testan-

216 2628 312 2689 ¹tur.
437 2627 534 2685 rur.
598 2627 662 2685 ta.
717 2628 812 2685 .21.
902 2627 948 2684 ro
1008 2622 1091 2682 ettae
1154 2624 1258 2683 rrrtus
1313 2625 1358 2684 ro
1416 2625 1564 2687 etatum
1583 2633 1694 2689 men-

238 2743 299 2805 tes
328 2744 411 2802 non
440 2711 589 2827 semper
614 2715 780 2800 irradiat.
839 2627 1065 2824 Quiapsrcut
1093 2627 1150 2799 dd
1171 2715 1314 2825 Spiritu
1342 2628 1483 2800 Sldncto
1512 2716 1581 2803 scri
1612 2749 1693 2807 rum

242 2835 317 2947 ciis
344 2831 413 2916 ubi
433 2826 517 2915 vult
535 2827 668 2944 spirats
695 2835 749 2916 ita
776 2826 972 2914 sciendum
997 2831 1063 2927 est,
1085 2831 1177 2940 quia
1195 2833 1235 2912 de
1255 2833 1419 2941 quando
1440 2827 1525 2916 vult
1585 2840 1693 2946 pirat.

241 2947 369 3060 Quod
393 2949 501 3031 omni
532 2968 647 3031 otens
664 2945 774 3030 Deus
792 2971 840 3028 ex
860 2970 1007 3054 magnae
1027 2946 1179 3055 pietatis
1199 2936 1480 3057 dispensatione
1502 2944 1691 3060 disponite

164 3142 176 3162 ,
241 3069 337 3177 quia
365 3062 460 3145 dum
491 2974 663 3173 spiritum
700 3062 914 3172 prophetiae
947 3053 1163 3171 aliquando
1202 3059 1270 3142 dat
1295 3063 1334 3141 δι
1363 3054 1579 3173 aliquando
1611 3063 1694 3148 sub·

117 3244 126 3265 .
169 3222 172 3227 ·
243 3180 373 3276 trahit,
402 3182 443 3259 δι
468 3201 618 3260 mentes
649 3170 776 3259 elevat
803 3178 844 3257 in
872 3170 1121 3273 celsitudine,
1152 3178 1192 3256 &
1218 3174 1385 3259 custodit
1407 3179 1446 3258 in
1467 3175 1693 3280 humilitate,

223 3304 289 3378 'ut
309 3297 350 3376 δι
373 3295 606 3403 accipientes
628 3287 798 3402 spiritum
815 3293 1029 3383 inveniant,
1049 3287 1215 3400 quidde
1231 3290 1331 3374 Deo
1354 3290 1450 3381 smts
1480 3295 1518 3375 δι
1550 3294 1693 3379 rursum

225 3432 325 3519 -non
344 3406 535 3493 habentes
560 3407 807 3520 cognoscant,
835 3405 934 3519 quid
958 3403 1010 3486 de
1032 3398 1250 3516 semetipsis.
1725 3414 1731 3421 '

146 3563 236 3693 ’
351 3607 519 3738 Regula
565 3637 611 3733 7.
666 3597 912 3706 Discretio
966 3596 1248 3735 Spirituum
1299 3619 1361 3703 ut
1410 3596 1693 3737 piurimirm

246 3744 357 3853 solis
392 3745 528 3873 justis
574 3741 628 3850 dt
671 3743 879 3849 mundis
924 3740 1107 3863 corde,
1151 3771 1210 3846 ac
1248 3734 1694 3876 d'pe'rturbatione

225 3889 543 4118 ¹paffionum
578 3887 738 3995 liberis
774 3883 1069 3992 infunditur.
1142 3912 1202 3998 lb.
1223 3909 1277 3996 Ν.
1296 3936 1337 4013 4·
1391 3915 1589 4012 Ratioest,
1607 3919 1694 4027 quia

225 4096 229 4105 ·
265 4036 338 4120 'cet
367 4034 494 4145 gratia
522 4035 638 4143 gratis
666 4032 764 4117 datae
791 4033 905 4114 etiam
935 4030 975 4112 in
1005 4023 1114 4111 maiis
1140 4034 1246 4136 juxta
1285 4050 1538 4113 communem
1566 4032 1695 4114 Theo·

248 4141 436 4264 sogorum
465 4150 623 4260 reperiri
663 4144 827 4260 possint,
850 4141 1179 4257 perturbationes
1209 4166 1340 4230 tamcn
1372 4139 1693 4372 paffionupesctppt
