3796 4994
264 260 324 359 '.
438 241 723 401 'judittam
750 218 995 380 Bosaudrst.
1026 243 1080 342 de
1113 250 1267 345 nevel.
1300 250 1421 395 Mul.
1579 285 1603 348 2
1615 282 1679 376 57

231 442 313 535 suos
330 453 505 565 genitos,
525 434 876 552 scilicetlacobum
890 455 1081 557 Maiorem
1110 457 1361 557 &Joannem
1389 449 1684 567 Evangelistam
1791 507 1796 514 -
1874 500 1877 507 ·

228 570 277 650 lit
299 572 339 648 in
361 567 436 650 bac
460 571 702 677 apparitione
719 566 757 647 S.
785 566 902 649 Anna
921 565 1173 650 manifestavit
1193 572 1241 665 ei,
1265 570 1377 679 quod
1395 575 1573 680 quamvis
1595 568 1681 681 plu·

224 677 442 773 messuerit
465 683 713 763 matrimonio
744 675 937 790 copulata,
960 705 1089 765 tamen
1124 678 1285 766 Ecclesia
1318 711 1387 793 por
1421 689 1501 786 ejus
1535 712 1680 796 proge-

221 803 332 880 niem
361 795 705 889 suetitadomata.
762 794 825 878 Ad
857 798 956 877 hanc
978 790 1257 879 revelationem
1280 801 1505 880 Laurentius
1530 796 1679 881 l’ortel·
1747 830 1750 838 ¹

215 911 316 1010 lus,
349 914 536 993 Minorita
570 907 787 1005 Lusitanus,
807 915 861 991 ,in
889 907 1215 1021 Responsronibus
1242 909 1458 995 Moralibus
1486 907 1586 996 Casu
1611 909 1703 1012 63.''

212 1036 344 1115 Tom.
364 1030 486 1110 2.ait:
518 1028 629 1106 Hanc
648 1018 926 1108 revelationem
942 1053 1020 1136 ego
1038 1021 1189 1136 populo
1212 1054 1294 1108 non
1316 1028 1575 1137 praedicarem,
1587 1032 1680 1141 quia

217 1175 272 1231 ex
296 1164 365 1228 tot
385 1139 626 1223 nonoribus
653 1143 692 1218 ὅ(
713 1135 820 1220 claris
848 1145 1076 1244 conjecturis
1097 1141 1344 1250 haecltistoria
1361 1142 1412 1222 de
1436 1135 1573 1251 triplici
1597 1171 1680 1224 ma·

215 1259 420 1348 trimonio
443 1258 567 1336 Beatae
589 1251 712 1336 Anna
726 1247 817 1334 falsa
837 1255 900 1336 est.
956 1258 999 1338 P.
1020 1255 1200 1365 Cuperus
1221 1257 1316 1339 verb
1329 1258 1371 1338 L.
1389 1254 1481 1339 CC.
1499 1256 1612 1339 dicit:
1640 1258 1680 1339 Si

212 1371 346 1493 plane
367 1367 580 1452 contendas
596 1370 704 1449 istam
723 1372 970 1477 apparitionis
1006 1372 1263 1453 narrationem
1291 1397 1377 1451 cum
1407 1373 1590 1453 omnibus
1609 1377 1681 1453 cit·

217 1487 463 1576 cumstantiis
476 1482 753 1564 admittendam
771 1478 859 1578 esse,
875 1508 955 1564 non
968 1484 1208 1594 magnopere
1227 1481 1478 1595 refragabort
1505 1483 1571 1567 sed
1589 1502 1682 1567 tunc

219 1602 371 1715 sequar
390 1599 614 1681 sententiam
639 1596 895 1706 Papebroclaii
914 1599 1044 1692 nostri,
1062 1602 1185 1710 quiin
1203 1594 1531 1709 Responsronibus
1550 1601 1600 1682 ad
1624 1626 1681 1681 ar·

224 1715 393 1808 ticulum
414 1740 482 1796 ιο.
506 1738 612 1795 num.
632 1735 670 1812 s.
694 1708 745 1793 de
763 1713 836 1793 bac
852 1708 930 1822 ipsa
954 1718 1110 1794 materia
1132 1711 1181 1794 fic
1200 1708 1362 1797 disserit:
1391 1717 1620 1820 Quinimmo
1638 1718 1681 1798 in

232 1837 322 1919 Vita
336 1823 553 1914 scolerae.
570 1829 758 1909 6.Martii.
773 1853 876 1910 num.
891 1840 960 1921 68.
972 1822 1189 1910 observasse
1209 1829 1380 1924 memini,
1397 1828 1528 1912 Deum
1550 1831 1681 1911 huma·

242 1977 295 2032 nar
313 1942 536 2029 curiositatis
553 1935 698 2023 inutilia
711 1936 885 2026 scrutinia
902 1942 1156 2024 declinantem
1178 1930 1424 2054 qua'ndoque
1443 1967 1555 2025 natos
1569 1972 1617 2025 ex
1631 1951 1685 2027 eis

166 2070 176 2119 ἰ
252 2087 384 2144 errores
401 2052 584 2151 tolerare,
609 2053 674 2137 nist
694 2081 885 2166 quatenus
908 2053 1012 2138 sorte
1029 2057 1326 2139 incommodant
1342 2060 1501 2166 potiori,
1525 2059 1638 2170 quod
1661 2056 1686 2141 a

192 2250 199 2263 .
258 2172 517 2258 ictuantibus
541 2173 716 2282 requirit,
739 2170 872 2252 bono:
901 2197 988 2253 cutn
1006 2175 1109 2254 enirn
1135 2166 1221 2267 illa,
1248 2198 1384 2255 eorum
1403 2175 1473 2284 qui
1491 2176 1684 2285 virginita·
1759 2272 1762 2277 1

166 2342 172 2392 2
263 2312 319 2373 tttn
343 2283 563 2382 coluerant,
598 2287 788 2367 amantior
810 2287 848 2367 S.
869 2286 1023 2371 Annam
1049 2288 1113 2369 vix
1147 2310 1214 2369 aut
1238 2311 1440 2397 nunquam
1467 2289 1681 2383 invocaret,

266 2406 348 2513 quod
363 2397 539 2515 pluribus
562 2394 760 2482 successive
784 2403 871 2482 viris
899 2394 1060 2509 nupfilse
1082 2397 1282 2499 crederet,
1307 2396 1423 2483 talem
1452 2405 1682 2511 opinionem
1747 2492 1750 2499 ¹

268 2540 322 2602 non
337 2516 463 2601 modo
495 2540 577 2597 non
599 2517 743 2596 exemit
764 2519 900 2611 Deus,
928 2509 994 2596 sed
1020 2517 1311 2626 permittendo,
1344 2539 1386 2596 ut
1406 2511 1461 2597 illi
1482 2537 1683 2626 appareret
1738 2602 1742 2611 ,

268 2631 294 2712 S.
310 2635 412 2717 rinna
436 2637 476 2713 in
501 2624 672 2741 glorioso
698 2634 885 2711 comitatu
913 2655 1057 2725 earum,
1078 2656 1175 2740 quas
1201 2656 1261 2713 ex·
1282 2635 1399 2739 priori
1427 2639 1565 2713 marito
1587 2624 1682 2712 filias

166 2744 175 2761 '
268 2741 343 2832 bille
359 2742 471 2831 multi
491 2742 691 2854 prasertim
714 2768 764 2824 ex
786 2740 1033 2827 Frandscanis
1052 2743 1263 2842 docebant,
1281 2741 1365 2826 satis
1381 2744 1515 2827 habuit
1531 2770 1616 2827 eam
1631 2743 1683 2827 ad

271 2861 361 2967 plius,
378 2888 497 2974 quam
514 2860 590 2941 coli
607 2854 782 2954 volebat,
806 2861 1095 2973 venerationem
1115 2863 1273 2941 incitare
1292 2857 1681 2963 ejusmoditvisrones

215 2980 221 2987 '
268 2974 313 3058 ttst
325 2978 360 3060 id
378 2971 524 3085 Coleta
551 2971 676 3082 pollet
701 2968 809 3056 aliter
823 2977 1010 3082 accipere,
1033 2972 1127 3057 sicut
1145 2971 1313 3058 desasto
1329 2979 1490 3083 accepit,
1512 2974 1683 3055 dedosia

166 3146 168 3153 r
266 3093 395 3200 quidem
408 3116 579 3176 errorem
590 3082 712 3182 suum,
731 3112 922 3199 quatenus
940 3089 1149 3172 devotioni
1163 3089 1315 3186 oberat,
1326 3093 1365 3170 in
1383 3088 1527 3172 eodem
1540 3113 1689 3184 tamen,

203 3234 207 3307 j
267 3230 426 3315 quatenus
440 3203 491 3285 ad
514 3204 664 3313 bonum
684 3207 819 3284 anima
845 3227 925 3284 era-t
939 3198 1174 3303 indifferens,
1188 3209 1318 3314 potius
1334 3201 1570 3285 confirmata.
1600 3207 1683 3285 Hu-

207 3346 212 3355 ·
266 3342 388 3433 curque
411 3316 531 3404 verba
556 3316 825 3427 Papebrochii.
897 3321 1024 3399 Immo
1055 3318 1106 3401 de
1128 3314 1310 3400 similibus
1335 3314 1685 3402 etiamsandarum

203 3470 214 3477 ··
265 3429 437 3519 odeum
466 3431 689 3532 visionibus,
713 3458 992 3544 nonnunquam
1015 3431 1083 3514 sibi
1111 3434 1437 3545 repugnantibus,
1457 3459 1545 3515 cum
1564 3438 1688 3542 Pape-

265 3543 402 3634 brocbio
417 3548 565 3632 ibidem
581 3573 675 3630 num
690 3549 716 3629 1.
737 3542 992 3647 concludam3
1023 3551 1066 3629 ln
1086 3543 1225 3631 talibus
1244 3544 1337 3631 nihil
1361 3544 1435 3630 esse
1458 3546 1616 3658 praesidii
1636 3542 1688 3628 ad

268 3664 464 3770 questiones
484 3661 580 3774 pure
599 3661 810 3755 historicas,
825 3657 888 3743 seu
908 3657 1015 3744 sacrae
1039 3658 1122 3762 illae,
1147 3656 1208 3744 seu
1227 3659 1398 3772 prosanae
1414 3660 1495 3760 sant,
1518 3661 1686 3772 pruden-

267 3778 561 3863 ttrdirimendasr
581 3777 746 3885 proinde
760 3769 852 3857 nihil
866 3774 953 3886 ipsis
963 3780 1108 3861 Sanctis
1126 3777 1288 3872 detrahi,
1302 3805 1388 3859 cum
1403 3771 1534 3859 talium
1546 3777 1689 3858 veritas

300 3896 386 3976 ''citta
399 3889 517 3976 ullum
532 3894 584 3972 ad
603 3885 687 3972 illas
700 3886 928 4002 respectum,
949 3917 1112 3974 vocatur
1125 3897 1163 3973 in
1179 3890 1492 3988 controversiam,
1506 3884 1629 3975 aliun·

495 4006 549 4090 de
560 4005 764 4117 probanda
774 4000 838 4088 vel
849 4004 1087 4091 infirmanda.
1115 4013 1173 4091 lta
1185 4011 1224 4087 P.
1234 4012 1422 4119 cuperus.
1722 4004 1725 4009 ’

359 4191 414 4287 D.
424 4194 471 4309 Ε,
484 4197 545 4286 A.
559 4188 606 4282 de
618 4162 911 4326 RevelatrPlars
922 4193 958 4294 I,
1179 4193 1247 4278 Kk
1561 4172 1693 4267 CAP.
