3796 4994
217 345 283 449 24
665 291 666 294 Ὺ
692 302 866 450 Reguli
889 343 946 417 ex
968 308 1187 415 Patribus.

230 602 233 609 ,
325 525 495 660 Regula
553 555 629 657 ¹9·
664 520 724 629 In
751 523 1026 631 visonibus
1056 521 1184 631 falfis
1221 519 1453 634 diabolus
1479 528 1668 636 immis-

218 689 302 773 cet
317 665 486 772 multa
509 699 625 772 veta
644 699 703 770 ac
729 669 964 804 praeciara
982 695 1041 774 ut
1071 667 1221 774 sallat.
1296 689 1454 808 cyrillus
1472 689 1592 778 Asex.
1624 694 1671 782 L.

221 828 262 894 ⁶.
282 803 328 893 dr
347 804 593 893 Adoratione
615 811 657 893 in
669 807 815 924 spiritu
843 806 1017 923 soquens
1040 815 1115 892 ait:
1155 808 1410 910 „Didicimus
1435 805 1458 892 i
1483 810 1670 908 Christo,

219 928 498 1036 „impurorum
521 918 719 1033 spirituum
738 923 857 1007 verba
883 951 967 1007 non
987 924 1212 1023 admittere,
1246 931 1302 1006 ne'
1319 921 1344 1006 st
1361 917 1481 1005 veiint
1505 926 1671 1036 quidem

220 1033 482 1142 „inaccessam
504 1037 575 1121 sibi
593 1043 633 1121 δι
661 1039 843 1123 insuetam
866 1033 1003 1122 afferre
1030 1042 1262 1122 veritatem?
1294 1041 1358 1122 An
1389 1063 1471 1121 non
1502 1041 1674 1126 advertit

220 1148 542 1266 „Evangcststas,
561 1148 898 1266 ›quiscripserunm
927 1153 1132 1238 doemonia
1150 1153 1202 1236 ad
1230 1155 1425 1258 Christum
1465 1150 1673 1252 acceffiffe,

220 1271 361 1370 „clara
381 1273 420 1350 u
439 1272 606 1351 maxima
624 1294 726 1352 voce
745 1263 968 1351 clamantia:
998 1264 1106 1392 Qid
1122 1265 1230 1354 nobis
1252 1265 1311 1363 Θ*
1338 1266 1432 1363 tibi,
1451 1264 1563 1382 jeju
1579 1268 1674 1356 Nu·

221 1378 431 1485 „aurern
448 1380 557 1495 scio,
587 1378 690 1492 quod
703 1382 755 1492 fis
767 1380 925 1496 firniius
952 1381 1046 1469 Dei.
1128 1378 1342 1468 [litantem
1367 1409 1445 1469 non
1456 1380 1605 1492 prebat
1628 1408 1675 1472 ra

224 1495 377 1608 „ioqui
479 1503 574 1609 Qua
596 1497 648 1580 de
669 1494 775 1580 causa
792 1494 903 1593 iilos,
934 1525 1022 1581 cum
1054 1523 1189 1580 verum
1215 1495 1521 1610 proclamarent,
1545 1491 1679 1585 inc're·

82 1644 88 1649 ·
224 1616 374 1723 „pavit
395 1610 598 1695 Christus?
624 1616 818 1696 Nimirum
835 1639 895 1695 res
920 1613 1025 1724 gesta
1057 1611 1175 1693 nobit
1197 1607 1297 1695 utiiis
1313 1609 1440 1696 futura
1464 1637 1559 1696 etat.
1590 1619 1677 1698 Hac

224 1729 369 1832 „enim
390 1753 433 1812 re
459 1727 676 1824 docemur,
705 1722 862 1810 iliorum
884 1727 1039 1823 verbis,
1070 1725 1213 1809 etiamsi
1239 1721 1354 1836 ipsam
1383 1726 1591 1837 predicare
1607 1755 1676 1813 ve·

162 1847 166 1855 '
224 1837 337 1945 „sint
357 1839 582 1939 ueritatem,
613 1846 650 1922 ἃ
673 1868 718 1925 ea
734 1842 886 1938 dicere,
917 1867 1005 1955 quae
1031 1835 1117 1924 sunt
1135 1840 1337 1925 evidenter
1362 1867 1476 1942 vera,
1505 1871 1589 1926 non
1606 1843 1677 1930 de·

127 2022 139 2033 .
226 1957 360 2060 „bere
382 1961 479 2041 niti?
509 1984 598 2038 nam
623 1956 820 2041 interdum
845 1961 942 2041 veris
964 1950 1170 2040 inserentes
1192 1951 1281 2039 salsa
1303 1979 1452 2040 nocent
1486 1957 1680 2043 audienti·

154 2160 158 2164 ,
226 2072 362 2178 „butt
388 2100 470 2155 non
502 2065 662 2154 dissimili
690 2080 942 2171 ratione,·ac
976 2064 1187 2153 nonnullos
1220 2067 1350 2154 facere
1382 2069 1588 2173 videmus,
1609 2074 1678 2184 qui

227 2245 258 2292 „
269 2180 393 2270 mellis
414 2189 657 2270 admixtione
671 2180 816 2267 sensum
833 2188 1062 2268 amariorum
1081 2212 1207 2269 rerum
1224 2182 1424 2282 auserunt,
1448 2182 1680 2272 &dulcium

226 2298 458 2410 „infusione
479 2299 619 2384 volunt
635 2326 774 2385 eorum
794 2325 882 2413 quar
902 2293 1064 2383 molesta
1092 2296 1203 2400 sunt,
1230 2293 1396 2387 latenter
1423 2301 1575 2415 gustum
1608 2305 1682 2389 eri·

224 2442 504 2671 ⁴iminium
546 2570 625 2639 ιο.
658 2529 885 2637 Visiones
908 2525 1036 2638 falsae
1060 2526 1280 2640 reddunt
1313 2539 1455 2639 viam
1490 2527 1555 2638 ad
1581 2560 1682 2640 coe·

187 2672 344 2801 ,tum
364 2676 550 2802 latam;
592 2708 722 2780 verae
745 2699 921 2780 autem
941 2671 1300 2781 eamrcddunt
1333 2676 1537 2780 arctam.
1635 2698 1686 2789 tu

76 2924 81 2929 ‚
230 2815 413 2907 observat
435 2815 475 2906 S.
495 2818 758 2934 Hyeronimus
777 2820 818 2902 in
844 2817 888 2907 C.
911 2845 977 2922 ²3·
986 2818 1166 2929 Jrremiae
1183 2818 1234 2901 ad
1251 2811 1348 2901 iilud
1366 2822 1386 2901 :'
1404 2812 1587 2914 Audiui,
1605 2842 1689 2930 qua

221 2927 420 3054 propbeta
457 2929 671 3032 dixerunt,
700 2925 971 3045 prophetantes
1008 2935 1049 3017 in
1101 2933 1252 3018 nomine
1303 2958 1384 3016 meo
1437 2927 1687 3021 mendacium.

112 3113 118 3120 -
229 3053 371 3165 „Sunt
391 3046 514 3132 hodie
531 3073 720 3161 quoque,
749 3050 909 3159 inquit,
937 3043 1189 3130 somniatores
1211 3051 1251 3129 in
1272 3041 1469 3147 Ecclesia,
1501 3051 1541 3131 &
1566 3053 1689 3133 maxi·

230 3166 341 3280 „me
359 3169 398 3248 in
421 3164 555 3248 nostro
579 3189 721 3275 grege,
757 3165 827 3276 qui
855 3186 1005 3244 errores
1039 3161 1125 3244 suos
1152 3166 1292 3266 jaciant
1316 3164 1480 3246 Domini
1511 3165 1689 3275 prophe·

229 3287 393 3392 „tiam,
421 3282 462 3361 &
483 3276 622 3362 crebro
644 3283 849 3389 ingerunt,
875 3269 1081 3371 somniavi,
1111 3272 1308 3360 somniavi.
1388 3284 1505 3385 Quot
1527 3281 1689 3391 corripit

230 3395 470 3512 „Dominus
488 3392 639 3477 dicens:
665 3397 888 3505 Usquequo
907 3390 1006 3474 istud
1026 3394 1080 3473 est
1104 3395 1143 3474 in
1170 3390 1292 3475 corde
1317 3394 1597 3503 prophetarum
1622 3418 1689 3476 va·

169 3501 176 3505 ’
232 3511 521 3625 „ticinantium
559 3506 835 3601 mendacium,
864 3510 904 3589 &
935 3507 1250 3618 prophetantium
1279 3503 1525 3592 sedueiionet
1555 3507 1689 3590 cordis

234 3620 368 3737 ,‚su1?
397 3627 489 3707 Hoc
510 3647 640 3709 autem
670 3619 842 3721 faciunt,
873 3647 916 3706 ut
938 3647 1026 3734 quo
1052 3621 1179 3704 modo
1204 3626 1388 3735 antiquus
1411 3615 1688 3734 ilsepopulus.

235 3742 345 3853 „qui
379 3736 543 3850 egressus
582 3739 636 3821 est
658 3737 711 3820 de
742 3739 945 3850 AEgypro,
969 3729 1117 3819 'oblitus
1150 3736 1205 3819 est
1233 3739 1401 3818 nominis
1426 3738 1527 3834 Dei,
1560 3734 1612 3823 fic
1647 3738 1688 3820 ἀ

235 3855 416 3967 „posteri
443 3879 580 3936 eorum
600 3845 871 3936 obliviscantur
885 3853 975 3934 mei.
1033 3848 1247 3962 Propheta,
1266 3853 1331 3961 qui
1349 3845 1464 3937 habet
1475 3850 1689 3966 sommum,

235 3977 407 4079 „narres
412 3963 615 4080 formium.
729 3967 876 4050 Eorum
897 3969 951 4048 est
968 3976 1170 4075 exponere
1187 3960 1399 4066 somnium,
1427 3969 1497 4079 qui
1519 3971 1594 4049 Dei
1610 3991 1689 4049 me·

234 4107 406 4195 „rentur
425 4080 571 4165 habere
591 4077 823 4166 sermonem.
879 4078 1079 4190 Quidsibi
1108 4073 1247 4164 volunt
1277 4082 1547 4165 hereticorum
1569 4075 1689 4190 palea

218 4198 331 4320 „ad
349 4199 520 4288 triticum
537 4192 743 4288 ecdefiaer
770 4189 896 4286 solent
914 4197 1085 4299 heretici
1102 4190 1252 4312 semper
1277 4190 1460 4313 prospera
1483 4189 1689 4400 posinna:

257 4395 260 4399 ·
1443 4413 1446 4417 .
1607 4372 1640 4426 r»
