3796 4994
509 448 522 466 .
595 371 818 520 ‘'Revelat.
835 370 889 507 de
908 371 1099 508 Agreda.
1124 377 1237 471 Pars
1259 376 1296 468 1.
1575 393 1672 498 283

213 602 330 675 nans,
348 581 390 660 δι
413 569 686 690 tranquillans,
704 549 799 691 q'uo
808 581 936 663 anima
956 580 1286 695 fitpropinquior
1305 575 1357 662 ad
1385 569 1491 661 illam
1513 573 1681 665 beatitu·
1777 651 1779 655 ,

216 696 364 791 dinem,
386 718 433 777 ac
456 692 633 807 denique
658 688 793 777 lumen
814 690 962 807 glorie.
1022 786 1023 791 3
1664 710 1669 717 ’

334 823 432 901 628.
464 808 648 893 Secunda
668 811 721 892 est
738 808 834 895 vifio
855 813 932 892 Dei
949 808 1172 895 abluamur
1187 833 1261 922 per
1277 800 1421 919 species
1439 802 1464 892 a
1479 798 1565 889 solo
1584 810 1677 895 Deo
1817 858 1834 882 s

213 916 383 1033 inlusaru-
453 936 501 1024 63
516 953 548 1009 ι.
575 927 707 1008 Tertia
735 925 789 1007 est
818 912 1109 1022 nteueuualn,
1129 949 1211 1036 qua
1231 924 1414 1008 videntur
1436 927 1476 1007 bt
1500 925 1678 1007 materia·
1744 926 1783 1032 ‘¹

216 1035 327 1123 lia&
341 1033 634 1127 'immaterialiat
673 1043 714 1121 δι
735 1038 901 1124 habetur
919 1033 1207 1153 nonnunquam
1236 1064 1308 1150 per
1337 1033 1483 1150 species
1517 1031 1674 1134 infusas.
1726 1110 1729 1118 .
1802 1072 1805 1076 ·
1865 1124 1875 1150 ,

214 1148 285 1239 sed
311 1149 556 1266 perspecies
583 1180 672 1268 que
693 1147 837 1238 sunt-io
858 1151 1075 1267 phantasia,
1101 1151 1316 1240 accedente
1341 1175 1472 1239 tamen
1493 1148 1673 1263 quodam
1724 1190 1750 1241 s
1805 1226 1808 1231 .

214 1265 366 1354 lumine
380 1258 670 1379 supernaturali,
695 1295 783 1381 quo
799 1271 977 1382 mysteria
1001 1262 1279 1383 intelliguntur.
1360 1271 1481 1352 Hunc
1506 1265 1693 1351 modum·
1753 1283 1756 1286 ’

213 1375 463 1471 revelationis
489 1382 625 1467 habuit
648 1386 836 1497 josephus
861 1387 900 1469 in
922 1387 1129 1499 AEgypto,
1150 1376 1315 1483 Daniel,
1338 1375 1539 1467 &¹David.
1623 1383 1673 1467 Et
1775 1474 1781 1481 ,

217 1499 274 1584 est
289 1495 438 1582 modus
463 1496 733 1595 securilsrmus,
757 1504 849 1612 quia
867 1525 942 1585 nec
974 1501 1184 1605 doemones
1210 1525 1285 1584 nec
1303 1498 1402 1582 boni
1420 1492 1550 1611 angeli
1576 1521 1669 1609 pos·
1800 1586 1806 1597 J

216 1611 304 1697 sunt
328 1606 735 1723 illud'supetnaturale
756 1609 888 1698 lumen
904 1610 1111 1702 infundere
1120 1609 1241 1717 ,licet
1254 1610 1397 1728 possunt
1417 1605 1673 1700 commovere
1767 1624 1771 1629 “
1846 1719 1848 1724 .
1887 1686 1896 1709 ,

214 1723 361 1842 species
375 1733 417 1810 in
432 1725 639 1839 phantafia.
699 1815 702 1819 ,
1408 1804 1412 1820 ,
1517 1733 1520 1737 ’

274 1911 275 1914 s
319 1854 445 1943 -633.’
465 1845 558 1926 Haec
584 1840 680 1926 visto
697 1835 964 1928 intelleblualis
985 1846 1027 1927 in
1048 1848 1093 1929 B.
1114 1845 1168 1929 V.
1190 1837 1275 1935 fuit⁸
1283 1864 1484 1955 perpetua,
1505 1838 1669 1955 quando

198 1978 302 2044 'non
323 1956 460 2041 habuit
490 1955 656 2041 visiones
684 1953 937 2044 sublimiores.
1021 1962 1094 2042 l’er
1124 1983 1210 2043 eam
1233 1951 1320 2070 plus
1342 1959 1527 2070 agnovit,
1550 1980 1672 2070 quam
1817 1968 1823 1975 ·

218 2097 357 2156 omnes
379 2070 593 2184 propheta,
620 2076 660 2153 &
680 2068 828 2186 angelis
861 2076 1025 2188 agnovit
1047 2077 1151 2158 enim
1167 2068 1232 2157 illa
1256 2073 1453 2161 mediante
1474 2067 1672 2155 essentiam
1746 2074 1750 2081 ’

220 2191 259 2269 bt
285 2190 540 2298 proprietates
568 2186 659 2269 DEI
679 2191 876 2301 usquead
899 2191 1073 2273 infimam
1097 2214 1330 2295 creaturam}
1362 2191 1403 2271 in
1425 2187 1607 2269 omnibus
1629 2210 1670 2267 e·

218 2306 300 2386 nim
323 2304 502 2393 creaturis
522 2307 686 2413 agnovit
706 2307 1043 2416 participationem
1064 2307 1261 2403 creatoris,
1281 2307 1363 2412 ejus
1388 2299 1673 2397 ordinationes.

208 2419 264 2535 .&
282 2413 585 2528 providentiam.
676 2449 682 2457 ¹

342 2565 551 2657 634635.
576 2566 672 2654 636.
697 2559 848 2662 Quarta
869 2549 964 2636 vifio
994 2554 1048 2636 est
1080 2550 1334 2664 phantastica,
1362 2576 1442 2666 qua
1471 2545 1674 2665 reptasen·

222 2690 352 2753 tantur
377 2695 438 2751 tes
469 2669 593 2752 modo
620 2665 788 2753 ‘sensibili
827 2672 864 2752 bt
903 2662 1101 2752 materiali.
1192 2673 1305 2753 Hanc
1340 2668 1467 2778 potest
1492 2669 1674 2763 ¹excitare
1726 2764 1729 2770 ,

223 2789 339 2870 etiam
364 2781 554 2870 doemunt
582 2811 672 2867 nam
701 2784 865 2897 quando
888 2786 1081 2868 inanima
1103 2782 1269 2868 advertit
1288 2784 1439 2895 gustum
1458 2777 1673 2868 sensibilem
1827 2842 1832 2865 r

224 2902 324 2983 circa
361 2900 581 2981 orationem
625 2903 666 2981 bc
703 2901 982 2996 devotionem,
1006 2900 1155 3010 potest
1197 2923 1281 2981 eam
1324 2889 1438 2982 facile
1480 2898 1674 3009 decipere.

223 3016 348 3101 Etiam
370 3013 524 3115 Sancti,
544 3016 613 3126 qui
639 3002 851 3124 periculum
874 3013 1069 3116 ejusmodi
1096 3009 1379 3097 revelationum
1410 3005 1571 3096 sollicite
1601 3012 1676 3095 slu-
1718 3080 1726 3088 .
1780 3018 1783 3023 ’

225 3125 393 3213 aluerunt
417 3129 583 3227 evitare,
610 3122 865 3212 nihilominus
892 3129 973 3212 hoc
999 3116 1127 3213 morlo
1154 3125 1179 3213 i
1207 3125 1399 3212 doemone
1425 3122 1464 3209 se
1488 3122 1689 3210 transfor·v

208 3266 355 3337 ¹mance
381 3245 424 3325 in
452 3237 633 3354 angelum
661 3237 757 3325 lucis
782 3248 920 3327 tentati
943 3238 1064 3327 sunt·
1124 3247 1273 3352 Quinta
1294 3239 1389 3324 visto
1410 3241 1464 3324 est
1490 3262 1676 3351 corpora·
1723 3282 1737 3289 -
1874 3324 1888 3362 χ

225 3351 287 3453 lis,
315 3355 410 3439 dum
427 3354 514 3467 ipfis
537 3353 660 3440 oculis
681 3350 830 3469 aliquid
847 3359 1034 3451 cerniturt,
1074 3361 1116 3441 bt
1135 3358 1216 3442 hoc
1230 3357 1357 3440 modo
1376 3347 1474 3439 solet
1492 3354 1676 3466 decipere

226 3469 394 3556 doemon
414 3477 672 3569 communius,
689 3472 937 3583 inprimendo
954 3467 1120 3557 senstbus
1142 3466 1300 3579 species.
1362 3470 1472 3555 Deus
1495 3473 1543 3553 δι’
1555 3494 1678 3583 ange·

227 3579 256 3666 li
276 3578 359 3667 non
380 3608 539 3670 utuntur
560 3588 639 3670 hoc
662 3585 791 3669 modo
811 3585 1066 3698 deceptorio,
1086 3581 1155 3673 sed
1168 3583 1409 3683 formant-ex
1438 3585 1527 3669 aste
1545 3579 1608 3670 vel
1635 3609 1681 3681 a·,

226 3692 279 3782 lia
299 3703 458 3783 materia
479 3727 612 3784 verum
645 3727 808 3813 corpus,
829 3700 944 3816 quod
968 3700 1133 3786 videtur.
1217 3703 1261 3785 ln
1286 3699 1496 3784 visionibus
1523 3707 1569 3784 B.
1591 3702 1678 3787 Vir·
1819 3759 1822 3766 ·

227 3815 326 3926 ginis
347 3812 495 3925 semper
510 3816 727 3913 habebatur
747 3813 833 3900 finis
858 3809 974 3929 utilis,
994 3810 1059 3920 vel
1075 3804 1128 3900 id
1147 3811 1429 3930 perfessionem
1450 3814 1564 3926 ipsius
1584 3841 1680 3926 pro·

228 3930 366 4128 prgam,
390 3922 455 4060 vel
475 3926 527 4059 ad
548 3931 701 4019 bonum
721 3925 1040 4055 Ecclestae,ettjus
1057 3953 1141 4018 etat
1162 3931 1358 4047 Magistra.
1380 3932 1420 4015 δι
1444 3928 1679 4040 Coadiutrll
1843 4020 1855 4032 .

229 4068 272 4128 re
303 4064 523 4157 empuonts.

948 4257 1081 4346 Nur
1441 4268 1445 4275 '
1584 4262 1684 4356 640.
