3796 4994
540 265 648 394 Reg.·
673 205 825 358 Prasi.
845 284 903 401 ex
925 259 970 357 S.
981 261 1124 397 Joan.
1143 254 1197 356 de
1215 264 1361 361 Cruor.
1415 216 1425 227 ’
1582 289 1678 386 203

218 492 321 557 mam
340 461 398 553 lic
408 459 616 552 inescatam
633 467 844 580 praecipitet
856 467 897 550 in
914 459 1138 575 multiplicia
1158 462 1258 552 mala
1283 469 1323 550 dc
1344 465 1486 579 gravia.
1544 466 1685 579 ltaque
1722 472 1725 476 ’

220 582 422 685 eiusmodi
452 576 807 695 repraesentationes
832 580 1056 690 abjicienda
1082 586 1122 664 δι
1153 577 1393 695 expellenda
1421 576 1517 666 sunt.
1552 583 1683 689 ,Nam

218 699 283 787 etfi
300 693 448 811 alique
470 723 604 811 earum
626 699 758 780 forent
789 692 815 782 ai
836 701 941 796 Deo,
960 695 1029 807 ipsi
1049 723 1122 806 per
1137 697 1219 780 hoc
1245 723 1329 780 non
1353 694 1512 782 infertur
1530 697 1681 802 injuria,

216 843 289 901 nec
310 818 445 898 anima
462 810 592 925 perdit
609 811 813 925 quidpiam
832 803 933 894 illius
951 807 1119 907 finum,
1149 839 1269 924 quem
1296 806 1444 896 illarum
1473 837 1554 922 ope
1571 813 1681 893 Deus

216 938 256 1016 in
283 926 368 1043 ipsa
400 922 539 1011 causat.
596 928 714 1010 Ratio
744 927 827 1023 est,
858 928 953 1038 quia
980 937 1120 1008 omnes
1142 932 1393 1037 operationes
1421 927 1571 1020 divinae,
1602 922 1681 1007 sive

213 1044 311 1130 liant
326 1048 373 1129 in
391 1036 564 1127 sensibus·
584 1040 742 1126 internis
760 1038 838 1125 five
861 1041 902 1124 in
931 1043 1111 1137 externis,
1129 1036 1238 1125 suurn
1251 1042 1473 1151 primatium
1497 1033 1680 1124 essedum

215 1155 329 1247 simul
359 1182 442 1244 uno
477 1154 705 1267 eodemque
740 1175 947 1239 momento
987 1151 1137 1238 causant
1171 1158 1212 1239 in
1238 1160 1387 1253 anima,
1416 1138 1521 1240 nulla
1548 1145 1679 1238 relide

213 1270 408 1359 facultate
435 1265 697 1369 deliberandi,
724 1292 791 1360 aut
825 1268 975 1355 donum
1000 1268 1234 1370 abiiciendis
1278 1294 1322 1354 ut
1346 1275 1449 1354 enim
1478 1271 1678 1375 hujusmo·
1803 1366 1809 1383 Ι

216 1390 256 1472 di
278 1382 448 1472 effedus
470 1391 510 1469 in
530 1388 656 1475 amma
678 1387 812 1494 incipit
834 1381 913 1466 sme
944 1376 1042 1467 illius
1075 1387 1357 1497 cooperatione
1386 1411 1433 1470 ac
1459 1379 1678 1493 dispositio·

214 1529 278 1604 ne,
294 1506 355 1588 ita
375 1499 542 1585 eosdem
563 1495 712 1611 perficit
740 1497 818 1582 srne
839 1502 851 1580 i
882 1496 953 1582 sius
976 1491 1226 1582 consensuac
1250 1498 1455 1598 industria;
1484 1499 1576 1581 hinc
1596 1518 1675 1579 tam

214 1642 354 1732 parmi
371 1617 508 1700 animae
527 1607 693 1698 liberum
717 1613 784 1709 est,
810 1525 902 1697 talla
917 1610 1024 1697 dona
1042 1636 1243 1725 acceptare
1269 1638 1336 1698 aut
1354 1618 1529 1717 rejicere,
1553 1608 1693 1725 quam¹

214 1728 355 1846 patdm
379 1729 512 1814 manui
537 1750 604 1811 aut
621 1725 716 1840 pedi
739 1726 981 1839 nudosupra
997 1730 1128 1839 ignem
1153 1726 1285 1840 posito
1311 1721 1478 1813 liberum
1506 1729 1559 1811 est
1591 1722 1675 1839 sen·

214 1850 286 1933 rire
317 1839 515 1933 calorems
537 1836 693 1928 ..sentiet
718 1849 823 1927 enim
853 1840 931 1929 five
958 1839 1054 1928 velit
1080 1840 1160 1926 srve
1193 1837 1307 1927 nolit.
1376 1846 1434 1927 lta
1466 1842 1676 1954 apparitio·

217 1987 286 2067 nes
305 1965 349 2044 dc
372 1956 540 2043 vifiones
562 1959 781 2068 primarium
804 1950 912 2041 suum
936 1951 1119 2042 essedum
1137 1985 1222 2042 non
1253 1954 1405 2041 causant
1428 1961 1468 2050 in
1491 1977 1674 2068 corpore,

215 2073 340 2161 sedin
364 2076 519 2161 annuos
546 2073 640 2157 sicut
664 2095 823 2155 econtra
842 2097 889 2182 ap
919 2075 1101 2157 aritiones
1130 2077 1404 2183 provenientes
1432 2072 1456 2158 a
1482 2072 1675 2155 doemone

216 2192 416 2277 inannna
454 2191 573 2272 etiam
612 2181 774 2271 nolente
812 2098 966 2273 caullnt
1010 2187 1346 2300 inquietudinem,
1373 2181 1671 2281 instabilitatem,

217 2301 564 2504 ppmrrbationem,
588 2301 818 2398 ariditatem,
840 2304 1077 2400 vanitatem,
1106 2298 1463 2416 praesumptionems
1491 2302 1672 2416 quartanis
1741 2342 1749 2359 =

245 2425 253 2439 '
277 2414 444 2504 effeetus
466 2442 549 2499 non
570 2414 644 2501 fint
664 2440 744 2499 tam
763 2411 935 2500 efficaces
951 2417 1004 2502 ad
1022 2417 1268 2529 operandum
1296 2416 1453 2517 malum,
1478 2438 1669 2531 quantum

221 2530 272 2619 illi
291 2533 345 2619 ad
366 2528 599 2615 causandum
625 2530 790 2614 bonum.
860 2534 965 2615 Nam
994 2537 1242 2643 operationes
1271 2525 1343 2617 illae
1379 2534 1577 2618 doemonis
1604 2530 1670 2613 vix

222 2653 443 2763 pertingunt
463 2644 515 2730 ad
538 2639 720 2756 spheram
740 2637 955 2757 primorum
981 2671 1189 2744 motuum,
1216 2673 1290 2747 nec
1313 2649 1364 2732 ad
1387 2646 1491 2756 aliud
1512 2640 1671 2760 possunt

223 2770 387 2851 animam
407 2785 681 2857 commovere,
698 2759 766 2844 nist
785 2758 864 2873 ipsa
880 2754 1001 2860 velit,
1025 2788 1097 2846 nec
1125 2767 1167 2846 in
1200 2764 1363 2848 uietudo
1393 2792 1513 2878 quam
1543 2757 1670 2845 secum

223 2876 370 2975 lecum,
393 2876 465 2960 diu
486 2873 620 2977 durat,
640 2874 709 2959 nisr
728 2871 808 2987 ipsa
827 2878 952 2963 anima
971 2870 1034 2961 sua
1055 2791 1419 2963 inconlldetatione.
1431 2902 1498 2964 aut
1520 2869 1671 2992 pusilla-

222 2998 393 3081 nimitate
419 2986 612 3102 longioris
633 2991 847 3074 durationis
866 2983 974 3075 causa
995 2989 1050 3075 fit.
1108 2994 1279 3077 Econtra
1301 2999 1551 3105 operationes
1572 2990 1672 3074 divi-

223 3106 427 3197 neintime
448 3127 653 3216 penetrant
679 3108 867 3202 animam,
901 3109 942 3187 &
969 3103 1195 3220 relinquunt
1228 3111 1443 3193 constantes
1465 3104 1553 3192 suos
1576 3099 1672 3189 effe·

152 3216 157 3331 J
223 3231 312 3328 ἂιις,
331 3247 477 3333 nempe
491 3221 798 3318 incitamentum,
829 3218 1124 3322 animositatem,
1146 3226 1187 3304 δι
1202 3218 1434 3308 alacritatem
1449 3224 1499 3306 ad
1515 3223 1670 3306 bonum

220 3339 511 3452 provenientem
546 3361 595 3418 ex
613 3332 692 3447 ipsa
719 3338 880 3422 vidioria
908 3335 961 3419 de
993 3331 1167 3448 superata
1200 3333 1462 3424 deleciatione
1486 3332 1673 3422 sensuum.
1725 3364 1729 3369 ·

152 3458 157 3569 ζ’
222 3454 342 3569 Qtod
366 3449 397 3538 si
422 3455 552 3535 anima
570 3443 666 3534 tales
684 3455 945 3562 apparitiones
961 3473 1028 3535 aut
1042 3447 1293 3548 -sensationes,
1312 3455 1560 3567 quantumvis
1578 3474 1672 3564 pro-

152 3580 156 3667 ?
220 3573 414 3656 venientes
442 3563 467 3651 ai
492 3566 603 3661 Deo,
631 3566 800 3662 estimet,
828 3570 870 3648 δι
899 3571 939 3652 in
975 3591 1106 3650 earum
1138 3567 1408 3653 immisionem
1447 3562 1672 3660 consentiat,

152 3690 157 3783 l
220 3685 353 3771 exinde
380 3680 600 3795 sequuntur
625 3672 687 3767 sex
716 3680 783 3762 ista
809 3684 1135 3766 inconvenientia.
1192 3687 1296 3767 Nam
1332 3684 1460 3794 primo
1491 3685 1674 3768 minuitur

152 3790 154 3799 ’
221 3827 281 3912 pet
296 3803 378 3887 hoc
399 3791 613 3912 perfectio,
633 3821 712 3906 qua
741 3794 939 3908 dirigimur
967 3822 1038 3909 per
1054 3793 1194 3884 fidemr
1225 3798 1316 3880 huic
1335 3804 1438 3882 enim
1460 3792 1672 3912 plurimum

197 3915 401 4016 detrahit,
433 3910 464 4000 fi
502 3909 701 4016 ejusmodi
742 3911 1000 4017 objeciorum·
1021 3913 1296 4023 experientiam
1324 3911 1575 3996 nanciscimur
1602 3933 1672 4019 per

221 4026 339 4122 sensus
389 4022 620 4141 Elonga'tur
646 4025 763 4139 proin
797 4029 925 4113 anima
948 4027 1100 4229 icvero
1131 4025 1265 4114 medio
1287 4028 1537 4142 pertingendi
1557 4022 1607 4107 ad
1628 4048 1672 4105 u·

817 4173 823 4179 ·
1025 4166 1046 4224 c
1076 4167 1099 4225 a
1507 4160 1671 4223 monem
