3796 4994
27 196 30 201 ·
215 277 318 412 164
578 432 583 438 ·
674 276 846 413 Regula
871 305 927 376 ex
954 283 1008 377 P.
1034 271 1200 408 Sybides

211 488 375 577 hemens
404 484 443 568 a
471 480 548 569 fixa
586 486 625 567 δι
661 481 859 596 profunda
894 490 1063 570 adluatio
1091 485 1241 572 virtutis
1266 479 1445 574 senurivae
1472 488 1668 582 interioris

213 604 257 692 so
288 608 344 686 ire
360 601 494 713 potest
524 594 646 683 sensus
669 605 903 696 exteriores,
937 597 1169 685 &similiter
1198 598 1402 688 debilitare
1426 608 1527 689 vires
1555 634 1667 695 natu·

273 746 315 802 es
334 739 495 829 propter
516 710 666 799 illarum
690 719 826 798 virium
849 718 1148 799 connexionem.
1205 718 1262 801 Ex
1286 716 1366 799 hoc
1389 721 1522 830 primo
1539 716 1668 836 sequi·

214 858 279 918 tur
300 827 538 927 secundum,¹
554 823 708 928 scilicet,
729 828 843 941 quod
870 833 996 912 omnis
1030 832 1240 914 vehemens
1266 826 1537 918 intellectualis
1563 831 1669 949 spiti-

137 998 141 1005 ι
212 972 325 1032 tuum
357 939 661 1056 contemplatio,
697 950 735 1026 in
778 969 858 1056 qua
895 943 1087 1055 phantasia
1113 941 1177 1028 vel
1214 951 1375 1030 interior
1402 942 1574 1034 sensitiva
1603 980 1669 1036 err⁴

216 1059 351 1147 celsrve
371 1054 549 1153 laborat,
577 1051 767 1141 naturales
801 1060 901 1140 vires
935 1080 1120 1156 enervat,
1151 1064 1190 1142 dr
1219 1057 1380 1172 soporat
1404 1057 1533 1148 sensus¹
1560 1089 1667 1150 exte·

214 1179 350 1375 simper,
375 1180 413 1255 δι
432 1167 529 1284 saepe
538 1174 697 1371 sinducit
716 1168 854 1257 edasrn
873 1166 937 1257 vel
954 1198 1121 1286 raptum.
1178 1179 1272 1263 Haec
1285 1179 1476 1265 Henricus
1499 1176 1553 1265 de
1572 1184 1669 1289 Has·

215 1289 268 1378 ua
305 1317 401 1404 uper
423 1289 536 1373 Gcne
552 1316 605 1374 rn.
1619 1313 1622 1316 ·

323 1527 492 1656 Regula
533 1557 574 1621 2.
639 1517 698 1623 ln
748 1515 1042 1624 mulieribus
1087 1454 1272 1626 dantur
1326 1490 1669 1661 dispositiones

218 1663 284 1772 ad
318 1662 508 1766 Edases
554 1659 607 1767 dc
645 1685 823 1798 raptus
868 1661 1132 1767 naturales.
1200 1687 1303 1772 lbrd.
1329 1693 1429 1798 QQ.
1454 1691 1666 1792 nubirit:

216 1806 288 1895 Ad
318 1805 582 1916 quaestionem,
606 1829 728 1916 quare
757 1796 980 1886 mulieribus
998 1799 1128 1914 sapius
1147 1798 1238 1885 fiant
1255 1799 1527 1903 revelationes,
1549 1806 1668 1920 quim

218 1925 321 2019 viris,
343 1917 614 2030 respondeturr
645 1917 759 2030 quod
775 1917 934 2002 'deboc
957 1915 981 2002 a
1006 1913 1246 2029 philosophis
1272 1912 1411 2027 triplex
1443 1915 1554 2003 causa
1575 1917 1670 2010 solet

115 2082 121 2088 ·
218 2034 402 2145 assignari.
461 2038 587 2116 Prima
614 2034 798 2140 accipitur
824 2046 872 2115 eri
904 2027 1091 2144 qualitate
1121 2025 1421 2143 complexionisa
1464 2038 1561 2145 quia
1588 2064 1708 2147 mu,

216 2145 330 2235 lieres
355 2147 573 2245 naturaliter
594 2141 759 2228 multum
786 2144 931 2228 habent
954 2147 1007 2229 de
1037 2145 1217 2253 humido.
1284 2148 1499 2230 Humidum
1525 2174 1671 2257 autem,

219 2272 309 2348 curn
335 2266 541 2371 incaptum
572 2261 626 2344 est
651 2262 816 2355 moveri,
846 2287 932 2343 non
960 2257 1086 2358 cellat,
1108 2285 1318 2374 quousque
1344 2265 1507 2374 attingat
1533 2264 1586 2349 ad
1612 2267 1668 2367 id,

252 2374 337 2463 uod
359 2373 600 2460 intendebat.
657 2377 715 2457 Ex
753 2398 836 2486 quo
866 2379 1084 2488 contingit,
1119 2370 1298 2460 mulieres
1327 2375 1470 2461 diutius
1506 2378 1605 2469 state
1627 2384 1672 2467 in

200 2408 292 2582 ,luis
315 2488 622 2605 cogitationibus
648 2491 688 2571 dc
716 2490 1079 2601 imaginationibus,
1115 2516 1233 2603 quam
1258 2492 1340 2575 viri
1397 2491 1513 2578 Unde
1532 2495 1592 2579 vir
1617 2499 1671 2583 ci-

218 2614 295 2693 tius
326 2605 465 2718 digerit
488 2599 570 2689 suas
597 2607 879 2717 conceptiones
894 2600 956 2688 vel
973 2606 1284 2718 imaginationes,
1312 2631 1434 2719 quare
1453 2610 1581 2693 minus
1603 2637 1669 2726 ap-

218 2744 357 2837 parent
383 2723 437 2804 ris
462 2713 663 2803 mirabilia.
731 2721 780 2802 Et
805 2723 898 2833 quia
919 2719 1122 2803 humidum
1149 2723 1279 2817 etiam,
1308 2721 1425 2834 quod
1452 2746 1496 2805 ut
1520 2722 1670 2811 dicium

219 2839 288 2935 est,
317 2840 356 2919 in
387 2829 609 2921 mulieribus
635 2832 821 2930 abundat,
851 2834 904 2917 est
931 2834 1034 2918 bene
1069 2837 1309 2944 receptivum
1345 2832 1586 2946 figuransm,
1629 2845 1669 2927 δι

219 2945 385 3036 diversas
406 2953 522 3032 etiam
545 2943 685 3058 figuras
707 2949 859 3059 accipit.
918 2946 1068 3033 Exinde
1100 2949 1178 3047 est,
1200 2945 1313 3061 quod
1334 2948 1422 3061 ipfis
1443 2947 1671 3042 mulieribus

218 3087 406 3180 apparent
444 3058 554 3175 plura
586 3056 846 3145 mirabilia&
880 3057 1026 3147 diversa
1055 3058 1298 3147 somniando.
1355 3064 1538 3152 Secunda
1563 3067 1672 3178 causa

216 3182 404 3292 accipitur
427 3203 475 3262 ex
506 3169 662 3260 defectu
681 3177 851 3260 rationis.
909 3179 1014 3260 Nam
1038 3171 1236 3278 mulieres,
1256 3199 1299 3259 ut
1321 3174 1461 3264 dicitur
1477 3183 1516 3264 in
1535 3179 1670 3271 Politi-

220 3300 289 3393 cis,
317 3293 465 3378 habent
491 3294 796 3375 ratiocinativum
825 3285 1049 3400 invalidum,
1071 3293 1177 3376 unde
1205 3291 1364 3375 minime
1392 3298 1525 3407 vigent
1552 3304 1686 3391 ratio-1

220 3435 288 3507 nc,
312 3414 352 3491 δι
382 3403 610 3490 discretione
641 3408 682 3489 in
711 3408 1003 3516 comparatione
1034 3405 1085 3488 ad
1124 3409 1241 3491 viros.
1307 3408 1471 3520 Propter
1500 3414 1671 3524 quodi

220 3527 376 3607 veniant
408 3515 633 3604 mulieribus
668 3512 808 3633 aliquae
843 3520 1084 3631 phantastica
1113 3521 1393 3634 apparitiones,
1431 3527 1670 3621 &visiones

219 3627 434 3736 mirabiles,
464 3639 590 3717 minus
619 3633 673 3717 est
700 3637 798 3716 ratio
824 3635 1121 3737 contradicens,
1161 3633 1282 3747 quim
1310 3639 1350 3718 in
1379 3640 1482 3726 viris.
1538 3637 1674 3733 Tertia

223 3747 333 3836 causa
354 3744 511 3832 sumitur
534 3774 582 3830 cx
610 3745 847 3832 abundantia
870 3747 1062 3859 paffionis.
1128 3753 1232 3834 Nam
1256 3747 1350 3833 ficut
1374 3753 1468 3837 dicit
1492 3753 1697 3845 Philoso?

219 3867 320 3979 phus
342 3868 388 3948 in
406 3860 509 3946 libro
533 3862 585 3945 de
602 3864 756 3945 Somno
780 3867 821 3944 dc
843 3859 994 3974 Vigilia,
1021 3860 1077 3947 illi
1095 3869 1164 3976 qui
1186 3861 1330 3949 suntin
1348 3864 1597 3976 passionibus,
1620 3875 1675 3973 ad¹

220 3980 419 4071 modicam
446 3973 729 4063 fimilitudinem
758 4002 991 4075 moventur,
1018 3980 1057 4059 δι
1085 3979 1248 4077 credunt
1275 4006 1408 4063 verum
1435 3981 1534 4088 effe,
1555 3989 1669 4102 quod

219 4118 391 4209 apparet.
450 4093 566 4180 Unde
591 4097 684 4206 quia
702 4095 742 4178 in
760 4084 982 4180 mulieribus
999 4090 1199 4182 abundant
1216 4091 1421 4209 pastiones,
1432 4100 1529 4187 ideo
1546 4104 1672 4191 statim

1619 4219 1671 4305 ad
