3796 4994
537 186 740 343 seveias,
763 243 809 339 S.
835 198 1086 367 uufibetbae
1100 237 1360 374 ‘schumug
1572 222 1679 373 ιη’

225 452 309 536 boec
327 449 451 562 eoepit
466 441 584 561 loqui
606 445 659 530 ad
687 467 752 531 me
780 441 973 531 sermones
997 445 1150 531 istosin
1171 456 1311 559 magna
1331 439 1462 532 vudtus
1480 440 1673 535 hilaritate

226 565 382 649 dicens:
420 562 595 673 Quando
652 560 790 646 rimdm
817 566 856 645 in
881 565 1004 671 patria
1027 562 1158 645 nostra
1194 561 1421 672 congregati
1460 565 1671 672 coepimus,¹

225 674 327 765 sacta
343 674 446 760 sama
469 677 597 760 nnsira
623 589 699 760 sbti
719 671 878 785 dispersa
907 678 982 770 est,
1018 678 1058 756 δι
1083 669 1195 761 musti
1222 674 1273 757 ad
1305 671 1557 784 speciandum
1590 703 1671 760 nos

225 792 403 904 undique
427 793 703 874 confluxerunt.
760 791 940 901 Contigit
962 812 1091 871 autem
1117 789 1212 872 Deo
1239 788 1471 884 ordinante,
1492 791 1670 876 uterium

225 906 388 1018 quidam
414 898 694 1015 -Episcoporum
726 906 927 988 Britanniae
965 900 1081 986 nobis
1116 901 1443 1014 adjungerentur,
1480 926 1601 1015 atque
1627 907 1669 989 in
1714 950 1722 963 ι

225 1021 355 1103 nostra
370 1021 565 1101 Societate
579 1041 684 1100 mare
710 1039 946 1103 trameunres
978 1040 1105 1128 usque
1120 1017 1286 1099 Romam
1309 1015 1513 1105 nobiscum
1528 1042 1670 1129 perue-

365 1157 572 1329 assu?
769 1125 1427 1216 ’Μ
1457 1127 1670 1359 {iesu
1778 1294 1781 1298 J

225 1363 281 1446 est
297 1362 432 1444 nosbae
451 1356 628 1470 paffions
649 1352 786 1442 sotius.
842 1363 962 1464 Hujus
979 1352 1111 1441 titulus
1129 1353 1215 1441 talis
1240 1382 1338 1443 erat:
1375 1357 1532 1446 Surdus
1561 1358 1668 1450 Pan·

225 1472 329 1562 iuius
354 1471 563 1583 Bustiirnfis
599 1471 825 1584 Episcopus,
863 1473 1123 1587 univirgines
1149 1466 1241 1583 sutis
1272 1498 1356 1558 cum
1379 1468 1522 1589 gaudio
1540 1472 1590 1586 fit
1607 1502 1668 1562 ce·

217 1598 311 1700 ptus
337 1588 496 1673 Romam
518 1582 731 1697 perduxit,
768 1582 855 1671 inde
895 1611 966 1671 rrrr
982 1610 1027 1670 us
1065 1582 1260 1672 Coloniam
1288 1589 1503 1697 pervenit,
1539 1585 1666 1700 ibique

224 1728 308 1788 cunr
334 1705 389 1786 eis
402 1705 633 1816 martyrium
642 1698 832 1896 suscepit.
916 1700 1009 1783 Post
1034 1698 1116 1783 hec
1141 1698 1271 1807 objeci
1308 1701 1424 1810 dietis,
1446 1710 1525 1808 ejus
1552 1697 1669 1803 iliud,

223 1816 337 1930 quod
359 1819 399 1899 in
423 1818 578 1898 historia
600 1818 639 1924 ip
655 1841 761 1898 atum
783 1810 935 1927 legitur,
963 1808 1168 1910 videlicet,
1188 1813 1304 1926 quod
1327 1840 1414 1898 cum
1435 1811 1527 1899 esset
1544 1822 1665 1902 Beata

222 1925 356 2014 Utsula
379 1928 485 2041 quast
514 1925 652 2012 ludens
678 1932 717 2013 in
739 1935 832 2012 mati
853 1924 1063 2012 secundum
1099 1921 1415 2012 consuetudinem
1439 1925 1543 2014 suam
1573 1957 1664 2023 cum

222 2039 408 2127 associatis
429 2041 497 2126 srbi
524 2041 748 2153 virginibus,
768 2043 890 2127 dunis
922 2036 1008 2154 plus
1024 2035 1138 2126 solito
1161 2047 1202 2126 in
1222 2035 1339 2126 altum
1362 2042 1538 2142 navibus,
1563 2071 1666 2159 quas

218 2158 308 2268 ipsae
333 2160 497 2269 virgines
521 2154 812 2268 gubernabant,
835 2160 1041 2268 repentino
1075 2181 1196 2241 vento
1218 2152 1402 2268 aspirante
1426 2166 1570 2243 cunda
1595 2186 1664 2243 na·
1776 2160 1779 2165 ’

221 2297 292 2354 ves
317 2268 501 2355 ifinibus
520 2266 594 2353 illis
615 2266 749 2354 ablatae
764 2269 857 2367 snt,
877 2297 1010 2382 neque
1032 2266 1129 2354 ultra
1155 2272 1350 2357 redierunt
1369 2267 1475 2357 illuc.
1543 2278 1663 2378 Juxta

217 2383 302 2468 baec
319 2392 461 2469 etenim
479 2382 692 2468 verofimise
717 2385 783 2481 est,
808 2385 922 2497 quod
953 2384 1105 2496 ubsque
1132 2386 1302 2468 vitorum
1319 2390 1511 2469 -comitatu
1534 2414 1663 2498 perre-

217 2523 370 2583 xerunt.
455 2499 523 2583 nd
556 2498 635 2580 hoc
663 2501 717 2583 ita
747 2494 976 2611 respondite
1018 2503 1130 2582 Pater
1157 2503 1282 2582 Beatae
1307 2496 1446 2585 Ursule
1473 2500 1555 2584 Rex
1578 2505 1662 2613 Bri-

218 2617 361 2696 tannia
381 2614 558 2696 Scotticae
586 2614 743 2698 Maurus
760 2618 921 2699 nomine
940 2615 999 2696 vir
1021 2604 1148 2697 fidelis
1176 2609 1346 2697 conscius
1371 2613 1453 2698 era‘t
1481 2610 1672 2699 volunta·-

218 2730 269 2810 tis
299 2724 393 2810 fiis,
412 2722 498 2823 suae,
518 2731 557 2808 dt
580 2725 679 2836 quid
702 2727 753 2812 de
771 2756 816 2813 ea
840 2729 952 2813 Deus
970 2722 1189 2826 ordinasset,
1214 2723 1498 2839 cognoscebam
1522 2755 1661 2843 quem·

219 2839 434 2924 admodum
455 2846 494 2923 δι
515 2835 593 2950 ipsa
619 2841 698 2923 hoc
756 2842 981 2936 uibusdam,
1012 2866 1115 2952 quos
1142 2837 1348 2926 familiares
1376 2843 1567 2945 habebat,
1588 2847 1659 2928 de·

219 2958 339 3043 texit-3
368 2980 613 3066 acceptoque
638 2869 794 3039 conssio
815 2955 927 3040 caute
953 2955 1246 3066 preordinavit,
1269 2978 1311 3038 ut
1333 2955 1410 3040 filia
1429 2955 1516 3057 sua,
1538 2984 1658 3068 quam

216 3069 422 3153 tenerrimi
453 3066 654 3180 diligebat,
683 3072 800 3166 viros,
831 3094 1002 3182 quorum
1032 3064 1171 3151 solatio
1193 3093 1270 3152 tam
1296 3068 1386 3181 ipsa,
1409 3069 1529 3182 quim
1549 3098 1671 3157 exet·.
1795 3088 1802 3093 ·

216 3184 316 3267 citus
344 3190 423 3292 ejus
445 3181 659 3295 indigebat,
681 3185 719 3266 iu
740 3190 925 3269 comitatu
941 3179 1009 3266 suo
1026 3180 1224 3269 discedens
1250 3183 1422 3269 haberet.

332 3406 464 3506 Tituli,
484 3412 558 3543 'qui
582 3411 747 3496 maxime
767 3405 961 3495 notabiles
982 3374 1100 3514 erant,
1121 3413 1227 3497 hunc
1247 3411 1445 3548 habebant
1461 3415 1655 3550 'moduni

213 3519 1678 3765 suissuisinsinuemremisistis.

216 3745 312 3833 altus
341 3747 444 3883 secus
466 3753 570 3884 hunc
598 3779 769 3885 repertus
793 3754 847 3837 est
873 3746 969 3837 talis.
1051 3751 1208 3842 Suniius
1243 3753 1472 3844 Vincentius
1501 3761 1657 3878 presby·

214 3877 275 3949 ser
305 3859 525 3952 Carumiu.
581 3869 646 3952 De
675 3869 818 3980 quibus
846 3893 932 3951 cum
959 3865 1110 3952 beatam
1132 3875 1327 3956 Vetenam
1354 3871 1656 3986 interrogassem,

216 3982 292 4063 ait:
350 3980 393 4065 In
422 4002 613 4096 tempore,
640 3988 789 4097 inquo
822 3976 997 4181 ingressa}
1019 3977 1146 4071 sumus
1181 3985 1318 4073 urbem
1346 3988 1526 4084 Romam,
1559 4014 1656 4184 {aar

966 4125 1047 4202 .s
1615 4126 1656 4187 e·
1725 4171 1731 4176 -
