3796 4994
8 384 11 397 .
85 306 89 313 “
139 270 141 275 ,
214 326 278 423 32
568 296 785 432 Exempla
813 284 967 413 Revel.
987 288 1297 431 probabilium,

213 504 512 617 mancipaverat.
597 503 835 617 Respondit,
859 498 1046 590 humilem
1077 505 1218 593 viderit
1257 527 1335 589 tres
1366 500 1513 585 tantum
1545 495 1670 583 trinua

216 619 373 703 Christo
399 613 570 708 servisset
598 615 663 704 scd
685 646 817 733 neque
838 621 1003 720 eximie,
1026 621 1155 720 adeo,
1178 641 1219 703 ut
1244 613 1452 733 privilegiis
1482 615 1557 699 istis
1581 637 1672 725 apta

82 783 85 787 -
212 734 422 817 videretur.
478 734 595 834 Dixi,
618 737 767 844 opinati
792 760 877 831 me,
903 726 1119 818 illusionem
1146 731 1234 818 eide.
1294 735 1385 816 Post
1408 757 1547 841 paucas
1574 728 1674 813 heb·

215 847 405 931 domadas
432 844 574 947 retulit,
602 875 764 959 puerum
793 843 902 932 illum
931 842 1121 933 minutula
1149 847 1329 961 quadam
1362 840 1559 944 retulisse;
1602 870 1671 927 co-

213 986 348 1046 natum
370 986 580 1073 praterea,
612 987 655 1046 ut
679 990 840 1049 omnem
863 961 1150 1046 dubitationem
1178 962 1226 1044 ab
1253 990 1299 1046 ea
1326 954 1494 1056 tolleret,
1524 956 1671 1042 &infi-

212 1071 368 1173 nuaffe,
399 1102 440 1160 ut
470 1075 617 1189 signum
649 1082 768 1161 crucis
795 1080 1065 1188 inprimerttur
1093 1083 1133 1161 in
1165 1082 1318 1161 vertice.
1378 1074 1445 1156 Ob
1473 1077 1553 1158 hac
1584 1098 1671 1156 mea

211 1191 309 1277 mihi
328 1194 466 1303 opinio
483 1193 632 1275 firmata
653 1195 726 1279 ests
756 1192 998 1305 tandemque
1025 1219 1072 1274 ex
1100 1197 1290 1303 opinione
1320 1195 1460 1273 certior
1480 1187 1603 1275 fadus
1631 1215 1673 1272 a·

215 1310 338 1431 gnoui
384 1306 616 1391 doemonem
659 1303 757 1404 eise,
795 1333 884 1390 cum
924 1307 1171 1391 mendacium
1218 1301 1351 1391 dixiffe
1390 1302 1569 1410 sacerdos
1606 1300 1673 1389 iile

216 1425 461 1533 compererit.
547 1421 727 1511 Praedixit
753 1424 872 1529 enim
886 1418 1013 1507 fututa
1042 1426 1258 1538 quaepiam,
1286 1414 1530 1534 tempusque'
1550 1418 1673 1534 praefi·

214 1536 489 1655 ximptsaeteriit
510 1560 679 1650 tempus,
704 1562 855 1622 nectes
874 1541 1015 1624 evenit.

756 1791 926 1924 Num.
947 1886 963 1945 ·.
1014 1787 1079 1923 V
1092 1790 1135 1925 Ι.

215 2012 524 2241 Exempla
577 2060 1071 2196 Revelationum
1128 2061 1546 2239 probabilium
1592 2104 1673 2198 ex

488 2261 620 2369 Auis
679 2262 1050 2531 Bollanltdqiagtis,
1105 2262 1158 2370 dt
1203 2265 1401 2394 Joannt

495 2478 498 2483 Δ
561 2474 569 2483 ·
915 2458 1032 2530 rer.

490 2842 678 2951 habeat
727 2843 965 2951 effedum
1017 2843 1145 2953 fere:
1175 2853 1368 2981 {emper
1422 2847 1675 2977 diuinum,

475 3019 680 3129 ,nempe
722 2987 872 3097 simul
922 2986 1391 3097 manifestationem
1437 2995 1675 3100 cordium

217 3124 273 3245 du
308 3132 709 3243 convtrfionem.

332 3325 378 3415 In
406 3329 496 3413 Vita
524 3323 573 3413 13.
598 3321 756 3443 Angelae
781 3320 827 3410 Ae
856 3318 1032 3443 Fuiginm
1062 3355 1101 3426 4.
1127 3325 1297 3427 Januarii
1326 3326 1482 3412 additur
1508 3322 1676 3444 sequens

217 3442 396 3529 Uberrini
427 3441 480 3526 de
503 3436 660 3553 Castulo,
690 3444 759 3524 viti
781 3445 925 3552 pictate
956 3436 1117 3525 celebris
1140 3441 1415 3527 testimonium.
1473 3445 1675 3558 Vigesrmo

218 3564 498 3675 qinto'anno
533 3551 746 3668 Religionis
779 3584 875 3640 rneae
917 3549 1144 3640 deformatae
1181 3561 1282 3640 miro
1316 3557 1442 3642 modo
1467 3587 1532 3644 rue
1564 3565 1675 3647 Deus

217 3586 380 3756 {dduxit
403 3671 455 3756 ad
484 3664 643 3782 Angeia
667 3669 718 3755 de
743 3666 1158 3785 Fulgineo'notitiamt
1189 3675 1251 3755 cui
1274 3669 1325 3758 fic
1348 3673 1477 3759 cordis
1503 3680 1580 3760 mci
1604 3679 1676 3763 de·

215 3785 340 3872 fedius
368 3793 408 3870 &
428 3785 490 3870 sua
513 3787 655 3869 secreta
677 3784 866 3872 beneficia
892 3783 1076 3872 revelavit
1108 3788 1279 3890 JESUS,
1319 3814 1361 3872 ut
1383 3788 1563 3875 dubitare
1591 3821 1673 3878 nou

215 3898 387 4017 poffem,
411 3902 536 4015 ipium
566 3897 662 4001 effe,
692 3905 761 4014 qui
788 3894 1026 4016 loquebatur
1053 3904 1093 3985 in
1121 3895 1213 3989 iilar
1254 3903 1292 3987 de
1322 3903 1372 3988 fic
1403 3909 1537 3989 omnia
1566 3909 1675 3994 dona

214 4038 303 4121 mea
321 4021 466 4131 prima,
488 4041 559 4129 per
584 4039 709 4101 meam
735 4013 918 4102 maiitiam
952 4017 1104 4129 perdita
1122 4021 1163 4100 in
1187 4012 1414 4105 immensum
1438 4016 1673 4135 multiplica·

214 4140 254 4221 t'a
279 4136 464 4234 restituit,
482 4128 533 4257 'ut
552 4138 628 4243 jam
655 4153 821 4231 extunc
849 4158 933 4219 non
958 4129 1097 4241 ¹fiterim
1127 4125 1222 4230 ille,
1255 4138 1327 4248 qui
1355 4131 1438 4224 fuit

227 4294 231 4301 .
663 4300 669 4309 .
1084 4276 1089 4285 ·
1379 4302 1384 4309 -
1563 4281 1673 4342 men.

78 2748 80 2753 ·
219 2728 271 2815 11.
306 2696 717 3080 pRobabilis
769 2702 837 2807 est
882 2701 1189 2821 Revelato,
1248 2705 1281 2804 fi
1339 2704 1676 2833 conjundum
