<?xml version="1.0" encoding="UTF-8"?>
<!DOCTYPE html PUBLIC "-//W3C//DTD XHTML 1.0 Transitional//EN"
    "http://www.w3.org/TR/xhtml1/DTD/xhtml1-transitional.dtd">
<html xmlns="http://www.w3.org/1999/xhtml" xml:lang="en" lang="en">
 <head>
  <title>
</title>
<meta http-equiv="Content-Type" content="text/html;charset=utf-8" />
  <meta name='ocr-system' content='tesseract 3.04.00' />
  <meta name='ocr-capabilities' content='ocr_page ocr_carea ocr_par ocr_line ocrx_word'/>
</head>
<body>
  <div class='ocr_page' id='page_1' title='image "./derevelationibu00amorgoog_0037.png"; bbox 0 0 3796 4994; ppageno 0'>
   <div class='ocr_carea' id='block_1_1' title="bbox 219 324 1449 478">
    <p class='ocr_par' dir='ltr' id='par_1_1' title="bbox 219 324 1449 478">
     <span class='ocr_line' id='line_1_1' title="bbox 219 324 1449 478; baseline -0.011 -30"><span class='ocrx_word' id='word_1_1' title='bbox 219 374 284 476; x_wconf 89' lang='lat'>14</span> <span class='ocrx_word' id='word_1_2' title='bbox 678 337 855 478; x_wconf 72' lang='lat' dir='ltr'>Regale</span> <span class='ocrx_word' id='word_1_3' title='bbox 877 367 936 438; x_wconf 83' lang='lat' dir='ltr'>err</span> <span class='ocrx_word' id='word_1_4' title='bbox 962 335 1183 448; x_wconf 75' lang='lat' dir='ltr'>Patribus.</span> <span class='ocrx_word' id='word_1_5' title='bbox 1346 327 1350 333; x_wconf 67' lang='grc'>’</span> <span class='ocrx_word' id='word_1_6' title='bbox 1429 324 1449 337; x_wconf 69' lang='grc'><strong>’</strong></span> 
     </span>
    </p>
   </div>
   <div class='ocr_carea' id='block_1_2' title="bbox 212 539 1669 691">
    <p class='ocr_par' dir='ltr' id='par_1_2' title="bbox 212 539 1669 691">
     <span class='ocr_line' id='line_1_2' title="bbox 212 539 1669 691; baseline -0.005 -33"><span class='ocrx_word' id='word_1_7' title='bbox 212 547 385 659; x_wconf 85' lang='lat' dir='ltr'>ciebus</span> <span class='ocrx_word' id='word_1_8' title='bbox 408 575 582 653; x_wconf 88' lang='lat' dir='ltr'>rerum</span> <span class='ocrx_word' id='word_1_9' title='bbox 607 575 997 691; x_wconf 87' lang='lat' dir='ltr'>corporearum.</span> <span class='ocrx_word' id='word_1_10' title='bbox 1085 545 1151 651; x_wconf 90' lang='lat' dir='ltr'>ln&#39;</span> <span class='ocrx_word' id='word_1_11' title='bbox 1166 551 1341 682; x_wconf 92' lang='lat' dir='ltr'>primo</span> <span class='ocrx_word' id='word_1_12' title='bbox 1367 539 1422 650; x_wconf 77' lang='grc' dir='ltr'>ἃ</span> <span class='ocrx_word' id='word_1_13' title='bbox 1447 542 1669 651; x_wconf 86' lang='lat' dir='ltr'>secundo</span> 
     </span>
    </p>
   </div>
   <div class='ocr_carea' id='block_1_3' title="bbox 212 691 1672 951">
    <p class='ocr_par' dir='ltr' id='par_1_3' title="bbox 212 691 1672 951">
     <span class='ocr_line' id='line_1_3' title="bbox 213 691 1672 841; baseline -0.006 -41"><span class='ocrx_word' id='word_1_14' title='bbox 213 726 395 841; x_wconf 82' lang='lat' dir='ltr'>genere</span> <span class='ocrx_word' id='word_1_15' title='bbox 417 691 583 826; x_wconf 89' lang='lat' dir='ltr'>potest</span> <span class='ocrx_word' id='word_1_16' title='bbox 610 700 911 803; x_wconf 88' lang='lat' dir='ltr'>intervenire</span> <span class='ocrx_word' id='word_1_17' title='bbox 937 691 1172 829; x_wconf 86' lang='lat' dir='ltr'>deceptio</span> <span class='ocrx_word' id='word_1_18' title='bbox 1199 707 1420 802; x_wconf 74' lang='lat' dir='ltr'>doemonis,</span> <span class='ocrx_word' id='word_1_19' title='bbox 1449 731 1517 790; x_wconf 81' lang='lat' dir='ltr'>aut</span> <span class='ocrx_word' id='word_1_20' title='bbox 1543 703 1672 791; x_wconf 81' lang='lat' dir='ltr'>illufio</span> 
     </span>
     <span class='ocr_line' id='line_1_4' title="bbox 212 829 1671 951; baseline -0.006 -28"><span class='ocrx_word' id='word_1_21' title='bbox 212 838 378 951; x_wconf 87' lang='lat' dir='ltr'>propriae</span> <span class='ocrx_word' id='word_1_22' title='bbox 399 832 621 946; x_wconf 87' lang='lat' dir='ltr'>pbanrafiae,</span> <span class='ocrx_word' id='word_1_23' title='bbox 641 839 756 922; x_wconf 85' lang='lat' dir='ltr'>etiarn</span> <span class='ocrx_word' id='word_1_24' title='bbox 780 858 898 930; x_wconf 90' lang='lat' dir='ltr'>tunc,</span> <span class='ocrx_word' id='word_1_25' title='bbox 911 835 1074 949; x_wconf 88' lang='lat' dir='ltr'>quando</span> <span class='ocrx_word' id='word_1_26' title='bbox 1093 839 1307 940; x_wconf 75' lang='lat' dir='ltr'>conjuncta</span> <span class='ocrx_word' id='word_1_27' title='bbox 1326 829 1412 912; x_wconf 88' lang='lat' dir='ltr'>sunt</span> <span class='ocrx_word' id='word_1_28' title='bbox 1429 857 1518 912; x_wconf 90' lang='lat' dir='ltr'>cum</span> <span class='ocrx_word' id='word_1_29' title='bbox 1536 829 1671 928; x_wconf 73' lang='lat' dir='ltr'>Ediasi,</span> 
     </span>
    </p>
   </div>
   <div class='ocr_carea' id='block_1_4' title="bbox 213 942 1675 1086">
    <p class='ocr_par' dir='ltr' id='par_1_4' title="bbox 213 942 1675 1086">
     <span class='ocr_line' id='line_1_5' title="bbox 213 942 1675 1086; baseline -0.013 -16"><span class='ocrx_word' id='word_1_30' title='bbox 213 958 277 1051; x_wconf 82' lang='lat' dir='ltr'>seu</span> <span class='ocrx_word' id='word_1_31' title='bbox 299 965 556 1051; x_wconf 74' lang='lat' dir='ltr'>abstractione</span> <span class='ocrx_word' id='word_1_32' title='bbox 579 956 801 1049; x_wconf 73' lang='lat' dir='ltr'>alentibus.</span> <span class='ocrx_word' id='word_1_33' title='bbox 892 951 953 1056; x_wconf 92' lang='lat' dir='ltr'>ln</span> <span class='ocrx_word' id='word_1_34' title='bbox 975 958 1126 1055; x_wconf 92' lang='lat' dir='ltr'>tertio</span> <span class='ocrx_word' id='word_1_35' title='bbox 1146 988 1275 1049; x_wconf 84' lang='lat' dir='ltr'>aurem</span> <span class='ocrx_word' id='word_1_36' title='bbox 1301 977 1482 1086; x_wconf 86' lang='lat' dir='ltr'>genere</span> <span class='ocrx_word' id='word_1_37' title='bbox 1509 942 1675 1052; x_wconf 91' lang='lat' dir='ltr'>distin·</span> 
     </span>
    </p>
   </div>
   <div class='ocr_carea' id='block_1_5' title="bbox 215 1087 1676 1232">
    <p class='ocr_par' dir='ltr' id='par_1_5' title="bbox 215 1087 1676 1232">
     <span class='ocr_line' id='line_1_6' title="bbox 215 1087 1676 1232; baseline -0.003 -38"><span class='ocrx_word' id='word_1_38' title='bbox 215 1087 488 1232; x_wconf 75' lang='lat' dir='ltr'>guendum&#39;</span> <span class='ocrx_word' id='word_1_39' title='bbox 513 1089 595 1193; x_wconf 83' lang='lat' dir='ltr'>est.</span> <span class='ocrx_word' id='word_1_40' title='bbox 687 1106 729 1188; x_wconf 87' lang='lat' dir='ltr'>Si</span> <span class='ocrx_word' id='word_1_41' title='bbox 747 1109 849 1192; x_wconf 90' lang='lat' dir='ltr'>enirn</span> <span class='ocrx_word' id='word_1_42' title='bbox 872 1134 942 1219; x_wconf 87' lang='lat' dir='ltr'>per</span> <span class='ocrx_word' id='word_1_43' title='bbox 967 1105 1154 1190; x_wconf 90' lang='lat' dir='ltr'>visionem</span> <span class='ocrx_word' id='word_1_44' title='bbox 1172 1096 1472 1189; x_wconf 69' lang='lat' dir='ltr'>intellectualem</span> <span class='ocrx_word' id='word_1_45' title='bbox 1494 1106 1676 1191; x_wconf 89' lang='lat' dir='ltr'>videntur</span> 
     </span>
    </p>
   </div>
   <div class='ocr_carea' id='block_1_6' title="bbox 124 1223 1682 3644">
    <p class='ocr_par' dir='ltr' id='par_1_6' title="bbox 124 1223 1682 3644">
     <span class='ocr_line' id='line_1_7' title="bbox 217 1223 1674 1343; baseline -0.005 -26"><span class='ocrx_word' id='word_1_46' title='bbox 217 1229 308 1318; x_wconf 89' lang='lat' dir='ltr'>talia</span> <span class='ocrx_word' id='word_1_47' title='bbox 329 1230 484 1333; x_wconf 73' lang='lat' dir='ltr'>objecta</span> <span class='ocrx_word' id='word_1_48' title='bbox 505 1224 799 1330; x_wconf 65' lang='lat' dir='ltr'>intellectualia,</span> <span class='ocrx_word' id='word_1_49' title='bbox 828 1225 957 1343; x_wconf 89' lang='lat' dir='ltr'>qualia</span> <span class='ocrx_word' id='word_1_50' title='bbox 982 1234 1224 1340; x_wconf 85' lang='lat' dir='ltr'>reperiuntur</span> <span class='ocrx_word' id='word_1_51' title='bbox 1244 1230 1284 1309; x_wconf 92' lang='lat' dir='ltr'>in</span> <span class='ocrx_word' id='word_1_52' title='bbox 1310 1223 1387 1339; x_wconf 89' lang='lat' dir='ltr'>ipsa</span> <span class='ocrx_word' id='word_1_53' title='bbox 1410 1233 1560 1325; x_wconf 92' lang='lat' dir='ltr'>anima,</span> <span class='ocrx_word' id='word_1_54' title='bbox 1576 1257 1615 1311; x_wconf 87' lang='lat' dir='ltr'>v.</span> <span class='ocrx_word' id='word_1_55' title='bbox 1635 1257 1674 1342; x_wconf 87' lang='lat' dir='ltr'>g.</span> 
     </span>
     <span class='ocr_line' id='line_1_8' title="bbox 219 1341 1676 1457; baseline -0.006 -24"><span class='ocrx_word' id='word_1_56' title='bbox 219 1354 402 1440; x_wconf 89' lang='lat' dir='ltr'>virtutes,</span> <span class='ocrx_word' id='word_1_57' title='bbox 428 1371 561 1439; x_wconf 89' lang='lat' dir='ltr'>arnor,</span> <span class='ocrx_word' id='word_1_58' title='bbox 575 1347 733 1448; x_wconf 82' lang='lat' dir='ltr'>justitia,</span> <span class='ocrx_word' id='word_1_59' title='bbox 755 1344 935 1457; x_wconf 89' lang='lat' dir='ltr'>voluptas</span> <span class='ocrx_word' id='word_1_60' title='bbox 952 1350 1069 1429; x_wconf 90' lang='lat' dir='ltr'>animi</span> <span class='ocrx_word' id='word_1_61' title='bbox 1091 1351 1166 1427; x_wconf 77' lang='lat' dir='ltr'>&amp;e</span> <span class='ocrx_word' id='word_1_62' title='bbox 1182 1347 1272 1438; x_wconf 58' lang='grc' dir='ltr'>ἃς,</span> <span class='ocrx_word' id='word_1_63' title='bbox 1320 1347 1367 1425; x_wconf 77' lang='lat' dir='ltr'>lit</span> <span class='ocrx_word' id='word_1_64' title='bbox 1394 1341 1421 1426; x_wconf 92' lang='lat' dir='ltr'>si</span> <span class='ocrx_word' id='word_1_65' title='bbox 1450 1346 1516 1426; x_wconf 88' lang='lat' dir='ltr'>ista</span> <span class='ocrx_word' id='word_1_66' title='bbox 1537 1343 1676 1428; x_wconf 87' lang='lat' dir='ltr'>viden·</span> 
     </span>
     <span class='ocr_line' id='line_1_9' title="bbox 220 1451 1677 1575; baseline -0.005 -26"><span class='ocrx_word' id='word_1_67' title='bbox 220 1486 284 1548; x_wconf 87' lang='lat' dir='ltr'>tur</span> <span class='ocrx_word' id='word_1_68' title='bbox 306 1461 451 1546; x_wconf 89' lang='lat' dir='ltr'>eodem</span> <span class='ocrx_word' id='word_1_69' title='bbox 476 1486 619 1570; x_wconf 83' lang='lat' dir='ltr'>genere</span> <span class='ocrx_word' id='word_1_70' title='bbox 635 1457 809 1556; x_wconf 89' lang='lat' dir='ltr'>luminis,</span> <span class='ocrx_word' id='word_1_71' title='bbox 833 1488 918 1575; x_wconf 93' lang='lat' dir='ltr'>quo</span> <span class='ocrx_word' id='word_1_72' title='bbox 933 1460 1129 1544; x_wconf 72' lang='lat' dir='ltr'>ordinarie</span> <span class='ocrx_word' id='word_1_73' title='bbox 1151 1451 1276 1541; x_wconf 85' lang='lat' dir='ltr'>solent</span> <span class='ocrx_word' id='word_1_74' title='bbox 1290 1451 1498 1569; x_wconf 77' lang='lat' dir='ltr'>cognostis</span> <span class='ocrx_word' id='word_1_75' title='bbox 1524 1458 1677 1542; x_wconf 83' lang='lat' dir='ltr'>nonest</span> 
     </span>
     <span class='ocr_line' id='line_1_10' title="bbox 220 1567 1679 1677; baseline -0.006 -13"><span class='ocrx_word' id='word_1_76' title='bbox 220 1602 389 1673; x_wconf 87' lang='lat' dir='ltr'>eertum,</span> <span class='ocrx_word' id='word_1_77' title='bbox 406 1572 592 1658; x_wconf 84' lang='lat' dir='ltr'>visionem</span> <span class='ocrx_word' id='word_1_78' title='bbox 612 1571 688 1658; x_wconf 83' lang='lat' dir='ltr'>elle</span> <span class='ocrx_word' id='word_1_79' title='bbox 704 1571 727 1658; x_wconf 77' lang='lat' dir='ltr'>i</span> <span class='ocrx_word' id='word_1_80' title='bbox 744 1580 848 1660; x_wconf 86' lang='lat' dir='ltr'>Deo.</span> <span class='ocrx_word' id='word_1_81' title='bbox 933 1576 974 1658; x_wconf 88' lang='lat' dir='ltr'>Si</span> <span class='ocrx_word' id='word_1_82' title='bbox 1005 1574 1101 1659; x_wconf 86' lang='lat' dir='ltr'>verd</span> <span class='ocrx_word' id='word_1_83' title='bbox 1119 1569 1208 1658; x_wconf 88' lang='lat' dir='ltr'>ralia</span> <span class='ocrx_word' id='word_1_84' title='bbox 1226 1571 1378 1677; x_wconf 72' lang='lat' dir='ltr'>objecta</span> <span class='ocrx_word' id='word_1_85' title='bbox 1404 1567 1679 1659; x_wconf 70' lang='lat' dir='ltr'>intelleiiualia</span> 
     </span>
     <span class='ocr_line' id='line_1_11' title="bbox 219 1682 1677 1804; baseline -0.005 -25"><span class='ocrx_word' id='word_1_86' title='bbox 219 1690 291 1780; x_wconf 91' lang='lat' dir='ltr'>sint</span> <span class='ocrx_word' id='word_1_87' title='bbox 313 1686 435 1802; x_wconf 72' lang='lat' dir='ltr'>longe</span> <span class='ocrx_word' id='word_1_88' title='bbox 457 1684 602 1773; x_wconf 86' lang='lat' dir='ltr'>altioris</span> <span class='ocrx_word' id='word_1_89' title='bbox 625 1691 798 1791; x_wconf 81' lang='lat' dir='ltr'>ordinis,</span> <span class='ocrx_word' id='word_1_90' title='bbox 812 1687 934 1804; x_wconf 73' lang='lat' dir='ltr'>quim</span> <span class='ocrx_word' id='word_1_91' title='bbox 952 1683 1017 1772; x_wconf 91' lang='lat' dir='ltr'>illa</span> <span class='ocrx_word' id='word_1_92' title='bbox 1038 1682 1249 1776; x_wconf 82' lang='lat' dir='ltr'>naturalias</span> <span class='ocrx_word' id='word_1_93' title='bbox 1278 1692 1316 1770; x_wconf 83' lang='grc' dir='ltr'>δι</span> <span class='ocrx_word' id='word_1_94' title='bbox 1343 1686 1370 1772; x_wconf 86' lang='lat' dir='ltr'>fi</span> <span class='ocrx_word' id='word_1_95' title='bbox 1391 1686 1546 1801; x_wconf 90' lang='lat' dir='ltr'>insuper</span> <span class='ocrx_word' id='word_1_96' title='bbox 1564 1688 1677 1772; x_wconf 90' lang='lat' dir='ltr'>vide-</span> 
     </span>
     <span class='ocr_line' id='line_1_12' title="bbox 222 1786 1675 1919; baseline -0.004 -27"><span class='ocrx_word' id='word_1_97' title='bbox 222 1832 337 1892; x_wconf 87' lang='lat' dir='ltr'>antur</span> <span class='ocrx_word' id='word_1_98' title='bbox 356 1809 397 1889; x_wconf 90' lang='lat' dir='ltr'>in</span> <span class='ocrx_word' id='word_1_99' title='bbox 418 1799 497 1888; x_wconf 88' lang='lat' dir='ltr'>alio</span> <span class='ocrx_word' id='word_1_100' title='bbox 515 1799 684 1903; x_wconf 88' lang='lat' dir='ltr'>lumine,</span> <span class='ocrx_word' id='word_1_101' title='bbox 699 1805 814 1919; x_wconf 91' lang='lat' dir='ltr'>quod</span> <span class='ocrx_word' id='word_1_102' title='bbox 836 1829 927 1888; x_wconf 91' lang='lat' dir='ltr'>roto</span> <span class='ocrx_word' id='word_1_103' title='bbox 950 1831 1094 1918; x_wconf 84' lang='lat' dir='ltr'>genere</span> <span class='ocrx_word' id='word_1_104' title='bbox 1114 1797 1302 1887; x_wconf 90' lang='lat' dir='ltr'>diversum</span> <span class='ocrx_word' id='word_1_105' title='bbox 1320 1805 1374 1884; x_wconf 87' lang='lat' dir='ltr'>est</span> <span class='ocrx_word' id='word_1_106' title='bbox 1393 1801 1416 1886; x_wconf 74' lang='lat' dir='ltr'>i</span> <span class='ocrx_word' id='word_1_107' title='bbox 1438 1786 1585 1888; x_wconf 88' lang='lat' dir='ltr'>sumine</span> <span class='ocrx_word' id='word_1_108' title='bbox 1606 1829 1675 1886; x_wconf 83' lang='lat' dir='ltr'>na·</span> 
     </span>
     <span class='ocr_line' id='line_1_13' title="bbox 222 1912 1676 2019; baseline -0.004 -11"><span class='ocrx_word' id='word_1_109' title='bbox 222 1916 336 2008; x_wconf 85' lang='lat' dir='ltr'>rurali</span> <span class='ocrx_word' id='word_1_110' title='bbox 359 1920 579 2018; x_wconf 92' lang='lat' dir='ltr'>ordinario,</span> <span class='ocrx_word' id='word_1_111' title='bbox 593 1944 686 2003; x_wconf 90' lang='lat' dir='ltr'>ruric</span> <span class='ocrx_word' id='word_1_112' title='bbox 711 1945 857 2005; x_wconf 86' lang='lat' dir='ltr'>eertuni</span> <span class='ocrx_word' id='word_1_113' title='bbox 877 1923 951 2019; x_wconf 85' lang='lat' dir='ltr'>est,</span> <span class='ocrx_word' id='word_1_114' title='bbox 970 1919 1155 2004; x_wconf 83' lang='lat' dir='ltr'>visionem</span> <span class='ocrx_word' id='word_1_115' title='bbox 1179 1912 1300 2004; x_wconf 75' lang='lat' dir='ltr'>essea</span> <span class='ocrx_word' id='word_1_116' title='bbox 1323 1913 1407 1999; x_wconf 92' lang='lat' dir='ltr'>solo</span> <span class='ocrx_word' id='word_1_117' title='bbox 1436 1922 1543 2004; x_wconf 84' lang='lat' dir='ltr'>Deo.</span> <span class='ocrx_word' id='word_1_118' title='bbox 1628 1917 1676 2002; x_wconf 92' lang='lat' dir='ltr'>ld</span> 
     </span>
     <span class='ocr_line' id='line_1_14' title="bbox 221 2029 1676 2149; baseline -0.001 -28"><span class='ocrx_word' id='word_1_119' title='bbox 221 2038 339 2133; x_wconf 83' lang='lat' dir='ltr'>verb,</span> <span class='ocrx_word' id='word_1_120' title='bbox 360 2061 408 2119; x_wconf 90' lang='lat' dir='ltr'>an</span> <span class='ocrx_word' id='word_1_121' title='bbox 426 2039 468 2117; x_wconf 79' lang='grc' dir='ltr'>δι</span> <span class='ocrx_word' id='word_1_122' title='bbox 487 2033 747 2149; x_wconf 63' lang='lat' dir='ltr'>objectaque</span> <span class='ocrx_word' id='word_1_123' title='bbox 768 2035 969 2130; x_wconf 90' lang='lat' dir='ltr'>videntur,</span> <span class='ocrx_word' id='word_1_124' title='bbox 997 2040 1033 2118; x_wconf 82' lang='lat' dir='ltr'>dt</span> <span class='ocrx_word' id='word_1_125' title='bbox 1056 2029 1213 2133; x_wconf 92' lang='lat' dir='ltr'>lumen,</span> <span class='ocrx_word' id='word_1_126' title='bbox 1229 2038 1268 2116; x_wconf 92' lang='lat' dir='ltr'>in</span> <span class='ocrx_word' id='word_1_127' title='bbox 1288 2060 1373 2146; x_wconf 92' lang='lat' dir='ltr'>quo</span> <span class='ocrx_word' id='word_1_128' title='bbox 1392 2033 1592 2131; x_wconf 89' lang='lat' dir='ltr'>videntur,</span> <span class='ocrx_word' id='word_1_129' title='bbox 1608 2061 1676 2119; x_wconf 89' lang='lat' dir='ltr'>eit·</span> 
     </span>
     <span class='ocr_line' id='line_1_15' title="bbox 222 2142 1679 2262; baseline -0.003 -25"><span class='ocrx_word' id='word_1_130' title='bbox 222 2151 366 2237; x_wconf 84' lang='lat' dir='ltr'>cedant</span> <span class='ocrx_word' id='word_1_131' title='bbox 387 2173 478 2234; x_wconf 91' lang='lat' dir='ltr'>toto</span> <span class='ocrx_word' id='word_1_132' title='bbox 498 2175 641 2262; x_wconf 84' lang='lat' dir='ltr'>genere</span> <span class='ocrx_word' id='word_1_133' title='bbox 690 2143 885 2235; x_wconf 87' lang='lat' dir='ltr'>ualitatem</span> <span class='ocrx_word' id='word_1_134' title='bbox 902 2148 1147 2257; x_wconf 74' lang='lat' dir='ltr'>objediorum</span> <span class='ocrx_word' id='word_1_135' title='bbox 1167 2142 1412 2234; x_wconf 87' lang='lat' dir='ltr'>&amp;luminum</span> <span class='ocrx_word' id='word_1_136' title='bbox 1435 2145 1679 2234; x_wconf 66' lang='lat' dir='ltr'>intellectua-</span> 
     </span>
     <span class='ocr_line' id='line_1_16' title="bbox 223 2179 1676 2377; baseline -0.004 -24"><span class='ocrx_word' id='word_1_137' title='bbox 223 2263 317 2352; x_wconf 87' lang='lat' dir='ltr'>lium</span> <span class='ocrx_word' id='word_1_138' title='bbox 342 2258 594 2360; x_wconf 79' lang='lat' dir='ltr'>naturalium,</span> <span class='ocrx_word' id='word_1_139' title='bbox 621 2179 745 2348; x_wconf 75' lang='lat' dir='ltr'>sosdm</span> <span class='ocrx_word' id='word_1_140' title='bbox 769 2267 897 2377; x_wconf 88' lang='lat' dir='ltr'>potest</span> <span class='ocrx_word' id='word_1_141' title='bbox 920 2262 970 2348; x_wconf 94' lang='lat' dir='ltr'>ab</span> <span class='ocrx_word' id='word_1_142' title='bbox 992 2268 1225 2376; x_wconf 86' lang='lat' dir='ltr'>experientia</span> <span class='ocrx_word' id='word_1_143' title='bbox 1247 2291 1384 2348; x_wconf 90' lang='lat' dir='ltr'>eorum</span> <span class='ocrx_word' id='word_1_144' title='bbox 1414 2292 1553 2349; x_wconf 91' lang='lat' dir='ltr'>norum</span> <span class='ocrx_word' id='word_1_145' title='bbox 1574 2259 1676 2363; x_wconf 88' lang='lat' dir='ltr'>elle,</span> 
     </span>
     <span class='ocr_line' id='line_1_17' title="bbox 225 2374 1677 2496; baseline -0.001 -32"><span class='ocrx_word' id='word_1_146' title='bbox 225 2382 355 2496; x_wconf 91' lang='lat' dir='ltr'>quiin</span> <span class='ocrx_word' id='word_1_147' title='bbox 378 2381 543 2491; x_wconf 90' lang='lat' dir='ltr'>propriis</span> <span class='ocrx_word' id='word_1_148' title='bbox 563 2378 713 2462; x_wconf 74' lang='lat' dir='ltr'>aclibus</span> <span class='ocrx_word' id='word_1_149' title='bbox 735 2374 1057 2464; x_wconf 69' lang='lat' dir='ltr'>intellectualibus</span> <span class='ocrx_word' id='word_1_150' title='bbox 1082 2383 1278 2463; x_wconf 89' lang='lat' dir='ltr'>attentiori</span> <span class='ocrx_word' id='word_1_151' title='bbox 1300 2385 1578 2465; x_wconf 85' lang='lat' dir='ltr'>exercitatione</span> <span class='ocrx_word' id='word_1_152' title='bbox 1595 2405 1677 2462; x_wconf 84' lang='lat' dir='ltr'>ma·</span> 
     </span>
     <span class='ocr_line' id='line_1_18' title="bbox 124 2487 1677 2607; baseline -0.002 -27"><span class='ocrx_word' id='word_1_153' title='bbox 124 2521 126 2525; x_wconf 75' lang='grc'>’</span> <span class='ocrx_word' id='word_1_154' title='bbox 193 2580 197 2586; x_wconf 84' lang='grc'><em>,</em></span> <span class='ocrx_word' id='word_1_155' title='bbox 224 2503 347 2603; x_wconf 74' lang='lat' dir='ltr'>iorem</span> <span class='ocrx_word' id='word_1_156' title='bbox 366 2494 515 2607; x_wconf 88' lang='lat' dir='ltr'>gustum</span> <span class='ocrx_word' id='word_1_157' title='bbox 539 2518 584 2577; x_wconf 91' lang='lat' dir='ltr'>ac</span> <span class='ocrx_word' id='word_1_158' title='bbox 604 2487 769 2590; x_wconf 88' lang='lat' dir='ltr'>sensum,</span> <span class='ocrx_word' id='word_1_159' title='bbox 784 2519 850 2578; x_wconf 88' lang='lat' dir='ltr'>aut</span> <span class='ocrx_word' id='word_1_160' title='bbox 867 2494 1018 2578; x_wconf 91' lang='lat' dir='ltr'>donum</span> <span class='ocrx_word' id='word_1_161' title='bbox 1042 2493 1281 2578; x_wconf 79' lang='lat' dir='ltr'>discretionis</span> <span class='ocrx_word' id='word_1_162' title='bbox 1306 2493 1465 2580; x_wconf 89' lang='lat' dir='ltr'>liabent.</span> <span class='ocrx_word' id='word_1_163' title='bbox 1583 2499 1677 2578; x_wconf 75' lang='lat' dir='ltr'>Hac</span> 
     </span>
     <span class='ocr_line' id='line_1_19' title="bbox 224 2603 1675 2727; baseline -0.002 -32"><span class='ocrx_word' id='word_1_164' title='bbox 224 2606 377 2727; x_wconf 86' lang='lat' dir='ltr'>prolixa</span> <span class='ocrx_word' id='word_1_165' title='bbox 400 2603 567 2722; x_wconf 84' lang='lat' dir='ltr'>Regula,</span> <span class='ocrx_word' id='word_1_166' title='bbox 584 2636 673 2724; x_wconf 86' lang='lat' dir='ltr'>quae</span> <span class='ocrx_word' id='word_1_167' title='bbox 687 2610 742 2693; x_wconf 90' lang='lat' dir='ltr'>est</span> <span class='ocrx_word' id='word_1_168' title='bbox 762 2614 861 2693; x_wconf 90' lang='lat' dir='ltr'>inter</span> <span class='ocrx_word' id='word_1_169' title='bbox 876 2603 1186 2693; x_wconf 85' lang='lat' dir='ltr'>fundamentales</span> <span class='ocrx_word' id='word_1_170' title='bbox 1208 2613 1246 2691; x_wconf 92' lang='lat' dir='ltr'>iri</span> <span class='ocrx_word' id='word_1_171' title='bbox 1271 2611 1345 2692; x_wconf 89' lang='lat' dir='ltr'>hac</span> <span class='ocrx_word' id='word_1_172' title='bbox 1362 2613 1542 2705; x_wconf 82' lang='lat' dir='ltr'>materia,</span> <span class='ocrx_word' id='word_1_173' title='bbox 1562 2614 1602 2692; x_wconf 80' lang='lat' dir='ltr'>dt</span> <span class='ocrx_word' id='word_1_174' title='bbox 1623 2609 1675 2692; x_wconf 87' lang='lat' dir='ltr'>ab</span> 
     </span>
     <span class='ocr_line' id='line_1_20' title="bbox 225 2721 1679 2839; baseline 0 -29"><span class='ocrx_word' id='word_1_175' title='bbox 225 2723 454 2811; x_wconf 85' lang='lat' dir='ltr'>authoribus</span> <span class='ocrx_word' id='word_1_176' title='bbox 472 2722 694 2839; x_wconf 87' lang='lat' dir='ltr'>plerisque,</span> <span class='ocrx_word' id='word_1_177' title='bbox 731 2721 930 2836; x_wconf 80' lang='lat' dir='ltr'>prasertim</span> <span class='ocrx_word' id='word_1_178' title='bbox 947 2721 971 2809; x_wconf 78' lang='lat' dir='ltr'>ai</span> <span class='ocrx_word' id='word_1_179' title='bbox 992 2728 1032 2810; x_wconf 88' lang='lat' dir='ltr'>S.</span> <span class='ocrx_word' id='word_1_180' title='bbox 1048 2722 1261 2821; x_wconf 86' lang='lat' dir='ltr'>Theresia,</span> <span class='ocrx_word' id='word_1_181' title='bbox 1291 2730 1328 2808; x_wconf 80' lang='lat' dir='ltr'>dr</span> <span class='ocrx_word' id='word_1_182' title='bbox 1356 2726 1395 2808; x_wconf 86' lang='lat' dir='ltr'>S.</span> <span class='ocrx_word' id='word_1_183' title='bbox 1409 2730 1564 2830; x_wconf 92' lang='lat' dir='ltr'>Joanne</span> <span class='ocrx_word' id='word_1_184' title='bbox 1589 2723 1679 2811; x_wconf 74' lang='lat' dir='ltr'>aS.</span> 
     </span>
     <span class='ocr_line' id='line_1_21' title="bbox 226 2834 1678 2957; baseline 0 -32"><span class='ocrx_word' id='word_1_185' title='bbox 226 2844 358 2926; x_wconf 87' lang='lat' dir='ltr'>Cruce</span> <span class='ocrx_word' id='word_1_186' title='bbox 384 2843 484 2922; x_wconf 91' lang='lat' dir='ltr'>inter</span> <span class='ocrx_word' id='word_1_187' title='bbox 505 2843 700 2950; x_wconf 91' lang='lat' dir='ltr'>primarias</span> <span class='ocrx_word' id='word_1_188' title='bbox 732 2844 920 2951; x_wconf 90' lang='lat' dir='ltr'>ponitur,</span> <span class='ocrx_word' id='word_1_189' title='bbox 958 2839 1044 2924; x_wconf 71' lang='lat' dir='ltr'>frisi</span> <span class='ocrx_word' id='word_1_190' title='bbox 1065 2834 1277 2951; x_wconf 83' lang='lat' dir='ltr'>explicatur</span> <span class='ocrx_word' id='word_1_191' title='bbox 1296 2834 1601 2957; x_wconf 73' lang='lat' dir='ltr'>aS.Airgusiirio</span> <span class='ocrx_word' id='word_1_192' title='bbox 1630 2834 1678 2925; x_wconf 80' lang='lat' dir='ltr'>de</span> 
     </span>
     <span class='ocr_line' id='line_1_22' title="bbox 229 2949 1678 3069; baseline -0.003 -26"><span class='ocrx_word' id='word_1_193' title='bbox 229 2954 365 3065; x_wconf 77' lang='lat' dir='ltr'>Grnefi</span> <span class='ocrx_word' id='word_1_194' title='bbox 383 2949 437 3039; x_wconf 80' lang='lat' dir='ltr'>ars</span> <span class='ocrx_word' id='word_1_195' title='bbox 453 2954 548 3038; x_wconf 78' lang='lat' dir='ltr'>Liri.</span> <span class='ocrx_word' id='word_1_196' title='bbox 564 2954 609 3041; x_wconf 84' lang='lat' dir='ltr'>L.</span> <span class='ocrx_word' id='word_1_197' title='bbox 626 2981 639 3036; x_wconf 90' lang='lat' dir='ltr'>i</span> <span class='ocrx_word' id='word_1_198' title='bbox 654 2983 691 3038; x_wconf 82' lang='lat' dir='ltr'>i.</span> <span class='ocrx_word' id='word_1_199' title='bbox 707 2980 798 3037; x_wconf 91' lang='lat' dir='ltr'>toto</span> <span class='ocrx_word' id='word_1_200' title='bbox 816 2953 840 3040; x_wconf 72' lang='lat' dir='ltr'>a</span> <span class='ocrx_word' id='word_1_201' title='bbox 857 2954 908 3037; x_wconf 90' lang='lat' dir='ltr'>C.</span> <span class='ocrx_word' id='word_1_202' title='bbox 925 2981 959 3038; x_wconf 92' lang='lat' dir='ltr'>i.</span> <span class='ocrx_word' id='word_1_203' title='bbox 975 2959 1018 3053; x_wconf 63' lang='grc' dir='ltr'>δι,</span> <span class='ocrx_word' id='word_1_204' title='bbox 1035 2949 1294 3069; x_wconf 87' lang='lat' dir='ltr'>sequentibus.</span> <span class='ocrx_word' id='word_1_205' title='bbox 1317 2958 1370 3041; x_wconf 86' lang='lat' dir='ltr'>C.</span> <span class='ocrx_word' id='word_1_206' title='bbox 1394 2988 1428 3040; x_wconf 92' lang='lat' dir='ltr'>r.</span> <span class='ocrx_word' id='word_1_207' title='bbox 1458 2968 1486 3009; x_wconf 88' lang='lat'>“</span> <span class='ocrx_word' id='word_1_208' title='bbox 1503 2956 1678 3066; x_wconf 83' lang='lat' dir='ltr'>Aposto-</span> 
     </span>
     <span class='ocr_line' id='line_1_23' title="bbox 227 3065 1680 3179; baseline 0.001 -25"><span class='ocrx_word' id='word_1_209' title='bbox 227 3127 256 3176; x_wconf 88' lang='lat'>„</span> <span class='ocrx_word' id='word_1_210' title='bbox 266 3067 325 3156; x_wconf 92' lang='lat' dir='ltr'>lus</span> <span class='ocrx_word' id='word_1_211' title='bbox 343 3070 438 3154; x_wconf 90' lang='lat' dir='ltr'>dicit</span> <span class='ocrx_word' id='word_1_212' title='bbox 456 3103 466 3153; x_wconf 81' lang='lat' dir='ltr'>r</span> <span class='ocrx_word' id='word_1_213' title='bbox 494 3069 586 3152; x_wconf 89' lang='lat' dir='ltr'>Scio</span> <span class='ocrx_word' id='word_1_214' title='bbox 604 3069 803 3153; x_wconf 85' lang='lat' dir='ltr'>hominem</span> <span class='ocrx_word' id='word_1_215' title='bbox 824 3093 974 3179; x_wconf 88' lang='lat' dir='ltr'>raptum</span> <span class='ocrx_word' id='word_1_216' title='bbox 994 3074 1034 3152; x_wconf 89' lang='lat' dir='ltr'>in</span> <span class='ocrx_word' id='word_1_217' title='bbox 1059 3073 1215 3154; x_wconf 91' lang='lat' dir='ltr'>tertium</span> <span class='ocrx_word' id='word_1_218' title='bbox 1248 3065 1392 3154; x_wconf 84' lang='lat' dir='ltr'>coelum</span> <span class='ocrx_word' id='word_1_219' title='bbox 1423 3076 1499 3156; x_wconf 80' lang='lat' dir='ltr'>dec.</span> <span class='ocrx_word' id='word_1_220' title='bbox 1554 3073 1598 3154; x_wconf 90' lang='lat' dir='ltr'>ln</span> <span class='ocrx_word' id='word_1_221' title='bbox 1618 3071 1680 3156; x_wconf 87' lang='lat' dir='ltr'>liis</span> 
     </span>
     <span class='ocr_line' id='line_1_24' title="bbox 225 3178 1680 3298; baseline 0.001 -28"><span class='ocrx_word' id='word_1_222' title='bbox 225 3185 395 3288; x_wconf 86' lang='lat' dir='ltr'>„verbis</span> <span class='ocrx_word' id='word_1_223' title='bbox 444 3188 533 3268; x_wconf 80' lang='lat' dir='ltr'>ueri</span> <span class='ocrx_word' id='word_1_224' title='bbox 553 3178 673 3281; x_wconf 92' lang='lat' dir='ltr'>solet,</span> <span class='ocrx_word' id='word_1_225' title='bbox 691 3182 793 3298; x_wconf 84' lang='lat' dir='ltr'>quid</span> <span class='ocrx_word' id='word_1_226' title='bbox 814 3184 919 3268; x_wconf 87' lang='lat' dir='ltr'>dicat</span> <span class='ocrx_word' id='word_1_227' title='bbox 934 3189 1091 3268; x_wconf 88' lang='lat' dir='ltr'>tertium</span> <span class='ocrx_word' id='word_1_228' title='bbox 1109 3179 1283 3269; x_wconf 74' lang='lat' dir='ltr'>coelum?</span> <span class='ocrx_word' id='word_1_229' title='bbox 1342 3211 1467 3271; x_wconf 90' lang='lat' dir='ltr'>utrum</span> <span class='ocrx_word' id='word_1_230' title='bbox 1493 3191 1532 3269; x_wconf 93' lang='lat' dir='ltr'>in</span> <span class='ocrx_word' id='word_1_231' title='bbox 1561 3186 1680 3271; x_wconf 81' lang='lat' dir='ltr'>rebus</span> 
     </span>
     <span class='ocr_line' id='line_1_25' title="bbox 226 3213 1681 3413; baseline 0.001 -27"><span class='ocrx_word' id='word_1_232' title='bbox 226 3213 553 3413; x_wconf 56' lang='lat' dir='ltr'>„eorporilibun</span> <span class='ocrx_word' id='word_1_233' title='bbox 594 3325 643 3383; x_wconf 91' lang='lat' dir='ltr'>an</span> <span class='ocrx_word' id='word_1_234' title='bbox 659 3299 764 3383; x_wconf 88' lang='lat' dir='ltr'>forte</span> <span class='ocrx_word' id='word_1_235' title='bbox 780 3303 821 3383; x_wconf 93' lang='lat' dir='ltr'>in</span> <span class='ocrx_word' id='word_1_236' title='bbox 843 3295 1100 3411; x_wconf 88' lang='lat' dir='ltr'>spiritualibus</span> <span class='ocrx_word' id='word_1_237' title='bbox 1125 3294 1420 3413; x_wconf 87' lang='lat' dir='ltr'>intelligendum</span> <span class='ocrx_word' id='word_1_238' title='bbox 1441 3301 1516 3388; x_wconf 79' lang='lat' dir='ltr'>sit?</span> <span class='ocrx_word' id='word_1_239' title='bbox 1574 3306 1681 3387; x_wconf 87' lang='lat' dir='ltr'>cuin</span> 
     </span>
     <span class='ocr_line' id='line_1_26' title="bbox 227 3409 1681 3530; baseline 0 -29"><span class='ocrx_word' id='word_1_240' title='bbox 227 3421 368 3522; x_wconf 90' lang='lat' dir='ltr'>„enirn</span> <span class='ocrx_word' id='word_1_241' title='bbox 388 3410 450 3499; x_wconf 88' lang='lat' dir='ltr'>vel</span> <span class='ocrx_word' id='word_1_242' title='bbox 467 3412 663 3499; x_wconf 87' lang='lat' dir='ltr'>insomnis</span> <span class='ocrx_word' id='word_1_243' title='bbox 679 3409 744 3499; x_wconf 90' lang='lat' dir='ltr'>vel</span> <span class='ocrx_word' id='word_1_244' title='bbox 761 3419 802 3498; x_wconf 91' lang='lat' dir='ltr'>in</span> <span class='ocrx_word' id='word_1_245' title='bbox 821 3412 941 3501; x_wconf 75' lang='lat' dir='ltr'>Etiasi</span> <span class='ocrx_word' id='word_1_246' title='bbox 964 3442 1173 3526; x_wconf 89' lang='lat' dir='ltr'>corporum</span> <span class='ocrx_word' id='word_1_247' title='bbox 1188 3425 1452 3527; x_wconf 86' lang='lat' dir='ltr'>exprimuntur</span> <span class='ocrx_word' id='word_1_248' title='bbox 1471 3420 1681 3530; x_wconf 83' lang='lat' dir='ltr'>imagines,</span> 
     </span>
     <span class='ocr_line' id='line_1_27' title="bbox 228 3525 1682 3644; baseline 0.001 -30"><span class='ocrx_word' id='word_1_249' title='bbox 228 3558 350 3631; x_wconf 91' lang='lat' dir='ltr'>„non</span> <span class='ocrx_word' id='word_1_250' title='bbox 371 3525 632 3614; x_wconf 88' lang='lat' dir='ltr'>discernuntur</span> <span class='ocrx_word' id='word_1_251' title='bbox 650 3534 813 3614; x_wconf 90' lang='lat' dir='ltr'>omnino</span> <span class='ocrx_word' id='word_1_252' title='bbox 832 3528 856 3616; x_wconf 71' lang='grc' dir='ltr'>ὲ</span> <span class='ocrx_word' id='word_1_253' title='bbox 878 3533 1133 3644; x_wconf 88' lang='lat' dir='ltr'>corporibus,</span> <span class='ocrx_word' id='word_1_254' title='bbox 1152 3530 1220 3615; x_wconf 94' lang='lat' dir='ltr'>nisi</span> <span class='ocrx_word' id='word_1_255' title='bbox 1245 3559 1332 3615; x_wconf 93' lang='lat' dir='ltr'>cuni</span> <span class='ocrx_word' id='word_1_256' title='bbox 1357 3535 1484 3616; x_wconf 88' lang='lat' dir='ltr'>homo</span> <span class='ocrx_word' id='word_1_257' title='bbox 1505 3534 1682 3617; x_wconf 87' lang='lat' dir='ltr'>redditus</span> 
     </span>
    </p>
   </div>
   <div class='ocr_carea' id='block_1_7' title="bbox 229 3640 1681 4077">
    <p class='ocr_par' dir='ltr' id='par_1_7' title="bbox 229 3640 1681 4077">
     <span class='ocr_line' id='line_1_28' title="bbox 229 3640 1681 3763; baseline -0.001 -31"><span class='ocrx_word' id='word_1_258' title='bbox 229 3643 433 3750; x_wconf 89' lang='lat' dir='ltr'>„sensibus</span> <span class='ocrx_word' id='word_1_259' title='bbox 453 3650 630 3755; x_wconf 89' lang='lat' dir='ltr'>corporis</span> <span class='ocrx_word' id='word_1_260' title='bbox 645 3646 920 3759; x_wconf 86' lang='lat' dir='ltr'>recognoscit,</span> <span class='ocrx_word' id='word_1_261' title='bbox 960 3640 998 3729; x_wconf 92' lang='lat' dir='ltr'>se</span> <span class='ocrx_word' id='word_1_262' title='bbox 1022 3653 1062 3730; x_wconf 94' lang='lat' dir='ltr'>in</span> <span class='ocrx_word' id='word_1_263' title='bbox 1086 3640 1159 3730; x_wconf 87' lang='lat' dir='ltr'>illis</span> <span class='ocrx_word' id='word_1_264' title='bbox 1180 3642 1288 3730; x_wconf 83' lang='lat' dir='ltr'>fuisse</span> <span class='ocrx_word' id='word_1_265' title='bbox 1311 3651 1563 3763; x_wconf 88' lang='lat' dir='ltr'>imaginibus,</span> <span class='ocrx_word' id='word_1_266' title='bbox 1580 3674 1681 3761; x_wconf 88' lang='lat' dir='ltr'>quas</span> 
     </span>
     <span class='ocr_line' id='line_1_29' title="bbox 230 3753 1681 3873; baseline 0.001 -27"><span class='ocrx_word' id='word_1_267' title='bbox 230 3787 352 3865; x_wconf 90' lang='lat' dir='ltr'>„nori</span> <span class='ocrx_word' id='word_1_268' title='bbox 370 3784 440 3868; x_wconf 89' lang='lat' dir='ltr'>per</span> <span class='ocrx_word' id='word_1_269' title='bbox 455 3753 601 3844; x_wconf 87' lang='lat' dir='ltr'>sensum</span> <span class='ocrx_word' id='word_1_270' title='bbox 623 3767 800 3873; x_wconf 87' lang='lat' dir='ltr'>corporis</span> <span class='ocrx_word' id='word_1_271' title='bbox 821 3761 1035 3847; x_wconf 87' lang='lat' dir='ltr'>hauriebat.</span> <span class='ocrx_word' id='word_1_272' title='bbox 1122 3767 1221 3871; x_wconf 86' lang='lat' dir='ltr'>Quis</span> <span class='ocrx_word' id='word_1_273' title='bbox 1244 3769 1347 3847; x_wconf 90' lang='lat' dir='ltr'>enim</span> <span class='ocrx_word' id='word_1_274' title='bbox 1364 3825 1375 3865; x_wconf 89' lang='lat'>‚</span> <span class='ocrx_word' id='word_1_275' title='bbox 1392 3765 1517 3849; x_wconf 78' lang='lat' dir='ltr'>cumi</span> <span class='ocrx_word' id='word_1_276' title='bbox 1538 3761 1681 3847; x_wconf 84' lang='lat' dir='ltr'>somno</span> 
     </span>
     <span class='ocr_line' id='line_1_30' title="bbox 229 3869 1680 4077; baseline -0.001 -114"><span class='ocrx_word' id='word_1_277' title='bbox 229 3869 528 3990; x_wconf 61' lang='lat' dir='ltr'>,evigilaverin</span> <span class='ocrx_word' id='word_1_278' title='bbox 544 3902 624 3959; x_wconf 91' lang='lat' dir='ltr'>nori</span> <span class='ocrx_word' id='word_1_279' title='bbox 639 3878 837 3962; x_wconf 53' lang='lat' dir='ltr'>’continuo</span> <span class='ocrx_word' id='word_1_280' title='bbox 856 3874 990 3960; x_wconf 86' lang='lat' dir='ltr'>sentiat</span> <span class='ocrx_word' id='word_1_281' title='bbox 1005 3880 1224 3990; x_wconf 89' lang='lat' dir='ltr'>imaginaria</span> <span class='ocrx_word' id='word_1_282' title='bbox 1248 3874 1378 3976; x_wconf 82' lang='lat' dir='ltr'>sutile,</span> <span class='ocrx_word' id='word_1_283' title='bbox 1396 3907 1484 4077; x_wconf 72' lang='lat' dir='ltr'>puae</span> <span class='ocrx_word' id='word_1_284' title='bbox 1506 3881 1680 3980; x_wconf 86' lang='lat' dir='ltr'>videbat,</span> 
     </span>
    </p>
   </div>
   <div class='ocr_carea' id='block_1_8' title="bbox 227 3986 1682 4108">
    <p class='ocr_par' dir='ltr' id='par_1_8' title="bbox 227 3986 1682 4108">
     <span class='ocr_line' id='line_1_31' title="bbox 227 3986 1682 4108; baseline -0.009 -15"><span class='ocrx_word' id='word_1_285' title='bbox 227 3995 448 4108; x_wconf 65' lang='lat' dir='ltr'>»quamvis</span> <span class='ocrx_word' id='word_1_286' title='bbox 472 4016 622 4073; x_wconf 87' lang='lat' dir='ltr'>cumea</span> <span class='ocrx_word' id='word_1_287' title='bbox 645 3992 820 4090; x_wconf 89' lang='lat' dir='ltr'>videret,</span> <span class='ocrx_word' id='word_1_288' title='bbox 835 3991 1035 4075; x_wconf 87' lang='lat' dir='ltr'>dormieris</span> <span class='ocrx_word' id='word_1_289' title='bbox 1057 3986 1336 4105; x_wconf 82' lang='lat' dir='ltr'>aivigilantium</span> <span class='ocrx_word' id='word_1_290' title='bbox 1359 4000 1395 4077; x_wconf 90' lang='lat' dir='ltr'>vi</span> <span class='ocrx_word' id='word_1_291' title='bbox 1410 4023 1443 4076; x_wconf 87' lang='lat' dir='ltr'>is</span> <span class='ocrx_word' id='word_1_292' title='bbox 1468 3990 1682 4105; x_wconf 82' lang='lat' dir='ltr'>corporali-</span> 
     </span>
    </p>
   </div>
   <div class='ocr_carea' id='block_1_9' title="bbox 81 4102 1682 4222">
    <p class='ocr_par' dir='ltr' id='par_1_9' title="bbox 81 4102 1682 4222">
     <span class='ocr_line' id='line_1_32' title="bbox 81 4102 1682 4222; baseline 0.001 -29"><span class='ocrx_word' id='word_1_293' title='bbox 81 4122 91 4201; x_wconf 70' lang='grc' dir='ltr'>ᾖ</span> <span class='ocrx_word' id='word_1_294' title='bbox 232 4109 345 4209; x_wconf 91' lang='lat' dir='ltr'>„bus</span> <span class='ocrx_word' id='word_1_295' title='bbox 371 4103 585 4192; x_wconf 87' lang='lat' dir='ltr'>discernere</span> <span class='ocrx_word' id='word_1_296' title='bbox 608 4133 691 4189; x_wconf 91' lang='lat' dir='ltr'>non</span> <span class='ocrx_word' id='word_1_297' title='bbox 713 4102 908 4190; x_wconf 80' lang='lat' dir='ltr'>valebat?</span> <span class='ocrx_word' id='word_1_298' title='bbox 961 4106 1040 4191; x_wconf 88' lang='lat' dir='ltr'>Sed</span> <span class='ocrx_word' id='word_1_299' title='bbox 1062 4105 1153 4205; x_wconf 83' lang='lat' dir='ltr'>li(a&#39;</span> <span class='ocrx_word' id='word_1_300' title='bbox 1178 4104 1387 4207; x_wconf 84' lang='lat' dir='ltr'>D.Paulo)</span> <span class='ocrx_word' id='word_1_301' title='bbox 1414 4137 1519 4194; x_wconf 86' lang='lat' dir='ltr'>extra</span> <span class='ocrx_word' id='word_1_302' title='bbox 1539 4137 1682 4222; x_wconf 87' lang='lat' dir='ltr'>eorpus</span> 
     </span>
    </p>
   </div>
   <div class='ocr_carea' id='block_1_10' title="bbox 229 4217 1684 4454">
    <p class='ocr_par' dir='ltr' id='par_1_10' title="bbox 229 4217 1684 4454">
     <span class='ocr_line' id='line_1_33' title="bbox 229 4217 1684 4340; baseline -0.005 -28"><span class='ocrx_word' id='word_1_303' title='bbox 229 4279 262 4328; x_wconf 74' lang='lat'>2,</span> <span class='ocrx_word' id='word_1_304' title='bbox 273 4219 350 4315; x_wconf 84' lang='lat' dir='ltr'>visi</span> <span class='ocrx_word' id='word_1_305' title='bbox 365 4221 438 4312; x_wconf 79' lang='lat' dir='ltr'>fine</span> <span class='ocrx_word' id='word_1_306' title='bbox 457 4227 498 4308; x_wconf 75' lang='lat' dir='ltr'>dr</span> <span class='ocrx_word' id='word_1_307' title='bbox 520 4247 687 4338; x_wconf 86' lang='lat' dir='ltr'>corpora</span> <span class='ocrx_word' id='word_1_308' title='bbox 705 4249 791 4312; x_wconf 92' lang='lat' dir='ltr'>non</span> <span class='ocrx_word' id='word_1_309' title='bbox 805 4217 986 4330; x_wconf 80' lang='lat' dir='ltr'>suerunt,</span> <span class='ocrx_word' id='word_1_310' title='bbox 1004 4224 1136 4311; x_wconf 84' lang='lat' dir='ltr'>adbuc</span> <span class='ocrx_word' id='word_1_311' title='bbox 1154 4229 1276 4338; x_wconf 77' lang='lat' dir='ltr'>queri</span> <span class='ocrx_word' id='word_1_312' title='bbox 1291 4226 1446 4340; x_wconf 85' lang='lat' dir='ltr'>potest,</span> <span class='ocrx_word' id='word_1_313' title='bbox 1473 4253 1525 4312; x_wconf 90' lang='lat' dir='ltr'>an</span> <span class='ocrx_word' id='word_1_314' title='bbox 1546 4228 1684 4340; x_wconf 87' lang='lat' dir='ltr'>imagi-</span> 
     </span>
     <span class='ocr_line' id='line_1_34' title="bbox 1447 4370 1683 4454; baseline 0 -24"><span class='ocrx_word' id='word_1_315' title='bbox 1447 4446 1452 4454; x_wconf 27' lang='lat'>¹</span> <span class='ocrx_word' id='word_1_316' title='bbox 1570 4370 1683 4444; x_wconf 82' lang='lat' dir='ltr'>„nes</span> 
     </span>
    </p>
   </div>
   <div class='ocr_carea' id='block_1_11' title="bbox 0 0 1921 4994">
    <p class='ocr_par' dir='ltr' id='par_1_11' title="bbox 0 0 1921 4994">
     <span class='ocr_line' id='line_1_35' title="bbox 0 0 1921 4994; baseline 0 0"><span class='ocrx_word' id='word_1_317' title='bbox 0 0 1921 4994; x_wconf 95' lang='lat' dir='ltr'> </span> 
     </span>
    </p>
   </div>
  </div>
 </body>
</html>
