3796 4994
184 338 283 443 262
539 343 741 442 Revelat.
771 346 825 440 de
850 341 1037 477 Agreda.
1069 354 1181 495 *Pers
1206 351 1242 442 1.

182 568 334 631 mutato
353 567 513 629 accentu
531 543 717 657 significat
731 550 875 634 vastum
892 576 996 634 mate
1018 553 1234 662 gratiarum.
1320 553 1445 636 Venit
1462 555 1506 637 in
1526 577 1629 638 mun·

183 658 278 744 dum
302 659 353 744 td
376 653 576 769 pellendas
597 662 789 745 tenebras.

303 831 394 911 287·
424 810 617 929 Quartum
645 809 886 930 Smaragdur.
976 813 1088 895 Deus
1119 816 1164 896 Β.
1192 814 1340 924 Virgini
1382 811 1556 899 contulit
1581 817 1632 899 vi·

183 949 313 1009 rorem
326 925 540 1039 smaragdi,
562 951 604 1009 ot
618 951 761 1037 nempe
772 925 886 1038 poffit
904 919 976 1010 suis
994 920 1212 1010 clientibus
1225 928 1453 1013 diſtribuere
1468 933 1633 1014 virorem

184 1034 474 1123 &soliditatem
498 1042 726 1125 sanctitatis.
1386 1070 1389 1077 ’

302 1216 409 1332 ιεε..
429 1197 614 1319 Quintum
640 1194 862 1330 Sardonius,
946 1196 1024 1279 Hic
1051 1191 1149 1307 lapis
1183 1197 1303 1330 habet
1330 1194 1488 1332 uliquid
1508 1201 1561 1287 de
1582 1205 1633 1289 ni

184 1314 638 1513 {innitenti}
661 1309 1414 1621 iiiiiffreiiiii'giiiii¹ii¹if
1439 1310 1635 1515 'iiiii

188 1535 485 1671 fundamentum
502 1536 584 1675 ‚fuit
611 1539 680 1653 ipfi
707 1533 914 1672 collatum,
939 1561 982 1621 ut
1009 1564 1080 1668 pet
1110 1565 1196 1623 uam
1217 1539 1530 1628 interceiiionem
1553 1572 1634 1657 pte·

187 1654 599 1855 gffltphtirfflsempnoms
630 1648 818 1741 sufficrens
850 1677 924 1764 pro
952 1650 1134 1737 omnibus
1170 1650 1237 1779 fist
1264 1649 1397 1739 efficax
1437 1684 1519 1769 pro
1561 1664 1635 1767 ejus

304 1944 401 2019 289.
427 1920 585 2011 Sextum
611 1915 780 2008 Sardr'us.
863 1922 939 2003 Hic
960 1912 1058 2030 lapis
1084 1917 1324 2026 representat
1347 1926 1631 2014 flammans&

186 2033 392 2148 fignificat,
411 2035 526 2150 quod
550 2060 659 2119 amor
680 2038 721 2116 in
740 2039 784 2117 B.
807 2036 966 2143 Virgine
983 2033 1062 2118 fine
1085 2028 1163 2115 ulla
1183 2037 1466 2145 interruptione
1491 2035 1634 2149 semper

190 2154 352 2234 creverit
374 2176 501 2263 usque
526 2150 577 2231 ud
603 2144 909 2258 perseniffimum
936 2148 1112 2258 gradum,
1136 2173 1240 2257 pure
1272 2175 1453 2238 creaturae
1481 2152 1633 2264 poffibi·

189 2255 279 2345 lern.
362 2267 475 2347 Tunc
499 2266 537 2344 δι
556 2256 730 2344 conccffn
748 2263 800 2344 est
819 2265 863 2344 n.
883 2262 1033 2370 Virgini
1050 2261 1130 2344 haec
1148 2255 1320 2371 specialis
1344 2270 1482 2374 gratia,
1511 2291 1556 2349 ot
1579 2269 1633 2365 iis,

188 2380 258 2488 qui
276 2374 319 2461 id
336 2376 387 2462 ab
402 2371 468 2511 ilia
483 2378 677 2488 petierint,
690 2373 888 2461 distribuat
901 2375 1089 2459 influxutn
1099 2377 1261 2487 Spiritus
1272 2378 1417 2477 Sancti,
1431 2386 1514 2488 ejus
1529 2404 1634 2465 amo·

119 2568 127 2575 .
189 2514 272 2576 tens
290 2516 336 2575 ac
359 2515 557 2605 gruttam..

133 2700 146 2721 .
303 2673 398 2746 290.
425 2650 468 2731 B.
492 2649 617 2760 Virgo
638 2637 897 2728 ardentissimo
915 2635 1065 2752 semper
1084 2665 1219 2724 rmore
1243 2664 1457 2753 cooperata
1482 2645 1539 2729 est
1562 2670 1629 2757 pro

189 2751 306 2842 salute
328 2764 480 2871 generis
503 2761 676 2845 humani.
733 2758 840 2840 Cum
866 2757 947 2838 hoc
972 2781 1105 2839 amore
1133 2756 1263 2861 jamin
1279 2760 1409 2866 prirno
1426 2784 1632 2844 momento

164 2909 168 2917 «
188 2864 262 2954 suae
285 2876 556 2983 conceptionis
573 2893 779 2982 preparata
802 2869 854 2948 est
872 2872 912 2951 in
929 2870 1204 2970 coadjutricem
1224 2870 1376 2953 Christi
1434 2877 1551 2956 Tunc
1570 2871 1634 2985 ipfi

192 2980 412 3070 eonceiiunr
431 2987 484 3070 est
503 2979 745 3099 privilegium
771 2982 1003 3091 impetrandi
1026 2985 1065 3067 ie
1092 2981 1367 3068 invocantibus
1392 2983 1571 3096 gratiam,
1598 3009 1635 3070 ut

189 3124 281 3207 ,curn
298 3096 428 3187 fructu
456 3101 642 3212 recipiant
664 3101 921 3185 sacramenta.

315 3281 411 3351 291.
467 3250 661 3339 Oiiuoum
698 3242 885 3361 Beryllus.
974 3252 1089 3332 Tunc
1125 3243 1193 3359 ipii
1222 3242 1443 3332 concessum
1470 3249 1553 3348 est,
1596 3270 1633 3331 nt

192 3360 265 3449 suis
313 3363 534 3452 elientibus
584 3359 765 3477 largiatur
810 3381 989 3473 magnam
1031 3359 1306 3445 fortitudinem·
1341 3364 1382 3443 in
1418 3356 1634 3446 tribulatio·

190 3478 397 3678 affige&
421 3482 659 3593 patientiam,
690 3481 729 3559 &
757 3496 802 3557 ut
829 3470 958 3560 dehis
984 3476 1186 3561 virtutibus
1220 3481 1259 3559 vi
1283 3474 1406 3559 divini
1426 3471 1561 3560 auxilii
1584 3474 1636 3558 di·

207 3725 210 3729 ’
310 3757 406 3828 292.
437 3727 598 3817 Nonum
621 3722 827 3840 Topazius.
895 3728 1008 3812 Tunc
1027 3721 1096 3837 ipli
1126 3718 1347 3809 concessum
1371 3718 1472 3821 fuit,
1499 3745 1545 3808 ut
1566 3727 1637 3831 ejus

191 3837 368 3933 Clientes
387 3862 458 3958 per
475 3849 554 3954 ejus
576 3842 882 3955 interceffionem
903 3848 1112 3955 impetrent
1147 3841 1356 3925 castitatem
1391 3841 1431 3922 δι
1466 3839 1639 3924 consten-

31 3989 37 4009 ·
191 3963 284 4051 riam
304 3962 346 4051 in
363 3960 436 4048 hac
459 3962 610 4048 virtute.
677 4028 681 4035 .

1547 4208 1634 4286 294·
