3796 4994
42 286 50 302 ·
180 296 340 439 '222
461 475 464 479 Ι
554 342 660 469 urg.
685 327 834 432 Prasi.
852 365 908 432 ex
929 339 974 433 S.
989 337 1131 471 joaaz.
1152 333 1202 430 de
1225 339 1370 433 Cruce.

237 548 350 628 ritum
384 537 489 624 fidei.
563 540 681 622 Adeo
719 535 964 624 necessarium
991 544 1029 623 ἃ
1061 543 1190 651 magni
1220 539 1407 622 momenti
1447 537 1528 634 eu,
1558 560 1623 619 ten

244 653 384 741 oculos
420 647 565 736 clausos
598 653 651 735 ad
686 656 876 758 ejusmodi
905 680 1027 735 novas
1059 657 1335 750 revelationes,
1365 656 1469 734 ut&
1494 654 1532 733 S.
1558 655 1623 732 Pet

244 768 413 853 voluerit
452 771 582 877 potius
612 767 761 850 attendi
801 768 1028 876 Prophetias
1065 791 1235 860 veteres,
1267 764 1386 878 quim
1411 764 1493 847 suas
1517 790 1623 873 propr

246 882 424 976 visiones,
452 883 629 1078 cpuamvis
647 904 765 962 veras.
822 876 1025 964 Habemus
1048 878 1252 984 firmiorem
1271 875 1528 989 propheticum
1548 876 1623 989 ferr

247 1021 345 1091 rtem,
370 995 430 1079 cui
487 994 682 1103 cursarius
713 993 960 1080 attendentes.
991 1021 1032 1075 aa
1050 1000 1131 1075 Pet.
1159 1022 1193 1075 r.
1250 989 1428 1098 Quodsi
1458 1020 1504 1074 ex
1532 987 1623 1100 pres

249 1113 406 1191 motivis
427 1134 510 1187 non
529 1106 644 1189 decet
669 1109 819 1191 curiosi
845 1109 992 1216 aperire
1016 1102 1152 1189 oculos
1171 1105 1221 1186 ad
1239 1105 1430 1209 ejusmodi
1447 1130 1570 1186 nouas
1586 1129 1623 1185 tt

247 1211 427 1315 lationes,
457 1245 545 1331 qua
573 1246 810 1303 concernunt
837 1217 977 1316 fidem,
1006 1244 1157 1332 quanto
1187 1223 1308 1329 magis
1337 1215 1582 1301 necessarium
1613 1243 1623 1298 t

250 1330 395 1419 nullam
423 1332 611 1415 adbibere
633 1332 751 1416 fidem
780 1337 892 1417 novis
919 1329 999 1416 aliis
1022 1328 1343 1427 revelationibus,
1365 1326 1622 1442 spedanu'bus

252 1446 344 1532 alias
366 1441 528 1528 diversas
556 1451 745 1541 materias,
775 1447 978 1558 inquibus
1011 1451 1132 1557 magis
1161 1442 1198 1529 se
1231 1441 1414 1528 immiscet
1436 1445 1623 1538 doemon,

254 1566 294 1643 in
349 1558 460 1641 uibus
474 1582 619 1642 tantam
645 1561 804 1644 adhibet
827 1560 1049 1668 decipiendi
1069 1561 1302 1655 industriam,
1327 1584 1369 1641 ut
1395 1561 1606 1641 existimem

255 1589 432 1786 poistbile
460 1669 547 1769 else,
576 1699 664 1756 eum
688 1678 726 1756 in
745 1670 877 1756 multis
907 1673 1021 1757 rebus
1050 1702 1131 1756 non
1157 1673 1309 1785 decipi,
1333 1675 1403 1785 qui
1435 1699 1516 1755 non
1542 1670 1623 1752 adli:

256 1783 494 1898 diligentiam
522 1784 572 1869 ad
596 1813 660 1870 eas
674 1787 905 1895 abjiciendas
930 1791 969 1869 δι
988 1783 1202 1898 fugandass
1241 1788 1344 1870 adeo
1370 1799 1508 1898 magna
1542 1785 1623 1866 esti

257 1906 334 1984 cies
358 1903 525 1982 veritatis
550 1904 589 1982 dt
622 1900 881 1998 certitudinis,
938 1926 1025 1982 uam
1049 1899 1160 2010 fingit
1194 1901 1371 1986 doemon.
1429 1906 1622 1982 Tantase

257 2011 527 2125 conglomerat
541 2016 806 2115 authoritates,
820 1929 1206 2114 verdltmilitudines,
1216 2017 1409 2125 puritates,
1425 2018 1463 2094 ἃ
1481 2038 1623 2123 congru

243 2134 354 2222 tias,
377 2132 416 2207 δι
439 2130 620 2236 imprimit
640 2156 702 2211 eas
726 2152 804 2211 tarn
827 2131 980 2210 sortiter
995 2125 1114 2210 seuliri
1131 2133 1169 2209 ἃ
1193 2121 1470 2240 imaginationi,
1499 2151 1543 2208 ut
1574 2131 1623 2206 vir

260 2265 335 2340 tur,
355 2267 436 2323 rem
456 2239 677 2325 indubitato
700 2242 751 2324 stc
770 2265 1006 2327 eventuram.
1066 2244 1192 2348 Quod
1215 2239 1241 2323 st
1261 2246 1387 2324 anima
1405 2268 1487 2322 non
1517 2237 1561 2320 stt
1582 2241 1623 2322 ht

259 2349 331 2451 lis,
366 2348 569 2437 difficulter
592 2349 645 2438 illi
690 2359 805 2438 eximi
841 2359 985 2464 poterit
1017 2360 1153 2466 opinio
1183 2378 1265 2436 tarn
1297 2351 1494 2465 profunde
1520 2354 1623 2462 impr

260 2470 379 2580 Igitur
406 2471 533 2550 anima
561 2493 678 2578 puta,
718 2464 902 2579 fimplex,
941 2493 1051 2551 cauta
1088 2465 1308 2551 &humilis
1338 2468 1532 2569 ejusmodi
1563 2492 1623 2548 ret

259 2581 433 2664 tionibus
455 2577 618 2692 aliisque
642 2581 943 2693 apparitionibus
967 2581 1117 2678 refistat,
1144 2608 1289 2694 easque
1311 2586 1465 2680 rejiciat,
1491 2606 1623 2664 cumn

260 2692 306 2780 stt
327 2690 533 2793 necessitas,
566 2721 630 2778 eas
657 2694 912 2791 desiderandi,
931 2695 1033 2779 bene
1049 2719 1176 2779 tamen
1195 2722 1259 2778 eas
1277 2691 1485 2778 recusandi.

369 2893 539 3023 Regula
585 2925 663 2989 20.
720 2885 949 3017 Quando
987 2884 1140 2992 verba
1175 2895 1227 2991 in
1264 2878 1430 3024 aliqua
1467 2889 1623 2991 existit

262 3047 319 3131 ta
367 3028 672 3135 revelatione
720 3033 765 3133 se
823 3027 1016 3134 habent
1065 3060 1155 3165 per
1212 3030 1437 3132 modum
1494 3030 1623 3132 otdit

266 3165 539 3296 discutsds,
576 3171 691 3306 post
727 3169 1125 3307 applicationem
1164 3177 1319 3272 animi
1356 3202 1445 3305 per
1482 3196 1623 3274 contr

265 3308 578 3446 plationem,
621 3308 827 3446 possunt
861 3312 1006 3415 fimul
1056 3309 1120 3414 ad
1169 3311 1399 3412 eundum
1446 3310 1623 3415 discuti

266 3480 562 3557 concurrere
616 3450 834 3570 DEUS,
879 3453 1118 3558 naturalis
1164 3462 1328 3570 tati0‚
1375 3449 1428 3555 dc
1480 3453 1623 3557 doem

268 3589 471 3695 DEUS
530 3624 619 3727 pet
684 3591 991 3698 infusonem
1062 3592 1443 3726 supernaturalis
1509 3594 1623 3698 lum

268 3729 320 3813 ad
339 3729 444 3813 bene
459 3727 749 3844 intelligendam
777 3742 972 3820 materiam
1006 3763 1079 3846 pto
1104 3737 1260 3815 materia
1281 3731 1623 3846 ‘contemplationi

266 3839 467 3953 sumptam,
494 3844 680 3959 adeoque
707 3874 777 3959 per
807 3851 969 3932 moduni
1006 3843 1120 3931 causa
1140 3841 1360 3958 ,generalius
1404 3844 1587 3932 naturalis
1618 3878 1623 3931 r

265 3983 337 4068 per
361 3953 660 4070 applicationem
686 3965 961 4074 principiorum
990 3956 1228 4074 generalium
1247 3965 1287 4041 in
1309 3955 1379 4042 illo
1409 3957 1559 4045 lumine
1583 3987 1623 4045 co

268 4094 398 4157 torum
427 4071 478 4156 ad
505 4068 697 4159 illationes
723 4071 990 4186 particulares,
1009 4080 1055 4156 'dc
1080 4100 1150 4186 per
1169 4070 1484 4185 prosecutionem
1511 4072 1623 4161 discut

577 4214 581 4223 ’
1551 4189 1622 4274 doe
