3796 4994
208 329 311 434 '²³²
428 364 431 371 ·
594 298 796 411 niuem.
821 304 874 408 de
893 301 1080 444 Agreda.
1107 309 1220 402 Pars
1241 308 1275 396 l.

329 538 397 599 to.
432 510 481 598 Et
504 519 690 627 quamvis·
709 517 791 600 irae
815 514 947 623 omnia
974 511 1254 624 cognoram,
1296 524 1495 614 nunquam
1522 520 1651 584 tamen

210 627 331 711 DEus
355 626 448 710 mihi
475 629 644 712 ostendit
661 626 832 744 aliquem
865 626 1154 711 damnandums
1196 618 1224 704 fi
1256 624 1359 702 enim
1394 609 1511 698 talem
1536 613 1655 696 uidis-

210 735 309 836 sem,
335 766 412 852 pra
427 734 573 826 dolore
593 738 786 828 obiissem.
864 743 991 826 Immo
1028 738 1164 850 rogavi
1193 735 1359 827 Deum,
1390 752 1433 812 ut
1455 751 1658 839 nunquam

211 849 330 1051 alem
357 856 559 938 hominem
584 856 790 955 ostendat,
824 857 893 968 qui
919 861 995 963 jam
1020 875 1127 936 eatra
1146 849 1251 959 spem
1282 839 1410 929 auxilii
1432 841 1658 926 constitutus

334 1104 400 1164 22.
428 1076 473 1159 In
492 1079 572 1165 hoc
594 1081 688 1165 statu
707 1085 747 1165 dt
774 1084 813 1164 in
831 1079 904 1163 hac
924 1071 1034 1175 luce,
1062 1079 1103 1160 dt
1136 1076 1215 1157 hoc
1240 1068 1364 1154 modo
1395 1066 1516 1151 video
1540 1064 1658 1149 etiam

216 1191 506 1301 B.'Virginem,
536 1196 702 1306 quando
739 1195 833 1277 mihi
863 1185 1047 1305 loquitur.
1130 1183 1316 1299 Agnosco
1344 1187 1459 1266 etiarn
1483 1173 1660 1290 angelos,

217 1326 356 1386 eorum
376 1328 548 1393 naturam
564 1312 604 1388 dt
656 1304 898 1390 msedtiones.
968 1303 1197 1417 Aliquando
1216 1327 1285 1385 eos
1306 1296 1426 1385 video
1445 1297 1485 1376 δι
1510 1315 1662 1403 cogno-

216 1410 283 1500 sco
312 1421 352 1499 in
378 1419 579 1516 Domino,
649 1417 822 1532 'quando
850 1443 980 1503 autem
1007 1420 1047 1500 in
1073 1411 1210 1526 seipsis.
1291 1410 1369 1494 Sed
1399 1403 1564 1521 quando
1592 1428 1664 1488 eos

220 1523 420 1640 cognosco
453 1535 495 1615 in
522 1528 675 1643 seipsis,
713 1528 910 1616 descendo
941 1557 1025 1615 uno
1056 1528 1179 1642 gradu
1216 1527 1464 1638 cognitionis.
1545 1521 1596 1602 Et
1623 1518 1664 1599 io

219 1640 302 1733 hoc
323 1641 507 1728 inferiore
529 1644 650 1757 gradu
675 1644 809 1742 video,
833 1649 873 1728 dc
897 1639 1081 1757 alloquor
1103 1636 1266 1754 angelos
1291 1660 1444 1748 eosque
1468 1626 1664 1743 intelligo,

220 1748 459 1868 explicantes
479 1762 573 1842 mihi
593 1763 781 1872 mysteria,
800 1755 825 1842 ὲ
851 1757 1031 1842 Domino
1061 1758 1279 1840 monstrata.

342 1899 410 1973 η.
444 1874 491 1955 ln
518 1874 698 1957 Domino
727 1897 800 1955 eos
826 1863 1047 1982 cognosco,
1084 1893 1272 1982 tanquam
1314 1870 1353 1953 in
1389 1852 1583 1990 speculor
1623 1856 1665 1940 ἃ

223 1980 423 2177 llonqinus
444 1985 538 2071 mihi
557 1983 863 2103 etia-‚ostendit
876 1987 1053 2082 dandos,
1077 2009 1180 2095 quos
1200 1977 1298 2081 vult,
1325 2009 1415 2067 cum
1435 1976 1508 2065 suls
1528 1992 1668 2084 opert·

224 2114 323 2179 trotu
355 2122 412 2182 us.

347 2237 412 2311 ⁸4·
439 2211 482 2293 ln
505 2206 690 2295 inferiore
712 2210 836 2323 gradu
858 2212 1092 2321 cognitionis
1104 2207 1225 2293 video
1245 2213 1293 2294 B.
1310 2211 1511 2320 Virginem
1535 2199 1579 2281 &
1602 2219 1670 2280 ²⁰·

228 2314 367 2433 geloss
405 2327 446 2405 dc
471 2321 640 2437 agnosco
666 2348 737 2408 eos
763 2324 814 2408 sic
846 2323 899 2409 ad
920 2348 985 2407 me
1010 2317 1127 2434 loqui
1159 2328 1198 2404 &
1231 2350 1295 2406 me
1321 2318 1526 2420 illustrate,
1553 2331 1672 2423 prout

226 2437 331 2520 unus
351 2460 398 2520 an
428 2433 509 2520 elus
534 2433 711 2551 loquitur
744 2437 795 2524 ad
823 2433 1009 2533 alterum,
1036 2432 1250 2520 &illustrat
1273 2431 1450 2521 alterum.
1495 2483 1505 2505 ι
1534 2416 1672 2519 'silem

231 2545 361 2635 lucem
379 2462 626 2636 illustrmtem
644 2546 801 2665 largitur
823 2554 1014 2636 Dominus
1034 2551 1215 2661 primarii)
1233 2553 1276 2633 B.
1294 2554 1454 2662 Virgini,
1471 2554 1511 2632 dc
1531 2555 1574 2632 B.
1588 2541 1672 2623 Vir·

231 2691 288 2779 go
318 2689 403 2748 eam
432 2669 691 2752 communicat
714 2663 899 2778 superiori
927 2668 1021 2775 parti
1051 2666 1184 2746 anima
1211 2690 1318 2747 meae.
1402 2670 1515 2749 ‘sune
1541 2686 1588 2748 ea
1613 2646 1673 2736 lu·

236 2806 284 2862 ce
304 2778 502 2861 mediante
532 2772 703 2891 agnosco
727 2786 807 2888 ejus
827 2775 1107 2891 perfedlionem
1137 2775 1230 2861 sicut
1261 2773 1418 2889 angelus
1451 2774 1613 2863 inferior
1632 2788 1673 2847 ²·

292 2891 385 2973 oscit
410 2885 530 2986 illud,
567 2892 681 3005 quod
705 2890 729 2978 l
755 2895 964 3005 Superiote
990 2885 1132 3002 angelo
1164 2884 1217 2973 illi
1254 2894 1581 2976 communicatum
1609 2877 1673 2964 ello

233 2916 769 3205 {valenses
788 3007 900 3204 ur
914 3003 1343 3200 ssssstsu
1368 3008 1677 3204 olims

240 3174 820 3433 sutssnlsln
843 3226 1294 3455 {sumsisti
1312 3234 1446 3430 lta
1469 3233 1678 3432 lass

116 3552 119 3556 ,
240 3462 358 3543 eiiam
379 3484 461 3543 non
482 3402 747 3574 infrequenter
765 3374 919 3572 priscae
944 3373 1567 3575 communicareintelliggentiams
1593 3470 1677 3543 vet·

237 3571 296 3656 ba
316 3578 549 3658 autem'rem
569 3566 803 3659 intellectam
829 3569 1044 3686 explicanti
1068 3566 1220 3655 sumni
1243 3569 1396 3683 meipsa.
1468 3574 1527 3659 Έῐ
1546 3577 1589 3657 in
1602 3572 1680 3684 hoc

241 3681 390 3798 possem
412 3687 596 3783 etmre‚sr
621 3689 815 3772 Dominus
831 3688 1090 3798 permitterem
1117 3688 1209 3797 quia
1229 3681 1308 3768 sum
1325 3687 1485 3771 inducia
1504 3683 1681 3772 foemin²r

245 3796 447 3917 &usurpo
474 3801 594 3889 verba
621 3794 714 3886 aliis
740 3800 883 3886 audita.
968 3796 1143 3911 Quando
1175 3820 1304 3921 autqn
1330 3795 1453 3885 sentio
1484 3796 1681 3885 diffimlta·

236 3937 341 4016 tem,
360 3911 554 4000 intelledia
577 3912 706 4001 verbis
728 3907 973 4028 explicandi,
999 3926 1155 3997 secutio
1176 3910 1227 3996 ad
1249 3939 1380 3999 meum
1397 3915 1622 4030 Magistrum
1644 3916 1680 3996 ὰ

126 4031 151 4041 “
243 4024 473 4144 spiritualem
496 4030 738 4116 ditediorem.
1436 4023 1442 4035 ’

1547 4168 1615 4245 ²5·
1641 4140 1686 4223 In
