3796 4994
492 277 703 410 exempta
723 267 841 407 taust
858 304 917 376 ex
931 273 1076 375 varin
1090 198 1280 376 Alanoi.
1540 301 1606 401 ιγ

153 473 298 574 θΕΟξ
323 472 392 563 nili
425 473 584 568 forsitan
611 475 750 583 alicui,
779 486 850 598 qui
888 479 1157 570 discretionem
1182 477 1379 595 spirituum
1407 472 1608 565 babuifl‘et.¹

157 600 215 678 Os
238 592 335 677 mire
359 594 602 681 odoriferum
633 623 704 708 per
729 595 892 711 longum
907 623 1066 712 tempus
1087 597 1271 694 habebat,
1305 602 1343 680 δι
1368 621 1532 695 manus,
1548 597 1609 694 ita

154 730 201 792 ut
223 711 289 792 vix
316 711 352 792 ei
374 711 483 795 cibus
499 706 646 824 saperet
663 738 732 796 ore
747 709 933 824 sumptus.
987 708 1124 798 Palato
1151 736 1281 798 tamen
1299 711 1429 795 cordis
1446 712 1608 794 interius

154 815 393 908 discernebat
405 881 420 922 ‚
450 828 543 938 quia
578 827 682 910 odor
707 822 773 910 ille
800 823 1079 911 recreationem
1106 819 1249 937 spiritui
1282 853 1382 937 non¹
1425 822 1609 911 restabat:

152 936 266 1020 Adiit
288 964 384 1052 ergo
412 941 633 1025 Dominum
656 939 876 1052 deprecari,
900 941 1000 1054 quid
1021 941 1091 1026 fibi
1110 934 1230 1025 vellet
1249 940 1355 1026 odor
1373 853 1440 1024 ille
1462 933 1609 1049 resper-

151 1047 212 1135 sus
227 1055 270 1135 in
295 1078 452 1156 vanum,
469 1050 765 1168 revelatumque
785 1056 839 1139 est
854 1059 904 1151 ei,
934 1058 1028 1168 quia
1053 1058 1256 1144 doemonis
1275 1080 1357 1142 atte
1377 1053 1421 1140 fit
1442 1052 1607 1167 gestum,

155 1167 195 1249 δι
212 1161 319 1251 fodio
341 1173 461 1254 crucis
484 1164 681 1284 signaculo
698 1196 793 1255 mox
816 1165 979 1255 cessavit.
1409 1214 1414 1221 ·

269 1362 315 1446 ln
339 1358 477 1445 eadem
509 1363 601 1447 Vita
629 1361 794 1448 authore
822 1362 1003 1449 Geratdo
1033 1342 1084 1450 C.
1120 1388 1154 1465 5.
1184 1361 1350 1449 dicitur:
1409 1360 1517 1447 Cum
1545 1365 1607 1446 esi

150 1471 205 1562 set
231 1473 377 1561 Parisiis
416 1472 613 1576 infirmus,
639 1481 803 1561 tentavit
829 1505 919 1562 eum
948 1473 1137 1591 malignus
1161 1475 1230 1562 sub
1260 1482 1355 1563 mita
1383 1468 1607 1561 fraudulen-

153 1596 206 1676 tia
227 1588 441 1675 sanctitatis.
500 1593 672 1679 Veniens
691 1593 792 1674 e'nim
816 1592 867 1675 ad
883 1616 1036 1704 portam
1055 1599 1096 1677 in
1115 1590 1243 1678 forma
1266 1591 1495 1697 veneranda
1516 1614 1624 1702 pet·¹

153 1701 255 1791 sonae
271 1709 382 1817 petiit
403 1699 443 1788 se
461 1702 514 1788 ad
539 1706 763 1817 Magistrum
788 1707 1004 1808 Jordanum
1030 1706 1185 1793 deduci.
1261 1709 1368 1793 Cum
1398 1722 1512 1819 ergo
1534 1704 1605 1789 de·

152 1818 290 1904 dubius
321 1845 409 1902 cum
444 1846 495 1904 eo
531 1814 720 1904 habuisset
747 1815 901 1934 aliquos
933 1816 1128 1906 sermones
1156 1812 1362 1905 familiares
1395 1811 1605 1931 postulavit

151 1924 516 2034 Fmtres'secedere,
540 1932 645 2046 quasr
663 1929 808 2018 secreto
832 1928 1032 2019 locuturus
1055 1961 1143 2018 cum
1171 1962 1236 2020 eo.
1305 1941 1404 2046 Quo
1427 1931 1533 2017 fabio
1553 1928 1605 2016 sic

152 2053 224 2132 ait:
253 2049 433 2161 Magister
453 2072 495 2132 tu
512 2074 553 2132 es
579 2072 692 2246 capput
710 2052 767 2132 tui
792 2046 1003 2135 sancuffimi
1027 2048 1207 2147 Ordinis,
1234 2053 1273 2132 δι
1292 2047 1399 2163 quast
1421 2051 1460 2132 in
1480 2071 1520 2131 te
1534 2049 1605 2131 ¹re·

153 2158 315 2274 spiciunt
337 2156 443 2248 oculi
473 2164 608 2246 univer
624 2189 737 2246 orum
765 2167 957 2258 Fratrums
1000 2164 1114 2278 quod
1133 2163 1158 2247 st
1178 2191 1338 2276 parvum
1369 2155 1431 2247 vel
1454 2158 1604 2275 grande

154 2276 206 2361 de
234 2299 275 2360 te
297 2280 431 2362 exierit
462 2301 601 2361 contra
637 2271 852 2389 Religionis
888 2275 1083 2362 servorem
1114 2274 1358 2364 relaxationis
1387 2280 1603 2389 vestigium,
1728 2314 1758 2335 ·-

151 2417 240 2478 cum
257 2414 392 2476 natura
412 2391 579 2475 bumana
601 2417 726 2503 prona
757 2388 801 2474 srt
821 2389 874 2476 ad
896 2387 1190 2490 declinandum,
1214 2415 1256 2477 tu
1276 2392 1419 2478 exinde
1442 2415 1604 2504 poenam
1712 2442 1719 2453 -

155 2502 423 2704 iilssitlli
449 2507 1138 2706 ⁰⁰ffl¹llnii2⁰il⁰in⁰tsss
1155 2498 1605 2733 ili‘ll‘sssisslill

412 2679 425 2704 ο
760 2675 775 2714 2
1218 2682 1221 2691 ·

154 2731 308 2818 culcitra
330 2740 369 2817 δι
391 2735 413 2818 d
433 2733 610 2817 carnibus
632 2732 831 2817 abstinere.
912 2737 1037 2845 Quod
1063 2733 1090 2819 st
1115 2762 1196 2820 cras
1217 2732 1282 2820 uel
1301 2737 1388 2848 post
1410 2761 1491 2820 cras
1518 2756 1603 2819 non
1626 2822 1631 2829 ,

150 2846 218 2934 siat
242 2847 381 2932 cadem
407 2842 634 2960 dispensatio
660 2852 782 2963 ,Fratri
807 2844 893 2961 plus
915 2845 979 2934 vel
1003 2850 1115 2965 atque
1137 2851 1317 2948 infirmo,
1337 2848 1405 2934 fiet
1431 2873 1604 2944 murmur

152 2967 193 3046 ἀ
213 2963 398 3047 turbatio.
455 2963 572 3047 Unde
595 2987 695 3074 rogo
720 2967 760 3046 dt
778 2959 952 3061 consulo,
976 2963 1069 3050 sicut
1092 2965 1278 3051 hactenus
1306 2962 1407 3051 suisti
1432 2959 1603 3075 Religio·

152 3080 211 3163 nis
234 3072 455 3188 exemplum
472 3080 512 3160 in
532 3070 628 3172 aliis,
646 3081 699 3160 ita
721 3078 778 3161 est
803 3103 843 3161 te
863 3078 1032 3192 praebeas
1054 3082 1106 3162 in'
1125 3081 1213 3164 istis.
1281 3081 1344 3164 Sic
1365 3105 1461 3192 ergo
1487 3073 1604 3161 verli·

149 3184 262 3305 pellis
279 3187 345 3274 illc
366 3189 512 3274 recellit
537 3191 767 3275 ruminando
792 3185 956 3306 aliquid,
978 3220 1025 3278 ac
1047 3191 1074 3277 s1
1093 3192 1239 3278 diceret
1263 3189 1442 3305 psalmos.
1500 3191 1603 3275 Cre-

151 3304 252 3391 didit
271 3307 399 3389 homo
419 3308 496 3389 Dei
515 3299 732 3419 fimpliciter
752 3307 891 3408 verbis,
908 3312 947 3390 ἃ
971 3308 1150 3392 abstinuit
1174 3305 1304 3393 multis
1325 3307 1464 3392 diebus
1482 3303 1534 3390 ab
1554 3298 1601 3388 il·

153 3414 209 3504 lis.
266 3419 384 3505 Unde
404 3422 446 3503 in
470 3443 619 3504 tantum
637 3423 758 3504 crevit
778 3427 859 3524 eius
883 3417 1075 3520 debilitas,
1104 3421 1220 3535 quod
1241 3426 1304 3507 vix
1322 3419 1517 3507 subfistere
1534 3443 1603 3505 va·

152 3527 270 3618 lebat.
327 3528 555 3621 Revelatum
573 3526 703 3618 autem
730 3536 783 3618 est
801 3539 838 3619 ei
860 3533 883 3621 i
900 3537 1101 3634 Domino,
1120 3535 1259 3650 quod,
1279 3541 1350 3650 qui
1367 3532 1432 3621 illa
1447 3533 1602 3650 sugges·

150 3644 260 3746 serat,
279 3645 460 3733 diabolus
478 3673 573 3746 erat,
595 3649 772 3761 qui'ejus
793 3649 1129 3760 predicationibus
1162 3652 1373 3742 invidebat.
1439 3656 1533 3738 Hac
1554 3641 1604 3735 il·
1649 3691 1653 3699 ·

155 3757 251 3849 lufio
273 3761 472 3851 doemonis
490 3759 600 3850 aliter
618 3760 782 3851 refertur
799 3759 911 3878 supra
930 3788 1020 3880 part
1041 3792 1079 3855 a.
1102 3767 1154 3860 C.
1178 3787 1216 3863 a.

260 4204 329 4301 D.
350 4203 399 4295 E.
413 4207 471 4296 A.
493 4202 736 4302 amnem.
755 4205 859 4300 Pars
873 4204 933 4300 ist
1096 4207 1139 4307 C
1466 4214 1510 4309 3.
1544 4175 1607 4286 ln
