<?xml version="1.0" encoding="UTF-8"?>
<!DOCTYPE html PUBLIC "-//W3C//DTD XHTML 1.0 Transitional//EN"
    "http://www.w3.org/TR/xhtml1/DTD/xhtml1-transitional.dtd">
<html xmlns="http://www.w3.org/1999/xhtml" xml:lang="en" lang="en">
 <head>
  <title>
</title>
<meta http-equiv="Content-Type" content="text/html;charset=utf-8" />
  <meta name='ocr-system' content='tesseract 3.04.00' />
  <meta name='ocr-capabilities' content='ocr_page ocr_carea ocr_par ocr_line ocrx_word'/>
</head>
<body>
  <div class='ocr_page' id='page_1' title='image "./derevelationibu00amorgoog_0391.png"; bbox 0 0 3796 4994; ppageno 0'>
   <div class='ocr_carea' id='block_1_1' title="bbox 622 167 1762 362">
    <p class='ocr_par' dir='ltr' id='par_1_1' title="bbox 622 167 1762 362">
     <span class='ocr_line' id='line_1_1' title="bbox 622 167 1762 362; baseline 0.013 -34"><span class='ocrx_word' id='word_1_1' title='bbox 622 218 938 329; x_wconf 70' lang='lat' dir='ltr'>nevelatione&#39;s</span> <span class='ocrx_word' id='word_1_2' title='bbox 974 229 1019 326; x_wconf 87' lang='lat' dir='ltr'>S.</span> <span class='ocrx_word' id='word_1_3' title='bbox 1069 220 1350 329; x_wconf 54' lang='lat' dir='ltr'>Gertmdisst</span> <span class='ocrx_word' id='word_1_4' title='bbox 1496 236 1505 255; x_wconf 85' lang='lat'><strong><em>‘</em></strong></span> <span class='ocrx_word' id='word_1_5' title='bbox 1628 253 1698 362; x_wconf 87' lang='lat'>87</span> <span class='ocrx_word' id='word_1_6' title='bbox 1759 167 1762 170; x_wconf 56' lang='lat'><strong>&lt;</strong></span> 
     </span>
    </p>
   </div>
   <div class='ocr_carea' id='block_1_2' title="bbox 214 430 1796 1691">
    <p class='ocr_par' dir='ltr' id='par_1_2' title="bbox 214 430 1796 1691">
     <span class='ocr_line' id='line_1_2' title="bbox 243 430 1695 562; baseline 0 -16"><span class='ocrx_word' id='word_1_7' title='bbox 243 435 457 547; x_wconf 82' lang='lat' dir='ltr'>curabat</span> <span class='ocrx_word' id='word_1_8' title='bbox 491 432 556 540; x_wconf 83' lang='lat' dir='ltr'>ad</span> <span class='ocrx_word' id='word_1_9' title='bbox 590 433 762 552; x_wconf 88' lang='lat' dir='ltr'>iilum,</span> <span class='ocrx_word' id='word_1_10' title='bbox 799 444 880 550; x_wconf 89' lang='lat' dir='ltr'>cui</span> <span class='ocrx_word' id='word_1_11' title='bbox 923 431 1010 538; x_wconf 91' lang='lat' dir='ltr'>soli</span> <span class='ocrx_word' id='word_1_12' title='bbox 1053 430 1227 539; x_wconf 84' lang='lat' dir='ltr'>servire</span> <span class='ocrx_word' id='word_1_13' title='bbox 1267 451 1472 541; x_wconf 84' lang='lat' dir='ltr'>tenetur</span> <span class='ocrx_word' id='word_1_14' title='bbox 1515 467 1695 562; x_wconf 83' lang='lat' dir='ltr'>omne,</span> 
     </span>
     <span class='ocr_line' id='line_1_3' title="bbox 242 573 1696 722; baseline 0.003 -37"><span class='ocrx_word' id='word_1_15' title='bbox 242 579 385 721; x_wconf 91' lang='lat' dir='ltr'>quod</span> <span class='ocrx_word' id='word_1_16' title='bbox 425 601 659 683; x_wconf 86' lang='lat' dir='ltr'>creatum</span> <span class='ocrx_word' id='word_1_17' title='bbox 703 581 785 682; x_wconf 90' lang='lat' dir='ltr'>est.</span> <span class='ocrx_word' id='word_1_18' title='bbox 889 573 1041 680; x_wconf 86' lang='lat' dir='ltr'>Unde</span> <span class='ocrx_word' id='word_1_19' title='bbox 1085 573 1275 681; x_wconf 90' lang='lat' dir='ltr'>obtulit</span> <span class='ocrx_word' id='word_1_20' title='bbox 1313 575 1554 685; x_wconf 90' lang='lat' dir='ltr'>Domino</span> <span class='ocrx_word' id='word_1_21' title='bbox 1596 615 1696 722; x_wconf 89' lang='lat' dir='ltr'>pro</span> 
     </span>
     <span class='ocr_line' id='line_1_4' title="bbox 239 716 1796 864; baseline 0.001 -35"><span class='ocrx_word' id='word_1_22' title='bbox 239 719 633 864; x_wconf 66' lang='lat' dir='ltr'>fragrantiifimo</span> <span class='ocrx_word' id='word_1_23' title='bbox 681 717 841 826; x_wconf 85' lang='lat' dir='ltr'>thuris</span> <span class='ocrx_word' id='word_1_24' title='bbox 886 716 1119 822; x_wconf 84' lang='lat' dir='ltr'>sacrificio</span> <span class='ocrx_word' id='word_1_25' title='bbox 1170 748 1392 823; x_wconf 88' lang='lat' dir='ltr'>omnem</span> <span class='ocrx_word' id='word_1_26' title='bbox 1436 722 1696 833; x_wconf 63' lang='lat' dir='ltr'>simulata</span> <span class='ocrx_word' id='word_1_27' title='bbox 1786 766 1796 789; x_wconf 84' lang='lat'><strong>·</strong></span> 
     </span>
     <span class='ocr_line' id='line_1_5' title="bbox 237 857 1697 997; baseline 0.003 -27"><span class='ocrx_word' id='word_1_28' title='bbox 237 874 376 972; x_wconf 84' lang='lat' dir='ltr'>riam.</span> <span class='ocrx_word' id='word_1_29' title='bbox 434 860 747 968; x_wconf 71' lang='lat' dir='ltr'>sanffltatem</span> <span class='ocrx_word' id='word_1_30' title='bbox 817 857 1251 997; x_wconf 80' lang='lat' dir='ltr'>hypocritarum,</span> <span class='ocrx_word' id='word_1_31' title='bbox 1313 858 1697 995; x_wconf 72' lang='lat' dir='ltr'>pharisaeorum,</span> 
     </span>
     <span class='ocr_line' id='line_1_6' title="bbox 238 998 1696 1119; baseline 0.001 -4"><span class='ocrx_word' id='word_1_32' title='bbox 238 1004 598 1117; x_wconf 75' lang='lat' dir='ltr'>haereticorum</span> <span class='ocrx_word' id='word_1_33' title='bbox 661 1001 715 1111; x_wconf 79' lang='grc' dir='ltr'>δι</span> <span class='ocrx_word' id='word_1_34' title='bbox 757 1002 1008 1106; x_wconf 80' lang='lat' dir='ltr'>similium.</span> <span class='ocrx_word' id='word_1_35' title='bbox 1114 998 1370 1107; x_wconf 83' lang='lat' dir='ltr'>Intrahere</span> <span class='ocrx_word' id='word_1_36' title='bbox 1424 1015 1581 1115; x_wconf 85' lang='lat' dir='ltr'>etiam</span> <span class='ocrx_word' id='word_1_37' title='bbox 1626 1021 1696 1119; x_wconf 88' lang='lat' dir='ltr'>vi·</span> 
     </span>
     <span class='ocr_line' id='line_1_7' title="bbox 214 1140 1778 1287; baseline 0.005 -34"><span class='ocrx_word' id='word_1_38' title='bbox 214 1147 475 1254; x_wconf 78' lang='lat' dir='ltr'>·debatur·</span> <span class='ocrx_word' id='word_1_39' title='bbox 503 1144 644 1249; x_wconf 87' lang='lat' dir='ltr'>cordi</span> <span class='ocrx_word' id='word_1_40' title='bbox 693 1146 782 1248; x_wconf 92' lang='lat' dir='ltr'>suo</span> <span class='ocrx_word' id='word_1_41' title='bbox 829 1175 1068 1250; x_wconf 86' lang='lat' dir='ltr'>amorem</span> <span class='ocrx_word' id='word_1_42' title='bbox 1108 1140 1287 1249; x_wconf 86' lang='lat' dir='ltr'>falsum</span> <span class='ocrx_word' id='word_1_43' title='bbox 1327 1140 1382 1250; x_wconf 89' lang='lat'>&amp;</span> <span class='ocrx_word' id='word_1_44' title='bbox 1424 1155 1696 1287; x_wconf 86' lang='lat' dir='ltr'>impurum</span> <span class='ocrx_word' id='word_1_45' title='bbox 1776 1184 1778 1189; x_wconf 82' lang='lat'>·</span> 
     </span>
     <span class='ocr_line' id='line_1_8' title="bbox 240 1283 1694 1407; baseline 0.006 -13"><span class='ocrx_word' id='word_1_46' title='bbox 240 1301 482 1396; x_wconf 83' lang='lat' dir='ltr'>omnium</span> <span class='ocrx_word' id='word_1_47' title='bbox 521 1307 888 1407; x_wconf 87' lang='lat' dir='ltr'>creaturarum,</span> <span class='ocrx_word' id='word_1_48' title='bbox 932 1285 986 1403; x_wconf 88' lang='lat'>&amp;</span> <span class='ocrx_word' id='word_1_49' title='bbox 1032 1283 1172 1391; x_wconf 91' lang='lat' dir='ltr'>hunc</span> <span class='ocrx_word' id='word_1_50' title='bbox 1197 1283 1407 1394; x_wconf 87' lang='lat' dir='ltr'>obtulit</span> <span class='ocrx_word' id='word_1_51' title='bbox 1454 1289 1694 1402; x_wconf 88' lang='lat' dir='ltr'>Domino</span> 
     </span>
     <span class='ocr_line' id='line_1_9' title="bbox 215 1427 1693 1573; baseline 0.008 -40"><span class='ocrx_word' id='word_1_52' title='bbox 215 1440 219 1447; x_wconf 87' lang='lat'>&#39;</span> <span class='ocrx_word' id='word_1_53' title='bbox 240 1464 340 1573; x_wconf 88' lang='lat' dir='ltr'>pro·</span> <span class='ocrx_word' id='word_1_54' title='bbox 393 1434 528 1535; x_wconf 84' lang='lat' dir='ltr'>auro&#39;</span> <span class='ocrx_word' id='word_1_55' title='bbox 574 1430 808 1566; x_wconf 87' lang='lat' dir='ltr'>pretioso.</span> <span class='ocrx_word' id='word_1_56' title='bbox 913 1427 1044 1532; x_wconf 89' lang='lat' dir='ltr'>Haec</span> <span class='ocrx_word' id='word_1_57' title='bbox 1095 1435 1273 1534; x_wconf 90' lang='lat' dir='ltr'>omnia</span> <span class='ocrx_word' id='word_1_58' title='bbox 1319 1435 1373 1533; x_wconf 91' lang='lat' dir='ltr'>in</span> <span class='ocrx_word' id='word_1_59' title='bbox 1410 1433 1563 1539; x_wconf 86' lang='lat' dir='ltr'>corde</span> <span class='ocrx_word' id='word_1_60' title='bbox 1602 1439 1693 1545; x_wconf 85' lang='lat' dir='ltr'>suo</span> 
     </span>
     <span class='ocr_line' id='line_1_10' title="bbox 241 1567 1773 1691; baseline 0.007 -12"><span class='ocrx_word' id='word_1_61' title='bbox 241 1581 389 1678; x_wconf 88' lang='lat' dir='ltr'>omni</span> <span class='ocrx_word' id='word_1_62' title='bbox 440 1575 597 1676; x_wconf 88' lang='lat' dir='ltr'>scoria</span> <span class='ocrx_word' id='word_1_63' title='bbox 657 1570 884 1676; x_wconf 72' lang='lat' dir='ltr'>decoaa-</span> <span class='ocrx_word' id='word_1_64' title='bbox 912 1568 966 1676; x_wconf 90' lang='lat'>&amp;</span> <span class='ocrx_word' id='word_1_65' title='bbox 1016 1579 1150 1675; x_wconf 89' lang='lat' dir='ltr'>miro</span> <span class='ocrx_word' id='word_1_66' title='bbox 1200 1567 1369 1675; x_wconf 89' lang='lat' dir='ltr'>modo</span> <span class='ocrx_word' id='word_1_67' title='bbox 1422 1574 1694 1691; x_wconf 86' lang='lat' dir='ltr'>nobilitata</span> <span class='ocrx_word' id='word_1_68' title='bbox 1764 1654 1773 1667; x_wconf 86' lang='lat'><strong>·</strong></span> 
     </span>
    </p>
   </div>
   <div class='ocr_carea' id='block_1_3' title="bbox 238 1712 1794 1969">
    <p class='ocr_par' dir='ltr' id='par_1_3' title="bbox 238 1712 1794 1969">
     <span class='ocr_line' id='line_1_11' title="bbox 240 1712 1794 1848; baseline 0.005 -26"><span class='ocrx_word' id='word_1_69' title='bbox 240 1712 548 1822; x_wconf 85' lang='lat' dir='ltr'>videbantur</span> <span class='ocrx_word' id='word_1_70' title='bbox 609 1712 848 1820; x_wconf 89' lang='lat' dir='ltr'>Domino</span> <span class='ocrx_word' id='word_1_71' title='bbox 908 1715 1216 1848; x_wconf 80' lang='lat' dir='ltr'>praesentata.</span> <span class='ocrx_word' id='word_1_72' title='bbox 1320 1733 1392 1821; x_wconf 79' lang='lat' dir='ltr'>Ista</span> <span class='ocrx_word' id='word_1_73' title='bbox 1434 1745 1600 1826; x_wconf 75' lang='lat' dir='ltr'>intentio</span> <span class='ocrx_word' id='word_1_74' title='bbox 1644 1769 1693 1830; x_wconf 78' lang='lat' dir='ltr'>ac</span> <span class='ocrx_word' id='word_1_75' title='bbox 1791 1716 1794 1723; x_wconf 68' lang='grc'>’</span> 
     </span>
     <span class='ocr_line' id='line_1_12' title="bbox 238 1849 1694 1969; baseline 0.003 -30"><span class='ocrx_word' id='word_1_76' title='bbox 238 1861 304 1969; x_wconf 89' lang='lat' dir='ltr'>pia</span> <span class='ocrx_word' id='word_1_77' title='bbox 331 1851 487 1938; x_wconf 65' lang='lat' dir='ltr'>affeaiio</span> <span class='ocrx_word' id='word_1_78' title='bbox 516 1852 746 1964; x_wconf 87' lang='lat' dir='ltr'>purificandi</span> <span class='ocrx_word' id='word_1_79' title='bbox 774 1849 899 1936; x_wconf 85' lang='lat' dir='ltr'>aliena</span> <span class='ocrx_word' id='word_1_80' title='bbox 925 1875 1084 1965; x_wconf 88' lang='lat' dir='ltr'>peccata</span> <span class='ocrx_word' id='word_1_81' title='bbox 1113 1856 1152 1936; x_wconf 91' lang='lat' dir='ltr'>in</span> <span class='ocrx_word' id='word_1_82' title='bbox 1193 1849 1314 1935; x_wconf 89' lang='lat' dir='ltr'><strong>corde</strong></span> <span class='ocrx_word' id='word_1_83' title='bbox 1356 1854 1519 1953; x_wconf 80' lang='lat' dir='ltr'>nostro,</span> <span class='ocrx_word' id='word_1_84' title='bbox 1559 1862 1601 1940; x_wconf 75' lang='grc' dir='ltr'>δε</span> <span class='ocrx_word' id='word_1_85' title='bbox 1642 1858 1694 1944; x_wconf 85' lang='lat' dir='ltr'>fic</span> 
     </span>
    </p>
   </div>
   <div class='ocr_carea' id='block_1_4' title="bbox 239 1956 1850 2082">
    <p class='ocr_par' dir='ltr' id='par_1_4' title="bbox 239 1956 1850 2082">
     <span class='ocr_line' id='line_1_13' title="bbox 239 1956 1850 2082; baseline 0.002 -29"><span class='ocrx_word' id='word_1_86' title='bbox 239 1971 441 2082; x_wconf 85' lang='lat' dir='ltr'>purificata</span> <span class='ocrx_word' id='word_1_87' title='bbox 467 1967 662 2052; x_wconf 78' lang='lat' dir='ltr'>offerendi</span> <span class='ocrx_word' id='word_1_88' title='bbox 699 1972 810 2051; x_wconf 85' lang='lat' dir='ltr'>DEO</span> <span class='ocrx_word' id='word_1_89' title='bbox 842 1969 896 2051; x_wconf 85' lang='lat' dir='ltr'>est</span> <span class='ocrx_word' id='word_1_90' title='bbox 928 1965 1089 2079; x_wconf 87' lang='lat' dir='ltr'>quidem</span> <span class='ocrx_word' id='word_1_91' title='bbox 1118 1956 1345 2055; x_wconf 79' lang='lat' dir='ltr'>laudabilis3</span> <span class='ocrx_word' id='word_1_92' title='bbox 1380 1958 1447 2051; x_wconf 86' lang='lat' dir='ltr'>sed</span> <span class='ocrx_word' id='word_1_93' title='bbox 1482 1972 1592 2056; x_wconf 68' lang='lat' dir='ltr'>cauti:</span> <span class='ocrx_word' id='word_1_94' title='bbox 1622 1973 1694 2056; x_wconf 88' lang='lat' dir='ltr'>ad·</span> <span class='ocrx_word' id='word_1_95' title='bbox 1736 2043 1738 2047; x_wconf 94' lang='lat'><em>.</em></span> <span class='ocrx_word' id='word_1_96' title='bbox 1819 1993 1850 2063; x_wconf 61' lang='grc' dir='ltr'>ς</span> 
     </span>
    </p>
   </div>
   <div class='ocr_carea' id='block_1_5' title="bbox 240 2076 1693 2425">
    <p class='ocr_par' dir='ltr' id='par_1_5' title="bbox 240 2076 1693 2425">
     <span class='ocr_line' id='line_1_14' title="bbox 240 2076 1693 2190; baseline 0.004 -22"><span class='ocrx_word' id='word_1_97' title='bbox 240 2084 414 2168; x_wconf 82' lang='lat' dir='ltr'>hibenda</span> <span class='ocrx_word' id='word_1_98' title='bbox 446 2086 544 2165; x_wconf 90' lang='lat' dir='ltr'>circa</span> <span class='ocrx_word' id='word_1_99' title='bbox 585 2076 691 2166; x_wconf 82' lang='lat' dir='ltr'><strong>solos</strong></span> <span class='ocrx_word' id='word_1_100' title='bbox 730 2089 835 2165; x_wconf 65' lang='lat' dir='ltr'>acius</span> <span class='ocrx_word' id='word_1_101' title='bbox 870 2081 922 2164; x_wconf 84' lang='lat' dir='ltr'>de</span> <span class='ocrx_word' id='word_1_102' title='bbox 956 2078 994 2163; x_wconf 90' lang='lat' dir='ltr'>se</span> <span class='ocrx_word' id='word_1_103' title='bbox 1031 2080 1189 2176; x_wconf 86' lang='lat' dir='ltr'>bonos,</span> <span class='ocrx_word' id='word_1_104' title='bbox 1225 2084 1293 2190; x_wconf 92' lang='lat' dir='ltr'>qui</span> <span class='ocrx_word' id='word_1_105' title='bbox 1326 2080 1475 2183; x_wconf 76' lang='lat' dir='ltr'>tantiam</span> <span class='ocrx_word' id='word_1_106' title='bbox 1511 2089 1693 2174; x_wconf 87' lang='lat' dir='ltr'>vitiantur</span> 
     </span>
     <span class='ocr_line' id='line_1_15' title="bbox 241 2194 1692 2313; baseline 0.002 -29"><span class='ocrx_word' id='word_1_107' title='bbox 241 2224 292 2284; x_wconf 82' lang='lat' dir='ltr'>ex</span> <span class='ocrx_word' id='word_1_108' title='bbox 333 2201 623 2309; x_wconf 86' lang='lat' dir='ltr'>intentione&amp;</span> <span class='ocrx_word' id='word_1_109' title='bbox 662 2194 752 2296; x_wconf 86' lang='lat' dir='ltr'>fine,</span> <span class='ocrx_word' id='word_1_110' title='bbox 789 2224 826 2279; x_wconf 90' lang='lat' dir='ltr'>v.</span> <span class='ocrx_word' id='word_1_111' title='bbox 850 2222 888 2307; x_wconf 86' lang='lat' dir='ltr'>g.</span> <span class='ocrx_word' id='word_1_112' title='bbox 929 2196 1030 2278; x_wconf 86' lang='lat' dir='ltr'>circa</span> <span class='ocrx_word' id='word_1_113' title='bbox 1057 2200 1280 2310; x_wconf 83' lang='lat' dir='ltr'>orationes,</span> <span class='ocrx_word' id='word_1_114' title='bbox 1321 2199 1361 2277; x_wconf 87' lang='lat'>&amp;</span> <span class='ocrx_word' id='word_1_115' title='bbox 1391 2197 1530 2305; x_wconf 75' lang='lat' dir='ltr'>Jejunia</span> <span class='ocrx_word' id='word_1_116' title='bbox 1558 2203 1692 2313; x_wconf 83' lang='lat' dir='ltr'>hypo-</span> 
     </span>
     <span class='ocr_line' id='line_1_16' title="bbox 241 2305 1616 2425; baseline -0.001 -24"><span class='ocrx_word' id='word_1_117' title='bbox 241 2315 435 2409; x_wconf 63' lang='lat' dir='ltr'>citarum,</span> <span class='ocrx_word' id='word_1_118' title='bbox 462 2313 562 2395; x_wconf 84' lang='lat' dir='ltr'>circa</span> <span class='ocrx_word' id='word_1_119' title='bbox 594 2337 681 2425; x_wconf 86' lang='lat' dir='ltr'>quae</span> <span class='ocrx_word' id='word_1_120' title='bbox 710 2312 838 2424; x_wconf 86' lang='lat' dir='ltr'>potest</span> <span class='ocrx_word' id='word_1_121' title='bbox 857 2310 992 2395; x_wconf 88' lang='lat' dir='ltr'>haberi</span> <span class='ocrx_word' id='word_1_122' title='bbox 1028 2305 1324 2425; x_wconf 82' lang='lat' dir='ltr'>complacentia,</span> <span class='ocrx_word' id='word_1_123' title='bbox 1359 2312 1399 2394; x_wconf 88' lang='lat'>&amp;</span> <span class='ocrx_word' id='word_1_124' title='bbox 1432 2307 1616 2402; x_wconf 86' lang='lat' dir='ltr'>velleitas.</span> 
     </span>
    </p>
   </div>
   <div class='ocr_carea' id='block_1_6' title="bbox 238 2526 1819 3367">
    <p class='ocr_par' dir='ltr' id='par_1_6' title="bbox 238 2526 1819 3367">
     <span class='ocr_line' id='line_1_17' title="bbox 382 2526 1819 2672; baseline 0.006 -28"><span class='ocrx_word' id='word_1_125' title='bbox 382 2537 533 2647; x_wconf 80' lang='lat' dir='ltr'><strong>XXX.</strong></span> <span class='ocrx_word' id='word_1_126' title='bbox 603 2533 660 2643; x_wconf 88' lang='lat' dir='ltr'>L.</span> <span class='ocrx_word' id='word_1_127' title='bbox 688 2578 735 2667; x_wconf 83' lang='lat'>4.</span> <span class='ocrx_word' id='word_1_128' title='bbox 765 2536 825 2644; x_wconf 88' lang='lat' dir='ltr'>C.</span> <span class='ocrx_word' id='word_1_129' title='bbox 854 2573 900 2672; x_wconf 85' lang='lat'>7.</span> <span class='ocrx_word' id='word_1_130' title='bbox 975 2533 1023 2642; x_wconf 88' lang='lat' dir='ltr'>S.</span> <span class='ocrx_word' id='word_1_131' title='bbox 1063 2533 1334 2644; x_wconf 85' lang='lat' dir='ltr'>Gertrudes</span> <span class='ocrx_word' id='word_1_132' title='bbox 1370 2536 1514 2666; x_wconf 83' lang='lat' dir='ltr'>jubet</span> <span class='ocrx_word' id='word_1_133' title='bbox 1549 2573 1692 2652; x_wconf 88' lang='lat' dir='ltr'>com·</span> <span class='ocrx_word' id='word_1_134' title='bbox 1790 2526 1819 2588; x_wconf 57' lang='lat'><strong><em>⁵</em></strong></span> 
     </span>
     <span class='ocr_line' id='line_1_18' title="bbox 240 2678 1690 2816; baseline 0.003 -26"><span class='ocrx_word' id='word_1_135' title='bbox 240 2691 502 2790; x_wconf 82' lang='lat' dir='ltr'>municate</span> <span class='ocrx_word' id='word_1_136' title='bbox 551 2678 804 2784; x_wconf 89' lang='lat' dir='ltr'>Moniales</span> <span class='ocrx_word' id='word_1_137' title='bbox 862 2708 972 2784; x_wconf 88' lang='lat' dir='ltr'>non</span> <span class='ocrx_word' id='word_1_138' title='bbox 1037 2678 1286 2816; x_wconf 84' lang='lat' dir='ltr'>praemiffa</span> <span class='ocrx_word' id='word_1_139' title='bbox 1340 2679 1690 2795; x_wconf 83' lang='lat' dir='ltr'>Confeffione.</span> 
     </span>
     <span class='ocr_line' id='line_1_19' title="bbox 239 2817 1690 2963; baseline 0.005 -34"><span class='ocrx_word' id='word_1_140' title='bbox 239 2824 483 2963; x_wconf 82' lang='lat' dir='ltr'>Sequenti</span> <span class='ocrx_word' id='word_1_141' title='bbox 537 2818 617 2926; x_wconf 89' lang='lat' dir='ltr'>die</span> <span class='ocrx_word' id='word_1_142' title='bbox 679 2853 829 2925; x_wconf 89' lang='lat' dir='ltr'>orans</span> <span class='ocrx_word' id='word_1_143' title='bbox 853 2918 870 2933; x_wconf 80' lang='grc'>.</span> <span class='ocrx_word' id='word_1_144' title='bbox 898 2850 994 2958; x_wconf 89' lang='lat' dir='ltr'>pro</span> <span class='ocrx_word' id='word_1_145' title='bbox 1060 2817 1141 2924; x_wconf 85' lang='lat' dir='ltr'>his</span> <span class='ocrx_word' id='word_1_146' title='bbox 1197 2854 1311 2960; x_wconf 84' lang='lat' dir='ltr'>quae</span> <span class='ocrx_word' id='word_1_147' title='bbox 1364 2822 1429 2928; x_wconf 94' lang='lat' dir='ltr'>ad</span> <span class='ocrx_word' id='word_1_148' title='bbox 1484 2841 1690 2955; x_wconf 84' lang='lat' dir='ltr'>monita</span> 
     </span>
     <span class='ocr_line' id='line_1_20' title="bbox 239 2960 1688 3108; baseline 0.004 -36"><span class='ocrx_word' id='word_1_149' title='bbox 239 2969 323 3072; x_wconf 88' lang='lat' dir='ltr'>sua</span> <span class='ocrx_word' id='word_1_150' title='bbox 375 2961 857 3081; x_wconf 59' lang='lat' dir='ltr'>communicabant,</span> <span class='ocrx_word' id='word_1_151' title='bbox 907 2994 1019 3066; x_wconf 89' lang='lat' dir='ltr'>non</span> <span class='ocrx_word' id='word_1_152' title='bbox 1070 2960 1350 3085; x_wconf 88' lang='lat' dir='ltr'>obstante,</span> <span class='ocrx_word' id='word_1_153' title='bbox 1393 2969 1544 3106; x_wconf 84' lang='lat' dir='ltr'>quod</span> <span class='ocrx_word' id='word_1_154' title='bbox 1597 3005 1688 3108; x_wconf 87' lang='lat' dir='ltr'>per</span> 
     </span>
     <span class='ocr_line' id='line_1_21' title="bbox 241 3101 1723 3223; baseline 0.004 -8"><span class='ocrx_word' id='word_1_155' title='bbox 241 3104 552 3215; x_wconf 76' lang='lat' dir='ltr'>Confefforis</span> <span class='ocrx_word' id='word_1_156' title='bbox 614 3103 889 3211; x_wconf 87' lang='lat' dir='ltr'>absentiam</span> <span class='ocrx_word' id='word_1_157' title='bbox 959 3101 1331 3213; x_wconf 84' lang='lat' dir='ltr'>confeffionem</span> <span class='ocrx_word' id='word_1_158' title='bbox 1396 3142 1508 3216; x_wconf 93' lang='lat' dir='ltr'>non</span> <span class='ocrx_word' id='word_1_159' title='bbox 1558 3111 1723 3223; x_wconf 53' lang='lat' dir='ltr'>fece?</span> 
     </span>
     <span class='ocr_line' id='line_1_22' title="bbox 238 3244 1686 3367; baseline 0.006 -13"><span class='ocrx_word' id='word_1_160' title='bbox 238 3271 387 3367; x_wconf 85' lang='lat' dir='ltr'>rant,</span> <span class='ocrx_word' id='word_1_161' title='bbox 426 3246 691 3353; x_wconf 83' lang='lat' dir='ltr'>videbatur</span> <span class='ocrx_word' id='word_1_162' title='bbox 716 3244 998 3352; x_wconf 65' lang='lat' dir='ltr'>&#39;Dominus</span> <span class='ocrx_word' id='word_1_163' title='bbox 1043 3277 1126 3351; x_wconf 82' lang='lat' dir='ltr'>eas</span> <span class='ocrx_word' id='word_1_164' title='bbox 1176 3250 1348 3355; x_wconf 85' lang='lat' dir='ltr'>vestire</span> <span class='ocrx_word' id='word_1_165' title='bbox 1394 3254 1527 3359; x_wconf 85' lang='lat' dir='ltr'>veste</span> <span class='ocrx_word' id='word_1_166' title='bbox 1572 3287 1686 3363; x_wconf 84' lang='lat' dir='ltr'>can·</span> 
     </span>
    </p>
   </div>
   <div class='ocr_carea' id='block_1_7' title="bbox 238 3389 1689 3533">
    <p class='ocr_par' dir='ltr' id='par_1_7' title="bbox 238 3389 1689 3533">
     <span class='ocr_line' id='line_1_23' title="bbox 238 3389 1689 3533; baseline 0.007 -38"><span class='ocrx_word' id='word_1_167' title='bbox 238 3389 527 3508; x_wconf 82' lang='lat' dir='ltr'>didissima‚</span> <span class='ocrx_word' id='word_1_168' title='bbox 589 3389 765 3496; x_wconf 80' lang='lat' dir='ltr'>scilicet</span> <span class='ocrx_word' id='word_1_169' title='bbox 823 3392 892 3493; x_wconf 87' lang='lat' dir='ltr'>sui</span> <span class='ocrx_word' id='word_1_170' title='bbox 941 3398 1275 3499; x_wconf 66' lang='lat' dir='ltr'>innocentia..</span> <span class='ocrx_word' id='word_1_171' title='bbox 1359 3420 1549 3533; x_wconf 75' lang='lat' dir='ltr'>Qnmvis</span> <span class='ocrx_word' id='word_1_172' title='bbox 1573 3415 1689 3506; x_wconf 75' lang='lat' dir='ltr'>liceat</span> 
     </span>
    </p>
   </div>
   <div class='ocr_carea' id='block_1_8' title="bbox 231 3525 1689 3986">
    <p class='ocr_par' dir='ltr' id='par_1_8' title="bbox 231 3525 1689 3986">
     <span class='ocr_line' id='line_1_24' title="bbox 236 3525 1689 3645; baseline 0.003 -30"><span class='ocrx_word' id='word_1_173' title='bbox 236 3537 522 3635; x_wconf 81' lang='lat' dir='ltr'>communicare</span> <span class='ocrx_word' id='word_1_174' title='bbox 552 3559 635 3615; x_wconf 89' lang='lat' dir='ltr'>non</span> <span class='ocrx_word' id='word_1_175' title='bbox 664 3525 843 3644; x_wconf 84' lang='lat' dir='ltr'>praemiffa</span> <span class='ocrx_word' id='word_1_176' title='bbox 872 3527 1130 3630; x_wconf 84' lang='lat' dir='ltr'>confeffione,</span> <span class='ocrx_word' id='word_1_177' title='bbox 1160 3527 1186 3615; x_wconf 77' lang='lat' dir='ltr'>si</span> <span class='ocrx_word' id='word_1_178' title='bbox 1215 3533 1302 3645; x_wconf 84' lang='lat' dir='ltr'>quis</span> <span class='ocrx_word' id='word_1_179' title='bbox 1330 3557 1414 3616; x_wconf 91' lang='lat' dir='ltr'>non</span> <span class='ocrx_word' id='word_1_180' title='bbox 1442 3533 1561 3619; x_wconf 83' lang='lat' dir='ltr'>habet</span> <span class='ocrx_word' id='word_1_181' title='bbox 1590 3561 1689 3620; x_wconf 89' lang='lat' dir='ltr'>con-</span> 
     </span>
     <span class='ocr_line' id='line_1_25' title="bbox 235 3640 1686 3761; baseline 0.002 -31"><span class='ocrx_word' id='word_1_182' title='bbox 235 3640 428 3731; x_wconf 81' lang='lat' dir='ltr'>scientiam</span> <span class='ocrx_word' id='word_1_183' title='bbox 456 3649 626 3756; x_wconf 86' lang='lat' dir='ltr'>peccati,</span> <span class='ocrx_word' id='word_1_184' title='bbox 654 3670 735 3730; x_wconf 88' lang='lat' dir='ltr'>non</span> <span class='ocrx_word' id='word_1_185' title='bbox 766 3645 923 3730; x_wconf 82' lang='lat' dir='ltr'>videtur</span> <span class='ocrx_word' id='word_1_186' title='bbox 955 3668 1084 3729; x_wconf 87' lang='lat' dir='ltr'>tamen</span> <span class='ocrx_word' id='word_1_187' title='bbox 1109 3645 1152 3729; x_wconf 93' lang='lat' dir='ltr'>id</span> <span class='ocrx_word' id='word_1_188' title='bbox 1179 3646 1481 3757; x_wconf 83' lang='lat' dir='ltr'>praecipiendum</span> <span class='ocrx_word' id='word_1_189' title='bbox 1512 3646 1686 3761; x_wconf 56' lang='lat' dir='ltr'>&amp;Supe-</span> 
     </span>
     <span class='ocr_line' id='line_1_26' title="bbox 231 3755 1684 3875; baseline 0.003 -32"><span class='ocrx_word' id='word_1_190' title='bbox 231 3763 338 3843; x_wconf 82' lang='lat' dir='ltr'>tiore</span> <span class='ocrx_word' id='word_1_191' title='bbox 369 3756 549 3857; x_wconf 84' lang='lat' dir='ltr'>subditis,</span> <span class='ocrx_word' id='word_1_192' title='bbox 581 3786 669 3843; x_wconf 88' lang='lat' dir='ltr'>cum</span> <span class='ocrx_word' id='word_1_193' title='bbox 703 3755 828 3844; x_wconf 85' lang='lat' dir='ltr'>aliena</span> <span class='ocrx_word' id='word_1_194' title='bbox 855 3755 1085 3843; x_wconf 87' lang='lat' dir='ltr'>conscientia</span> <span class='ocrx_word' id='word_1_195' title='bbox 1119 3785 1199 3843; x_wconf 91' lang='lat' dir='ltr'>non</span> <span class='ocrx_word' id='word_1_196' title='bbox 1234 3758 1348 3871; x_wconf 84' lang='lat' dir='ltr'>poffit</span> <span class='ocrx_word' id='word_1_197' title='bbox 1376 3756 1451 3846; x_wconf 83' lang='lat' dir='ltr'>effe</span> <span class='ocrx_word' id='word_1_198' title='bbox 1474 3760 1684 3875; x_wconf 77' lang='lat' dir='ltr'>perspeeia.</span> 
     </span>
     <span class='ocr_line' id='line_1_27' title="bbox 233 3869 1685 3986; baseline 0.006 -33"><span class='ocrx_word' id='word_1_199' title='bbox 233 3876 314 3956; x_wconf 77' lang='lat' dir='ltr'>Sed</span> <span class='ocrx_word' id='word_1_200' title='bbox 343 3869 567 3986; x_wconf 85' lang='lat' dir='ltr'>responderi</span> <span class='ocrx_word' id='word_1_201' title='bbox 593 3877 745 3986; x_wconf 83' lang='lat' dir='ltr'>potest,</span> <span class='ocrx_word' id='word_1_202' title='bbox 773 3874 813 3958; x_wconf 80' lang='lat' dir='ltr'>S.</span> <span class='ocrx_word' id='word_1_203' title='bbox 855 3873 1090 3961; x_wconf 79' lang='lat' dir='ltr'>Gemudem</span> <span class='ocrx_word' id='word_1_204' title='bbox 1129 3900 1212 3957; x_wconf 89' lang='lat' dir='ltr'>non</span> <span class='ocrx_word' id='word_1_205' title='bbox 1243 3875 1471 3985; x_wconf 73' lang='lat' dir='ltr'>pracepiffl‘‚</span> <span class='ocrx_word' id='word_1_206' title='bbox 1498 3869 1565 3956; x_wconf 85' lang='lat' dir='ltr'>sed</span> <span class='ocrx_word' id='word_1_207' title='bbox 1604 3905 1685 3961; x_wconf 88' lang='lat' dir='ltr'>mo·</span> 
     </span>
    </p>
   </div>
   <div class='ocr_carea' id='block_1_9' title="bbox 232 3983 1686 4106">
    <p class='ocr_par' dir='ltr' id='par_1_9' title="bbox 232 3983 1686 4106">
     <span class='ocr_line' id='line_1_28' title="bbox 232 3983 1686 4106; baseline 0.001 -30"><span class='ocrx_word' id='word_1_208' title='bbox 232 3988 364 4099; x_wconf 66' lang='lat' dir='ltr'>naife-</span> <span class='ocrx_word' id='word_1_209' title='bbox 471 3988 601 4076; x_wconf 85' lang='lat' dir='ltr'>Dein</span> <span class='ocrx_word' id='word_1_210' title='bbox 626 3984 771 4076; x_wconf 79' lang='lat' dir='ltr'>etiamsi</span> <span class='ocrx_word' id='word_1_211' title='bbox 814 3983 1045 4106; x_wconf 76' lang='lat' dir='ltr'>pracepiiiet</span> <span class='ocrx_word' id='word_1_212' title='bbox 1078 3987 1135 4074; x_wconf 91' lang='lat' dir='ltr'>ob</span> <span class='ocrx_word' id='word_1_213' title='bbox 1181 3983 1372 4100; x_wconf 72' lang='lat' dir='ltr'>noralem</span> <span class='ocrx_word' id='word_1_214' title='bbox 1413 3988 1686 4095; x_wconf 57' lang='lat' dir='ltr'>‚certitudinem</span> 
     </span>
    </p>
   </div>
   <div class='ocr_carea' id='block_1_10' title="bbox 1632 4104 1816 4205">
    <p class='ocr_par' dir='ltr' id='par_1_10' title="bbox 1632 4104 1816 4205">
     <span class='ocr_line' id='line_1_29' title="bbox 1632 4104 1816 4205; baseline 0.005 -17"><span class='ocrx_word' id='word_1_215' title='bbox 1632 4104 1816 4205; x_wconf 74' lang='lat' dir='ltr'>de‘,</span> 
     </span>
    </p>
   </div>
   <div class='ocr_carea' id='block_1_11' title="bbox 0 0 1902 4994">
    <p class='ocr_par' dir='ltr' id='par_1_11' title="bbox 0 0 1902 4994">
     <span class='ocr_line' id='line_1_30' title="bbox 0 0 1902 4994; baseline 0 2"><span class='ocrx_word' id='word_1_216' title='bbox 0 0 1902 4994; x_wconf 95' lang='lat' dir='ltr'> </span> 
     </span>
    </p>
   </div>
  </div>
 </body>
</html>
