3772 4988
1456 106 1496 181 ..ᾗ
1527 176 1534 191 Ι

803 310 1142 449 Observationes
1160 312 1219 411 ad
1243 316 1399 417 Revel.
1422 310 1477 410 de
1493 310 1701 447 Agreda.

1409 550 1448 619 7·
1535 548 1607 620 24.
1704 543 1773 621 35·
1857 548 1876 603 2

527 1618 669 1737 Elong.
693 1616 744 1704 ad
763 1614 934 1807 opposrt.

527 1838 621 1935 Dic.
651 1785 755 1933 73l:
789 1852 1043 1927 24:17337:
1075 1848 1158 1923 ²40
1180 1854 1230 1919 z,
1258 1850 1323 1908 ro.
1344 1817 1438 1906 diss.

647 1950 784 2053 Itaque
814 1936 1070 2023 l¹lenilunium
1091 1939 1284 2049 contingit
1306 1965 1350 2020 ιι
1377 1932 1520 2043 Aprilis
1543 1940 1583 2021 in
1600 1938 1784 2021 Meridie.

529 2068 1377 2109 p--m
1388 2066 1481 2087 tnd-
1493 2076 1708 2095 m-

645 2130 755 2218 Plurn
778 2130 867 2217 talin
890 2128 1104 2215 Plenilunia
1129 2136 1357 2217 accurratius
1376 2130 1559 2218 calculata
1585 2136 1635 2219 ab
1659 2136 1714 2219 A.
1738 2142 1786 2221 R.
1810 2142 1853 2219 Ρ.

530 2250 587 2337 fro
607 2250 858 2335 Grammatici
876 2249 914 2331 S.
930 2252 962 2347 J.
984 2252 1025 2329 in
1045 2244 1113 2328 suo
1140 2252 1273 2357 Opere
1300 2248 1351 2329 de
1374 2252 1468 2331 AEra
1489 2246 1634 2361 vulgari
1651 2251 1705 2331 ab
1725 2279 1835 2334 auno
1855 2282 1872 2333 2

531 2392 614 2481 que
635 2380 702 2469 36,
717 2370 754 2445 δι
772 2362 796 2446 a
814 2366 928 2443 mein
943 2365 1092 2469 priores
1109 2386 1231 2443 annos
1249 2361 1401 2445 extensa
1414 2369 1581 2471 reperies
1597 2367 1637 2445 in
1652 2365 1886 2465 adjecta'sa

648 2478 714 2563 Ad
732 2478 811 2561 lroc
828 2472 1050 2587 responderi
1075 2478 1237 2587 quidem
1259 2480 1411 2586 potest,
1440 2478 1560 2559 nobis
1579 2506 1662 2561 non
1686 2478 1764 2563 elle
1784 2474 1868 2563 satis

531 2588 765 2711 perspersum
791 2588 958 2673 sormam
987 2585 1210 2673 Calendarii
1232 2590 1396 2691 Judaici,
1425 2593 1541 2701 quod
1561 2588 1668 2676 forte
1685 2622 1775 2676 non
1795 2592 1868 2679 fuit

531 2734 616 2793 tum
643 2704 748 2817 leges
772 2710 1072 2801 astronomicas,
1106 2702 1173 2786 sed
1201 2731 1382 2786 erroneas
1411 2706 1641 2813 Epauarum
1674 2704 1844 2791 tabulas.

532 2848 627 2905 num
648 2824 726 2903 hoc
748 2817 961 2915 satisfaciat,
981 2846 1157 2929 numque
1178 2820 1302 2919 Judai
1331 2814 1580 2927 permiserint,
1603 2819 1667 2903 sua
1682 2818 1881 2907 pleniluni

531 2932 670 3021 schalia
697 2938 854 3045 integris
880 2962 977 3033 κως.
995 2966 1034 3036 4.
1062 2960 1097 3032 5.
1122 2936 1160 3013 δι
1187 2927 1359 3039 pluribus
1383 2932 1521 3017 diebus
1549 2944 1750 3019 removeri
1783 2931 1886 3047 apl

533 3054 606 3137 niis
621 3054 731 3147 veris,
742 3044 906 3131 aliorum
920 3050 1002 3131 esto
1015 3046 1220 3152 judicium:
1238 3050 1330 3130 milri
1342 3044 1473 3131 sufficit
1487 3046 1696 3161 desrgnasse
1710 3046 1877 3137 difficule

649 3162 933 3271 Argumentum
956 3158 1113 3273 praesens
1132 3159 1256 3272 pollet
1277 3166 1449 3272 proponi
1473 3170 1588 3247 ctiam
1610 3166 1692 3247 hoc
1713 3166 1868 3249 modo:

531 3272 572 3363 la
589 3280 642 3361 est
659 3272 885 3389 affignabrlis
907 3274 1142 3387 Hypothesrs
1164 3278 1261 3359 circa
1282 3301 1422 3357 annum
1443 3280 1666 3361 Natiuitatis
1677 3280 1869 3377 Christi,i

531 3386 778 3475 verificentut
802 3416 938 3473 omnes
963 3394 1082 3473 Notae
1094 3384 1380 3500 Chronologiae
1402 3391 1731 3475 Charasterillicae
1750 3392 1776 3477 a
1798 3398 1860 3477 Ve

533 3509 589 3591 ria
612 3506 663 3587 de
686 3504 844 3615 Agreda
863 3502 1079 3615 defignatae,
1099 3530 1208 3613 crgo.
1263 3504 1353 3587 Ant
1368 3500 1477 3613 prob.
1495 3506 1544 3587 ab
1563 3504 1859 3591 inductione&
1878 3511 1885 3524 ’

535 3624 666 3705 ssione
683 3612 917 3701 Tabularum
941 3644 1037 3729 quas
1053 3616 1224 3719 sublicio.
1279 3620 1385 3699 Nam
1417 3644 1665 3729 quocunque
1695 3620 1863 3706 demum

529 3730 690 3841 juliano
708 3728 956 3845 supponatur,
978 3732 1172 3817 Christum
1199 3755 1333 3815 natum
1358 3727 1446 3829 else,
1463 3732 1648 3845 sequetur
1673 3762 1802 3823 uuam
1822 3733 1886 3823 alt

536 3878 619 3965 que
638 3852 773 3933 harum
791 3841 1053 3945 assertionum
1077 3836 1185 3929 salsas
1212 3838 1299 3930 esse.

651 3966 693 4045 Si
718 3962 886 4045 Christus
906 3985 1075 4071 ponatur
1095 3986 1206 4043 natus
1228 3956 1302 4042 else
1323 3986 1428 4043 anno
1442 3953 1600 4063 Juliano
1617 3992 1695 4065 45,
1715 3962 1883 4080 sequetu

534 4106 624 4165 mor
655 4080 827 4159 Mortem
848 4076 1001 4171 Christi,
1023 4080 1061 4159 &
1086 4082 1128 4161 B.
1150 4078 1317 4186 Virginis
1337 4102 1418 4157 non
1437 4076 1610 4157 incidere
1634 4082 1679 4159 in
1700 4081 1816 4167 diem
1830 4088 1886 4167 V«

534 4192 733 4281 Secundm
762 4194 929 4305 Nuptias
961 4193 1003 4278 iu
1030 4190 1143 4282 cana
1179 4216 1263 4279 uon
1291 4185 1401 4300 susle
1434 4186 1651 4281 celebratas
1682 4196 1800 4303 seriel
1824 4194 1884 4403 sep
