3796 4994
596 310 827 465 'lelevelrn
841 301 1094 443 deAgreda.
1111 311 1298 409 Persii.
1560 340 1661 441 309
1754 368 1757 379 .

340 545 436 620 315.
461 520 508 601 B.
532 518 582 600 V.
610 510 842 629 fatigabatur
869 515 908 597 in
940 512 1103 608 itinere,
1138 514 1232 627 quia
1250 506 1376 597 noluit
1397 513 1453 598 uti
1479 511 1661 602 dominio

216 626 285 715 suo
304 634 345 714 in
371 656 513 715 omnes
536 653 736 727 creaturas,
764 652 808 711 ut
829 621 979 739 aliquid
994 647 1200 737 pateretur.
1626 637 1628 640 ⁴

337 771 433 848 3¹7·
460 744 504 826 ln
529 746 668 828 itinere
692 740 833 853 reperit
857 734 1057 823 mulierem
1078 732 1262 824 obsessam
1288 788 1305 804 ·
1334 762 1430 823 tunc
1453 735 1664 854 agnoscens

220 854 390 941 diuinam
406 856 457 939 ad
483 854 779 941 misericordiam
793 846 1022 965 pro'pensam
1048 844 1312 951 voluntatem,
1338 856 1539 967 imperavit
1558 861 1662 961 intus

220 976 260 1055 in
278 973 409 1057 animo
427 967 694 1066 doemonibus,
714 991 758 1052 ut
780 970 941 1063 exirent,
968 969 1007 1048 δι
1031 968 1072 1047 in
1090 960 1284 1053 infernum
1305 967 1468 1054 abirent.
1522 970 1570 1053 Et
1589 971 1662 1057 sta..

218 1087 287 1168 tim
308 1087 497 1179 exierunt,
522 1109 569 1166 ac
588 1085 630 1165 in
647 1076 840 1164 infernum
861 1076 899 1163 fe
918 1081 1209 1190 praecipitarunt.
1593 1157 1598 1169 ,
1620 1151 1636 1171 ,

336 1225 431 1299 322.
455 1222 551 1299 323·
581 1195 687 1279 Cum
709 1189 861 1277 Lucifer
883 1198 924 1277 in
944 1216 1149 1275 momento
1174 1194 1448 1279 lncatnationit
1471 1222 1559 1281 cum
1584 1191 1660 1284 suit

217 1308 466 1394 vehementer
489 1311 771 1421 opprimeretur
796 1302 1037 1401 occultavi,
1063 1301 1222 1415 ipsemet
1246 1309 1418 1392 circuivit
1434 1332 1559 1394 totam
1580 1335 1661 1396 ttr-

219 1450 300 1507 ram
324 1423 375 1508 ad
397 1421 667 1506 inveniendam
695 1443 809 1503 tantae
842 1415 1093 1532 oppreffionir
1125 1416 1285 1503 causam.
1363 1420 1542 1507 Tandem
1570 1424 1661 1536 post

217 1558 294 1620 tres
319 1531 466 1619 menses
494 1530 597 1627 nulli
625 1557 776 1646 reperta
797 1530 906 1617 'causa
929 1526 1097 1617 reversus
1122 1524 1162 1615 in
1195 1530 1385 1617 infernum
1411 1540 1543 1651 coegit
1573 1543 1660 1623 uni·

216 1644 359 1732 versale
387 1641 610 1733 Concilium
640 1651 817 1730 omnium
841 1647 1094 1740 doemonum,
1122 1671 1226 1755 quos
1253 1674 1301 1732 ex
1329 1643 1411 1732 alto
1439 1652 1585 1736 throno
1607 1650 1661 1737 fic

216 1756 444 1873 alloquitur:
472 1763 597 1856 Scitis,
619 1754 783 1872 qualiter
808 1754 1099 1843 allaboraverim
1120 1757 1170 1839 ad
1198 1759 1475 1845 vindicandum
1498 1791 1572 1848 nos
1600 1765 1658 1849 ob

216 1880 453 1977 eieeiionent'·
467 1874 637 1958 nostram
671 1864 881 1958 dcoelo.·
938 1876 1028 1953 Hoc
1063 1896 1146 1954 non
1174 1869 1351 1956 obstante
1381 1870 1505 1959 sentio
1540 1904 1660 1979 nunc,

215 1992 315 2070 vires
339 1988 484 2073 nostras
505 1982 580 2070 eise
596 1984 748 2083 fradas,
763 1990 802 2069 dc
824 1986 986 2097 regnum
1008 1985 1181 2067 nostrum
1199 1978 1274 2069 esse
1292 1982 1474 2072 eversum.
1502 2037 1521 2055 ·
1566 1991 1659 2076 Cir-
1776 2006 1779 2011 ’

216 2102 317 2183 euivi
343 2122 497 2201 terram,
516 2091 802 2211 &perlustravi
824 2124 962 2182 omnes
988 2098 1168 2181 homines
1194 2148 1210 2165 ·
1241 2092 1383 2209 puella,
1402 2126 1520 2213 quam
1544 2106 1658 2188 time·

213 2212 304 2296 bam
317 2269 331 2310 ‚
364 2220 440 2319 jam
475 2214 530 2295 est
558 2215 777 2323 conjugata,
799 2211 981 2324 adeoque
1010 2222 1091 2293 non
1109 2211 1237 2322 potest
1258 2206 1333 2297 esse
1354 2237 1476 2299 mater
1500 2214 1656 2320 Meuia,

215 2353 302 2409 cum
323 2322 431 2409 isaias
451 2324 761 2437 prophetaverit,
784 2349 870 2408 eam
886 2322 974 2407 fore
996 2327 1033 2406 vi
1080 2326 1196 2410 inem.
1250 2328 1391 2409 Timeo
1417 2350 1575 2428 tamen,
1604 2359 1657 2419 ne

213 2436 318 2521 sorte
338 2434 415 2549 ips'a
435 2437 480 2522 fit
504 2461 625 2521 mater
638 2440 775 2519 'matris
799 2434 942 2520 futurae¹
964 2438 1009 2519 M
1059 2462 1115 2517 ιε.
1200 2438 1294 2519 Haec
1320 2438 1373 2521 est
1395 2443 1536 2525 invidia
1559 2469 1658 2529 con·

215 2577 273 2634 tra
297 2552 446 2634 nostros
470 2544 640 2633 insultus.
724 2545 849 2631 Facile
870 2544 1008 2631 labitur
1031 2548 1124 2630 mihi
1144 2547 1167 2631 ὲ
1190 2553 1402 2639 memoriae
1440 2556 1479 2635 δι
1501 2551 1528 2637 fi
1549 2557 1656 2644 redi:

213 2668 385 2757 memini,
413 2691 496 2747 non
529 2660 678 2774 possum
714 2655 829 2746 facile
859 2654 914 2744 illi
940 2662 1267 2775 appropinquare.
1345 2666 1448 2749 Non
1476 2662 1654 2783 intelligo

214 2777 314 2889 quid
331 2774 400 2862 fibi
420 2773 541 2860 velint
558 2777 637 2860 haec
659 2770 860 2860 difficultas
885 2774 1253 2886 appropinquandi,
1279 2778 1318 2858 dt
1336 2803 1423 2865 mea
1445 2776 1597 2867 oblivio
1612 2790 1657 2869 in

214 2892 287 2974 hac
309 2912 363 2974 re.
388 2894 465 2974 dec.
485 2894 561 2971 dec.
655 2882 934 3001 persequamur
961 2881 1086 2973 illamr
1141 2892 1368 3001 quicunque
1409 2886 1586 2980 uestrum'
1608 2900 1654 2983 in

212 3007 286 3088 hac
323 2999 600 3115 persecutione
635 2994 674 3087 se
713 3004 905 3087 strenuum
948 2994 1128 3121 gesserit,
1179 3002 1341 3097 habebit
1384 3003 1408 3090 d
1447 3034 1510 3092 me
1545 3037 1655 3121 proe-

214 3142 346 3203 mium.
388 3166 394 3175 ·
965 3158 972 3169 ·
1657 3200 1663 3217 ,

335 3253 430 3332 ³25·
461 3241 555 3332 με.
609 3230 714 3313 Tota
746 3253 896 3315 caterva
917 3226 1153 3315 doemonum
1179 3218 1349 3313 laudauit
1375 3227 1475 3317 hanc
1502 3258 1655 3347 propon

213 3343 387 3428 sirionem
419 3339 610 3438 Luciferi,
637 3340 897 3456 depromit,
923 3338 962 3426 ft
986 3340 1137 3425 fortiter
1165 3366 1301 3427 contra
1325 3346 1424 3429 hanc
1450 3345 1661 3443 mulierem,

215 3458 499 3555 dimicaturam,
522 3452 677 3538 dicens:
705 3502 724 3520 ·
782 3515 793 3541 .
834 3456 945 3541 Deus
977 3460 1082 3559 euim
1107 3455 1360 3541 doemonibus
1390 3461 1555 3569 provide
1579 3490 1652 3550 oc-

214 3566 371 3653 cultavit
396 3572 613 3681 mysterium
635 3568 933 3671 lucamatiouis,
953 3562 1269 3681 &uirginitatem
1300 3572 1345 3652 u.
1372 3576 1420 3658 V.
1453 3574 1652 3663 Deitatem

216 3682 356 3765 Christi
377 3706 503 3793 usque
523 3680 671 3785 adeius
698 3696 866 3766 mortem
888 3684 1087 3794 nunquam
1114 3704 1359 3792 agnoverunt
1379 3682 1653 3774 certitudinalr'·
1743 3710 1750 3723 ·

205 3798 285 3877 ter.
345 3799 561 3879 Doemontt
580 3792 629 3876 ab
652 3789 804 3880 obsessis
826 3797 949 3902 ejecti,
967 3792 1128 3991 quando
1149 3795 1342 3894 dixerunt,
1362 3792 1515 3905 scimus,
1533 3802 1651 3918 quod

215 3904 260 3992 fn
277 3901 377 3992 filius
394 3906 486 4011 Dei,
506 3906 550 3994 id
570 3904 718 3995 tautlm
740 3910 919 3999 danunt
938 3896 979 3993 su
991 3904 1177 4049 picando.

962 4134 1102 4250 Qua,
1302 4092 1391 4295 ν’
1556 4142 1656 4247 nu·
