3690 4988
376 226 487 454 4980
553 402 558 411 .
661 298 996 443 Observationes
1013 306 1074 405 ad
1090 306 1243 405 Revel.
1262 302 1314 402 de
1333 302 1529 438 Agrede.

382 548 464 605 non
481 514 536 600 fui
555 496 640 599 ausa
657 521 906 626 interrogare.
960 517 1072 595 Tunc
1086 513 1240 593 vocavit
1253 535 1318 593 me
1334 507 1385 591 ad
1405 501 1442 590 lc
1460 512 1504 591 Β.
1525 512 1653 622 Virgo
1675 507 1814 596 dicenti

381 634 636 718 Defiderasne
649 630 751 722 scire,
762 625 884 738 qualis
903 619 1151 707 fithicliber?
1165 624 1386 717 adverte,&
1400 621 1504 707 vide.
1563 628 1680 708 Tunc
1690 632 1731 709 B.
1740 630 1817 709 Vir·

384 774 438 861 go
457 747 602 854 aperuit
619 745 710 823 mibi
732 737 883 836 librum,
901 745 953 820 ita
980 763 1022 819 ut
1042 733 1190 849 possem
1215 731 1322 819 illum
1349 731 1494 847 legere.
1552 739 1665 849 Legi,
1682 743 1720 820 de
1738 736 1821 835 vidi,

385 860 499 971 quod
513 856 575 937 hic
595 851 692 937 liber
702 854 744 937 stt
762 849 933 961 ipsrffima
949 851 1102 933 historia
1119 847 1182 932 seu
1201 853 1291 935 Vita
1306 854 1348 931 Β.
1368 848 1554 959 Virginis,
1568 876 1690 962 quam
1702 849 1822 962 scripfi.

383 977 474 1057 Nec
494 994 620 1051 tamen
643 990 846 1077 propterea
872 964 1003 1046 Draco
1023 958 1196 1075 quiescit.
1255 965 1421 1072 Expctta
1441 959 1541 1057 sum,
1562 964 1681 1075 quod
1701 969 1741 1047 in
1758 968 1822 1049 luc

384 1085 537 1168 historia
554 1077 697 1162 nullum
716 1082 923 1188 reperiatur
945 1076 1121 1172 verbum,
1148 1079 1208 1159 cui
1229 1077 1363 1158 Draco
1381 1099 1465 1156 non
1482 1077 1722 1161 contradixit
1738 1075 1821 1164 infa

384 1190 600 1279 rioabilner.

415 1267 440 1310 ⁹
504 1333 568 1402 17·
600 1305 704 1387 Cum
728 1310 803 1412 jam
827 1299 1016 1385 adfinem
1045 1300 1269 1384 accederem
1292 1303 1333 1384 in
1352 1296 1562 1413 scriptione
1581 1302 1694 1407 huius
1719 1302 1823 1388 hillo·

384 1427 460 1519 ria,
480 1417 559 1502 vidi
579 1417 774 1513 arborem,
793 1416 843 1516 ad
864 1421 969 1516 cujus
980 1409 1098 1498 latera
1114 1413 1261 1497 stabant
1275 1414 1449 1498 Christus
1471 1420 1510 1497 δι
1529 1421 1575 1498 Β.
1596 1421 1738 1529 Virgo.
1785 1420 1823 1502 In

384 1533 489 1622 soliis
509 1555 616 1615 erant
635 1534 766 1615 omnia
792 1531 984 1640 mysteria,
1001 1529 1257 1622 Sacramenta,
1283 1531 1322 1607 δε
1339 1528 1439 1611 Abia
1464 1529 1610 1612 Christi
1632 1535 1673 1611 dt
1696 1536 1738 1614 Β.
1750 1534 1823 1615 Vir·

27 1646 31 1655 “
130 1702 146 1751 .·
317 1724 321 1729 .
385 1652 509 1765 ginisa
533 1646 822 1729 &haecomnia
842 1635 1078 1723 inhisfoliis
1099 1642 1139 1722 in
1162 1666 1303 1752 genere
1325 1644 1365 1721 &
1394 1636 1697 1752 speciereperi,
1720 1666 1824 1753 prout

386 1789 433 1846 ea
455 1755 640 1869 descripsi.
698 1764 851 1841 Ftudus
879 1755 991 1859 hujus
1008 1753 1177 1849 arboris,
1195 1778 1273 1836 erat
1294 1751 1437 1836 studius
1458 1759 1561 1850 vita,
1592 1760 1633 1837 ἃ
1650 1753 1823 1851 intellexi,

240 1884 248 1911 ‘
387 1873 500 1987 quod
511 1873 591 1956 hac
605 1872 723 1955 arbor
740 1868 921 1981 fignificet
937 1864 1159 1980 illamqua
1177 1890 1256 1949 erat
1268 1864 1440 1978 plantata
1456 1872 1496 1950 in
1511 1869 1652 1951 medio
1666 1870 1825 1979 pannii·

507 2002 571 2076 18.
600 1989 711 2066 Hanc
732 1985 925 2067 historiam
940 1977 1136 2091 complevi
1150 1978 1316 2065 secunda
1332 1981 1419 2067 vice
1441 1983 1551 2064 6Ma
1603 1997 1728 2067 1660.
1751 1989 1824 2065 Ro·

387 2126 441 2213 go
461 2091 654 2182 Moniales
681 2097 795 2197 huius
826 2098 1073 2194 Conventus,
1108 2120 1159 2177 ne
1187 2120 1357 2209 unquam
1381 2010 1587 2208 Originald
1614 2098 1713 2184 dent
1731 2122 1822 2185 extra

245 2226 251 2245 ·’
388 2217 666 2296 Conventum;
693 2213 731 2288 δι
747 2206 885 2318 stopus
903 2205 1008 2289 soret
1026 2232 1071 2291 ea
1086 2210 1341 2295 extraditione
1359 2209 1415 2291 ob
1432 2209 1671 2294 revifionem
1694 2218 1731 2295 ἃ
1748 2238 1823 2296 cen·

387 2321 535 2418 suram,
565 2318 616 2402 stc
642 2323 854 2428 imperante
884 2315 1106 2403 sublimiore
1131 2325 1338 2428 potestate,
1363 2316 1556 2406 denr'co
1589 2329 1678 2407 iam.
1737 2323 1822 2411 Eri

387 2437 519 2545 Copia
541 2427 632 2516 eiset
651 2431 887 2515 conferenda
912 2460 997 2516 cum
1019 2429 1219 2546 originali,
1238 2462 1320 2517 non
1340 2433 1536 2518 dimittant
1556 2466 1581 2520 a
1606 2438 1644 2520 se
1662 2444 1823 2551 Origina-

386 2545 439 2645 le,
459 2545 526 2631 nist
542 2571 611 2656 per
634 2568 774 2656 partes,
792 2549 844 2626 ita
864 2570 905 2627 ut
923 2548 1089 2628 restituta
1106 2553 1229 2657 prima
1249 2569 1358 2662 parte
1380 2546 1495 2635 detur
1522 2552 1718 2642 secundat
1747 2556 1823 2665 quit

387 2660 438 2745 fic
461 2661 514 2744 est
532 2655 710 2743 voluntas
734 2659 811 2742 Dei
833 2662 873 2739 δι
899 2666 941 2744 Β.
960 2662 1139 2772 Virginis.
1158 2738 1170 2753 ,

861 2843 1055 2973 Nom.
1150 2843 1341 2974 XIII.

387 3021 755 3206 Defignatio
815 3033 1137 3163 Locorum
1191 3034 1269 3161 in·
1308 3035 1819 3175 Revelationibus

805 3201 1076 3341 Agredanis
1108 3200 1439 3312 difficilium

386 3389 751 3740 piopostn'o.
796 3420 863 3503 r.'
892 3399 1251 3503 Revelationes
1274 3396 1352 3501 hae
1375 3430 1489 3503 non
1513 3420 1819 3515 conveniunt

562 3572 684 3644 cum
707 3548 960 3676 principiis
988 3538 1350 3677 Chronologiae
1376 3547 1652 3652 moraliter
1677 3560 1817 3669 certia

474 3772 480 3783 ,
561 3706 682 3790 ergo,
706 3678 731 3761 st
755 3705 836 3760 non
860 3681 914 3762 est
937 3674 1132 3761 moraliter
1156 3701 1325 3773 certum,
1354 3706 1418 3762 eas
1446 3682 1498 3764 ab
1526 3692 1643 3770 omni
1662 3684 1819 3773 illufione

384 3789 585 3906 phantafiae
605 3797 793 3875 immunes
811 3788 896 3888 eise,
913 3816 1031 3901 prout
1053 3788 1152 3873 infra
1171 3788 1400 3901 probabitur
1419 3797 1586 3905 propos.
1618 3821 1682 3893 18·
1703 3798 1818 3911 prasu-

385 3904 586 4002 mendum,
606 3899 670 3984 hic
688 3900 927 3986 intervenisse
951 3896 1164 3985 ill'ufionem
1188 3902 1402 4012 phantasia.
1467 3913 1562 3994 Ant.
1578 3913 1689 4022 proh,
1704 3920 1817 3997 Μοη.

382 4013 470 4101 liter
483 4040 626 4100 cerrum
641 4016 707 4109 est,
723 4018 893 4097 Mortem
904 4017 1044 4098 Christi
1060 4014 1229 4098 incidere
1246 4018 1285 4095 in
1303 4042 1451 4100 annum
1468 4025 1578 4106 AErae
1592 4016 1812 4139 vulgaritas.

324 4196 326 4201 .
382 4154 504 4239 prout
519 4131 661 4216 evincit
675 4124 886 4215 Francicus
898 4124 1129 4215 blanchinus
1149 4126 1550 4221 demonstrationibus
1560 4134 1814 4223 Albonomicir

1079 4290 1082 4299 ·
1324 4282 1361 4309 ·-
1774 4274 1805 4333 ru
