3796 4994
624 233 928 335 Revelatt'ories
962 236 1006 336 S.
1031 231 1285 334 cernuli.
1599 274 1665 376 93

224 441 448 557 Quomodo
479 445 587 530 in'll.
617 442 775 552 Virgine
802 433 954 550 possunt
981 440 1112 523 omnia
1139 441 1323 536 inveniri,
1353 460 1441 554 qute
1464 444 1668 533 inveniuii.
1805 527 1810 539 ‚

221 588 283 645 tur
307 566 345 644 in
379 559 594 652 divinitate,
630 554 858 665 &quidem
888 549 1186 666 perfectissime?
1224 553 1303 638 Sed
1328 554 1551 667 responderi
1572 585 1665 673 pot·
1829 664 1833 673 ι

221 677 287 772 cll,
314 675 355 758 id
379 671 522 763 saelum
544 697 612 782 per
630 669 895 752 imitationem.

359 881 481 989 XLI.
554 878 607 985 L.
644 920 690 1014 4.
731 878 790 986 C.
833 918 910 1010 53·
996 878 1138 995 Cium
1188 877 1245 984 Β.
1290 882 1445 1022 Virgo
1487 919 1662 1027 reprae-

220 1031 430 1132 sentaret
480 1022 583 1127 filio
616 1019 747 1127 haec
792 1022 982 1127 verba:
1053 1021 1148 1153 Ipsa
1189 1034 1453 1135 intercedat,
1516 1028 1663 1137 Chri·

221 1172 322 1271 stus
373 1163 671 1302 respondit:
750 1162 823 1266 Ex
882 1172 1288 1298 omnipotentia
1318 1198 1434 1273 mea
1486 1169 1659 1303 Mater
1803 1302 1806 1307 Ι

222 1308 514 1437 Reverenda
567 1305 658 1410 tibi
712 1305 929 1409 concessi
988 1301 1296 1441 potestatem
1349 1312 1689 1450 propitiandis

221 1460 440 1587 peccatis
511 1456 796 1564 omnium,
851 1457 938 1581 qui
1002 1446 1186 1551 devote
1233 1457 1483 1559 invocant
1553 1480 1658 1561 tuae

220 1600 419 1726 pictatia
462 1589 731 1703 auxilium,
773 1589 1109 1725 qualicunque
1140 1592 1305 1692 modo
1349 1593 1516 1730 placet
1547 1598 1652 1705 tibi,

216 1729 379 1816 Ecclesia
406 1744 487 1813 non
519 1723 688 1841 agnoscit
722 1730 980 1839 potestatem,
1010 1730 1230 1812 remittendi
1266 1733 1541 1819 authontatiue
1563 1742 1669 1849 pec-²
1783 1838 1788 1845 ‚

217 1872 302 1928 cata
329 1843 393 1928 nisi
419 1851 458 1926 in
481 1848 587 1939 Deo,
610 1848 649 1924 δι
685 1846 723 1924 in
748 1838 1030 1938 sacerdotibus,
1068 1869 1199 1954 neque
1225 1843 1392 1929 admittit
1421 1842 1536 1931 aliurn
1568 1880 1656 1934 mo·

215 1961 309 2041 dum
326 1960 530 2040 obtinendi
553 1982 658 2038 extra
675 1959 957 2038 Sacrarneutum
986 1961 1221 2066 poenitentia
1241 1957 1495 2044 remissionem
1545 1991 1655 2048 ecca·

215 2100 359 2168 torum,
383 2073 448 2156 nisi
467 2099 536 2184 per
550 2073 824 2153 contritionem
847 2067 1070 2178 perfeclam,
1100 2070 1212 2182 quod
1230 2096 1358 2156 tamen
1389 2071 1481 2159 esset
1505 1993 1653 2175 lhlsum,

213 2185 305 2272 fir.
327 2191 393 2269 Vir
422 2214 448 2265 o
467 2180 590 2296 posset
611 2188 804 2267 remittere
826 2206 994 2295 peccato,
1015 2185 1229 2295 quomodo
1249 2185 1316 2296 ipsi
1332 2180 1511 2297 placeret.
1568 2196 1653 2277 Ne·

215 2326 297 2414 que
321 2213 455 2383 sudes
476 2293 600 2383 solent
620 2324 757 2409 rugare
782 2303 824 2380 B.
847 2302 1059 2409 Virginem,
1079 2321 1120 2381 ut
1147 2297 1224 2406 ipsa
1245 2304 1413 2388 remittat
1429 2305 1544 2389 nobis
1561 2333 1654 2418 pec·

216 2432 311 2497 cata.
396 2414 474 2498 Sed
502 2404 720 2520 responderi
748 2413 887 2520 potesl,
914 2412 954 2493 id
981 2406 1089 2521 posse
1116 2406 1276 2522 intelligi
1306 2416 1356 2496 de
1376 2420 1508 2528 gratia,
1533 2446 1652 2530 quam

214 2530 257 2611 B.
293 2530 415 2638 Virgo
450 2527 591 2620 habet,
622 2525 889 2634 peccatoribus
932 2526 1138 2608 obtinendi
1182 2534 1339 2635 gratiam
1376 2528 1651 2630 conversionis,

215 2667 383 2751 eamque
402 2634 474 2723 illis
496 2668 563 2746 per
588 2634 706 2722 fillum
730 2640 962 2744 procurandi
988 2637 1232 2722 diversissimis
1260 2641 1412 2743 modis,
1442 2673 1545 2759 quos
1567 2651 1653 2735 Vir·

214 2783 270 2867 go
293 2752 552 2865 sapientissima
572 2755 783 2852 adinvenit,
805 2755 843 2835 dc
868 2752 1027 2836 adhibet
1048 2748 1119 2835 suis
1146 2748 1363 2843 clientibus.

358 2968 503 3074 xiii.
575 2966 618 3073 ι
675 3009 724 3099 4.
769 2967 828 3075 o.
870 3011 948 3103 rr·
1000 2972 1183 3089 uocet,
1236 2930 1377 3113 quor
1426 2898 1654 3122 Religion

217 3121 425 3218 veniant
466 3123 518 3215 in
559 3109 799 3217 Chorum
836 3114 1154 3254 Martyrum,
1187 3128 1530 3258 recipiuntque
1570 3157 1655 3229 eo·

216 3289 332 3357 rum
383 3254 681 3365 mercedem.
785 3282 848 3361 Sic
886 3280 1032 3361 habet:
1088 3283 1260 3365 Christus
1305 3284 1506 3368 videbatur
1534 3315 1658 3398 quos·

215 3423 296 3507 que
322 3390 496 3476 fidelium
520 3395 646 3475 adhuc
666 3399 708 3477 ιιι
739 3399 845 3475 terris
875 3389 1068 3475 militantis
1098 3390 1269 3477 Ecclesiae
1301 3398 1487 3506 degentes
1510 3405 1655 3486 Choris

215 3514 447 3592 Sanctorum
487 3515 561 3612 jam
578 3515 635 3588 -in
671 3511 778 3590 coelis
814 3507 1125 3615 triumphantium
1162 3505 1406 3594 interseruisse
1446 3509 1655 3599 secundum

220 3627 447 3705 meritorum
490 3627 643 3703 luorum
679 3624 906 3732 dignitatem
938 3646 973 3701 ν.
1008 3646 1046 3731 g.
1094 3626 1162 3732 qui
1201 3629 1445 3708 matrimonio
1486 3623 1658 3739 legitime

217 3763 368 3818 utentes
396 3740 433 3814 iii
457 3739 595 3815 timore
627 3739 702 3815 Dei
733 3742 843 3815 bonis
868 3760 1093 3817 exercentur
1118 3738 1299 3845 operibus
1331 3738 1564 3848 apparebant
1586 3746 1658 3826 ad·

218 3853 334 3946 iuncti
365 3844 496 3928 sanctis
535 3851 767 3928 patriarchis.
849 3853 931 3954 Qui
960 3860 1055 3930 vero
1090 3846 1230 3929 secreta
1268 3854 1529 3960 mysteriorum
1567 3857 1657 3939 DEI

222 3956 456 4074 cognoscere
484 3984 691 4054 metentur,
728 3962 931 4073 Prophetis
950 3959 1081 4160 langiis
1107 3961 1252 4046 addicti
1281 3963 1520 4049 videbantur.
1576 3970 1657 4071 Qui

295 4086 301 4095 “
339 4105 342 4114 ·
1093 4104 1111 4178 3
1529 4102 1659 4160 autem
