3796 4994
647 272 951 370 ammones
970 277 1014 376 s,
1034 206 1309 380 ommam
1433 264 1443 351 ἲ
1592 305 1689 403 1³7
1849 226 1853 245 Ι

250 466 385 604 litteris
414 467 691 604 delectabiliter
710 469 925 608 inscriptum
932 476 1101 674 ¹JESHS
1104 536 1119 576 ,
1139 484 1179 563 in
1201 478 1373 565 inferiori
1391 473 1615 609 verulano
1645 477 1694 563 li·

254 581 394 668 mrlrter
419 612 541 669 aurers
576 591 616 668 δι
655 614 750 670 vrvrs
776 583 909 672 lutens
948 618 1137 703 criptum,
1150 592 1300 704 Justus.
1325 641 1346 660 ·
1418 595 1522 676 Detn
1547 593 1693 694 JESUS

251 725 424 896 3]ὲίῐέἓὲ
453 699 665 897 ὀῦίξῖἱτυὲὶζὶὲ
679 702 720 783 in
757 699 878 786 finum
914 700 1022 789 suum
1053 703 1242 818 reposuit,
1267 730 1432 819 eamque
1450 701 1594 788 blande
1624 706 1695 791 de·

370 928 504 1009 xxur.
557 928 600 1010 L
629 957 670 1026 4.
698 925 750 1012 C.
782 952 846 1010 tt.
909 926 1014 1010 Cum
1043 935 1170 1016 anima
1197 934 1260 1030 (S.
1291 930 1518 1028 Gertrudis)
1547 927 1599 1015 lic
1624 927 1694 1015 dc·

257 1061 390 1122 corata
410 1037 548 1122 divinis
572 1036 836 1149 conspectibus
852 1065 1065 1152 appareret,
1086 1048 1279 1129 Dominus
1297 1050 1337 1128 in
1348 1069 1494 1129 ornatu
1513 1040 1697 1131 virtutum

258 1146 408 1236 illatum
424 1172 629 1264 tantopere
653 1149 864 1237 deledlatus
888 1159 926 1236 δι
944 1152 1102 1242 allecius
1124 1161 1191 1255 est,
1212 1159 1331 1271 quod
1351 1156 1458 1241 velut
1479 1182 1614 1241 amore
1635 1181 1696 1239 ca·
1786 1198 1792 1215 =

256 1288 347 1376 ptus
364 1261 403 1349 se
422 1292 511 1347 cum
535 1290 619 1349 tota
635 1270 774 1349 virtute
798 1265 1004 1353 divinitatis
1018 1273 1091 1354 suae
1106 1271 1158 1355 ad
1179 1297 1264 1356 eam
1285 1268 1470 1356 inclinus
1491 1266 1609 1379 ipsam
1633 1290 1695 1357 uo.-

258 1401 338 1461 tam
364 1373 586 1461 mirabiliter
601 1379 669 1462 fibi
690 1383 861 1475 intrarit,
888 1385 927 1464 dc
956 1386 998 1467 in
1020 1384 1099 1468 smu
1123 1383 1194 1468 suo
1223 1381 1387 1481 delicate
1415 1382 1632 1468 confovens
1654 1404 1697 1467 a·

255 1486 485 1574 mirabiliter
502 1492 569 1602 ipsr
595 1488 874 1577 blandiebatur.
1452 1527 1459 1534 ·
1557 1526 1560 1533 ·

375 1606 510 1691 XXIV.
563 1607 607 1689 1.
636 1635 676 1705 4.
703 1606 756 1688 C.
784 1632 852 1704 ¹4·
909 1607 1106 1691 Dominus
1130 1611 1223 1692 mira
1243 1605 1466 1692 blanditatis
1489 1607 1694 1693 exhibitio·

258 1743 313 1802 ne
330 1716 477 1801 adstans
502 1743 632 1801 coram
654 1720 780 1802 anima
805 1722 1008 1803 Genrudis
1031 1722 1144 1805 dixit:
1179 1726 1246 1805 Eia
1264 1726 1436 1821 Domina
1454 1726 1584 1833 regina
1599 1745 1695 1803 con·

209 1884 222 1910 ..
259 1826 383 1914 solare
399 1854 463 1914 me
479 1858 595 1928 nunc,
617 1831 710 1916 srcut
731 1858 810 1943 ego
829 1827 958 1945 sapius
980 1856 1021 1917 te
1041 1829 1257 1918 consolatus
1279 1836 1379 1923 sums
1406 1834 1537 1946 ficque
1555 1834 1697 1915 Domi

260 1969 334 2139 nlt’ts
356 1939 453 2028 ultra
478 1944 641 2027 modum
668 1943 833 2032 delicati
856 1942 1029 2046 trimisse
1054 1942 1284 2049 inclinabat,
1311 1972 1497 2060 tanquam
1525 1940 1697 2029 osculum
1733 2026 1736 2034 .

216 2083 283 2165 „a
339 2084 384 2141 ea
411 2084 499 2141 acce
527 2082 646 2143 turus.

316 2183 323 2191 ‘
376 2086 525 2256 XXV.p
553 2172 596 2255 L
620 2205 660 2275 4.
677 2172 729 2257 C.
751 2201 816 2277 ¹5·
870 2173 912 2255 Si
941 2168 1132 2257 defideras
1151 2174 1246 2257 mihi
1269 2197 1475 2285 gravamen
1495 2161 1698 2255 meumal·

262 2281 429 2382 leviare,
459 2306 551 2367 tunc
587 2308 746 2395 oportet
776 2310 818 2369 te
843 2311 1048 2396 gravamen
1076 2286 1240 2388 habere,
1268 2291 1308 2368 dc
1331 2288 1426 2369 state
1446 2283 1498 2366 ad
1518 2281 1718 2389 sinistram·

262 2424 405 2495 meam,
429 2421 472 2481 ut
495 2395 646 2508 pausem
673 2398 784 2507 super
802 2407 935 2507 pedus
951 2421 1080 2487 tuums
1107 2402 1147 2481 dt
1172 2398 1222 2483 stc
1239 2399 1383 2482 dissue
1406 2395 1616 2506 respicioin
1631 2419 1700 2479 cor

263 2535 376 2597 tuum
394 2516 433 2593 δι
450 2515 489 2594 ln
509 2506 689 2622 clangore
706 2507 924 2595 delectabili
946 2509 1223 2595 desideriorum
1239 2535 1394 2595 tuorum
1416 2536 1484 2592 me
1509 2506 1706 2591 continuo.
1733 2522 1741 2532 '

265 2618 476 2708 demulces.
530 2627 579 2705 Et
599 2620 758 2733 insuper
787 2634 901 2732 patet·
926 2624 1019 2707 mihi
1051 2620 1319 2708 thesaurarium
1346 2625 1474 2708 cordis
1487 2625 1563 2717 tui,
1577 2662 1582 2701 ;
1596 2617 1701 2703 unde

266 2734 493 2823 sufficienter
509 2736 731 2820 &stribuere
754 2760 895 2846 potero
920 2735 1099 2821 univerfis
1114 2737 1168 2820 de
1185 2761 1252 2843 tua
1266 2737 1373 2819 bona
1391 2731 1606 2828 voluntate,
1622 2756 1702 2843 qus

267 2850 452 2934 omnibus
467 2851 728 2961 indigentibus
751 2846 988 2932 benefacis.
1026 2855 1142 2933 Nam
1168 2850 1194 2934 sl
1225 2848 1393 2941 adilarm
1415 2849 1466 2932 ad
1491 2847 1712 2941 dexteram·
1779 2848 1784 2853 ’

265 2959 407 3048 scilicet
428 2960 697 3073 prosperitatis,
719 2966 776 3045 his
802 2958 1123 3046 delectationibus
1142 2967 1322 3072 privarer.
1593 3004 1596 3009 ·

383 3079 517 3160 XXVI.
575 3077 617 3157 L.
642 3110 679 3176 4.
700 3077 751 3161 C.
782 3103 846 3174 ις.
906 3079 1098 3159 Dominus
1123 3077 1175 3159 ad
1199 3074 1434 3161 Geruudem
1456 3076 1530 3156 ait:
1557 3069 1615 3155 Sis
1633 3068 1706 3150 mi·

264 3193 309 3297 hi
328 3196 369 3273 in
386 3194 668 3303 protestriccm,
695 3189 826 3300 quisi
848 3191 990 3272 tacetis
1007 3187 1158 3302 fugams
1178 3182 1334 3300 paufire
1353 3184 1573 3270 desiderans
1594 3182 1646 3267 ad
1662 3204 1707 3267 te
1748 3262 1752 3275 ,

267 3300 442 3414 confugi.
500 3306 613 3385 Tunc
645 3298 1046 3411 illa-circumpleoiens
1071 3328 1159 3386 eum
1178 3306 1272 3387 totis
1291 3300 1433 3389 viribus
1456 3295 1650 3383 nitebatur
1670 3298 1707 3391 i·

266 3414 377 3530 psum
396 3417 447 3498 ad
463 3420 602 3498 intima
616 3411 685 3498 sua
708 3416 936 3526 perducere.
1085 3487 1087 3491 ,
1190 3472 1213 3523 ι,
1769 3422 1776 3433 ·

384 3532 536 3612 xxvu.
592 3530 634 3610 L.
664 3561 704 3629 4.
733 3531 783 3611 C.
812 3539 876 3610 16.
934 3528 1041 3609 Dum
1070 3526 1285 3613 Gertmdes
1308 3527 1463 3609 reniret
1492 3521 1543 3609 ad
1568 3521 1711 3619 Domi·
1757 3604 1759 3609 .

270 3668 367 3729 trum
396 3648 436 3725 in
458 3638 617 3752 persona
630 3634 826 3735 Ecclefiat,
844 3663 950 3722 tanta
968 3634 1175 3724 serenitatis
1196 3636 1410 3725 blanditate
1430 3638 1481 3721 ab
1511 3635 1593 3750 ipso
1613 3642 1711 3719 inter
1845 3668 1852 3681 s

269 3755 463 3865 jucundos
497 3751 693 3864 amplexus
720 3749 888 3864 suscepta
914 3753 994 3848 est,
1021 3756 1134 3866 quod
1165 3780 1236 3864 per
1264 3755 1538 3862 experientiam
1574 3749 1711 3837 didicit

269 3869 467 3965 Gbnllum
490 3863 665 3978 sponsum
686 3870 809 3949 nimio
831 3861 972 3950 assessu
991 3867 1090 3951 duci.
1101 3892 1191 3980 erga
1214 3861 1391 3977 sponsam
1418 3858 1546 3965 suam,
1571 3857 1712 3948 scilicet

267 3978 516 4180 melidis.
533 4093 588 4176 A.
607 4023 655 4177 u
670 4089 850 4182 aeveus.
870 4040 975 4180 ra'rs·
993 4091 1050 4178 11.
1167 4040 1251 4181 's
1543 4078 1716 4230 xxvuu
