3796 4994
62 456 68 471 1
213 343 312 450 328
556 325 758 428 Revela.
787 332 841 426 de
866 319 1055 463 Agreda.
1086 332 1196 431 Pars
1221 325 1279 473 li.

332 558 352 634 5
362 550 426 629 ll·
453 527 650 615 Notitiam
671 533 724 617 'de
742 533 927 618 Adventu
951 528 1088 616 Meiile
1108 529 1157 615 stc
1181 528 1460 613 obtinuerunt.
1511 529 1670 642 Nempe

211 640 309 730 nato
329 645 485 728 Christo
503 646 622 728 statim
644 674 742 730 unus
762 645 999 758 superiorum
1026 640 1253 755 angelorum
1273 670 1321 724 ex
1341 648 1403 741 iis,
1433 645 1515 753 qui
1539 642 1676 729 aliiste·

212 756 310 842 bant
335 757 507 854 chullo,
538 753 766 844 illuminavit
793 764 846 846 de
875 763 949 843 huc
976 784 1019 842 re
1040 783 1118 841 ttes
1142 751 1300 867 angelos
1327 753 1539 840 Custodes
1558 764 1674 841 trium

214 876 385 980 Regum.
445 875 594 955 Hittes
621 869 747 986 angeli
773 876 894 958 statim
919 877 958 955 in
983 868 1122 955 somno
1144 868 1266 952 locuti
1285 864 1372 952 sunt
1396 871 1452 951 ad
1483 868 1583 955 suos
1603 895 1677 954 tres

215 986 356 1094 Reges,
383 983 575 1074 dicenttsr
604 988 717 1097 quod
735 1011 845 1070 naurs
872 985 916 1069 su
931 984 1107 1079 Meffias,
1140 988 1179 1066 δι
1210 982 1321 1095 quod
1344 983 1522 1077 adeum
1544 984 1701 1095 inqui'

215 1098 382 1181 tendum
402 1096 488 1206 rpus
512 1094 792 1206 preluciturum
811 1098 854 1185 stt
876 1098 1027 1211 Syduss
1066 1098 1179 1209 quod
1193 1099 1272 1179 haec
1296 1101 1436 1179 notitia
1457 1104 1586 1181 etiarn
1610 1097 1677 1181 rla·

216 1233 259 1297 ta
279 1211 322 1294 fit
345 1212 501 1294 duobus
526 1206 609 1294 aliis
629 1214 799 1327 Regibus
826 1218 953 1302 notiss
995 1236 1042 1295 tc
1066 1212 1241 1323 (leuique
1262 1209 1377 1321 quod
1407 1210 1576 1299 Meffias
1601 1208 1677 1298 fine

214 1351 326 1410 mora
346 1326 597 1434 inquirendus
617 1322 673 1407 fit.
775 1390 778 1395 .
1606 1402 1614 1407 .

340 1451 433 1539 556·
456 1466 549 1539 557·
579 1441 718 1550 Itaque
740 1438 864 1524 [latim
883 1436 1026 1523 eodem
1047 1435 1113 1519 die
1136 1429 1302 1547 quilibet
1320 1461 1463 1520 eorum
1519 1462 1678 1551 reparat

218 1550 292 1639 tria
314 1550 433 1647 dona,
450 1577 599 1649 aurum,
617 1553 719 1648 thus,
737 1558 776 1635 u
798 1555 1011 1663 myrrhatus
1040 1554 1080 1633 δι
1102 1545 1285 1647 camelos,
1308 1554 1346 1632 lit
1370 1546 1454 1633 fam
1502 1578 1585 1649 os,
1616 1551 1677 1639 ttll

217 1664 387 1749 necdum
408 1661 529 1761 sciret,
550 1665 648 1778 quid
671 1662 735 1750 alii
751 1667 836 1761 duo
851 1669 977 1778 Reges
1000 1664 1118 1747 eRent
1138 1660 1286 1747 facturi.
1371 1658 1586 1776 Angelus,
1606 1670 1675 1779 qui

215 1772 437 1867 Bethlemiu
462 1780 694 1877 advenerat,
722 1778 917 1863 formabat
937 1809 986 1864 ex
1006 1781 1163 1861 materia
1186 1781 1297 1861 aerea
1320 1769 1497 1877 lucidam
1517 1773 1676 1879 uellam,

215 1915 386 1975 attamen
405 1896 595 1977 minorem
614 1897 756 1981 ceretis
776 1888 889 1978 stellis
909 1890 1149 1977 firmamenti.
1212 1885 1350 2001 Mansit
1374 1892 1463 1975 haec
1499 1886 1614 1981 ilella
1637 1900 1675 1987 in

218 2004 353 2091 infima
378 2013 539 2118 regione
560 2010 682 2095 aitiss
717 2012 837 2091 nullu
858 2003 1014 2091 lucebat
1033 2005 1145 2087 instar
1166 1998 1287 2092 facist
1327 2029 1399 2114 per
1423 2003 1542 2089 diem
1568 2006 1674 2093 intur

215 2111 321 2203 lulis.
447 2118 577 2203 nando
597 2144 674 2201 tres
692 2119 818 2230 Reges
835 2124 1008 2204 exierunt
1033 2112 1136 2223 esua
1156 2116 1308 2216 Domo,
1334 2117 1461 2201 statim
1493 2118 1672 2205 viderunt

219 2256 366 2315 novam
389 2231 441 2315 Re
455 2225 558 2333 ltm3
587 2258 675 2316 nam
707 2256 788 2317 erat
811 2235 852 2314 in
878 2258 924 2317 ea
940 2227 1165 2330 altitudine,
1186 2254 1229 2313 ut
1252 2226 1302 2313 ab
1324 2230 1519 2317 omnibus
1546 2230 1670 2345 obser·

221 2336 1671 2559 ttertr:zitrrstrrssrrrnmrrstinterum

220 2598 478 2662 narraverunt.

220 2796 278 2885 m
302 2679 1497 2914 simillia?luititiliifllipilili‘slil?
1511 2710 1682 2885 Sillii

221 2904 311 2997 fuso
329 2910 399 2998 luo
418 2910 653 3028 splendore,
680 2921 717 3001 δι
750 2912 930 3002 dissoluta
961 2920 1143 3011 materia,
1171 2941 1219 2997 ex
1247 2937 1324 3025 qus
1346 2918 1562 3025 compaela
1583 2936 1669 3014 erat,

138 3068 141 3074 ·
221 3032 391 3228 evangil?
411 3035 551 3228 1‚Tres
571 3034 700 3144 Reges
728 3025 936 3129 sciverunt,
965 3033 1128 3135 Mariam
1148 3022 1224 3112 effe
1240 3027 1460 3140 Virginem,
1483 3030 1530 3112 ἃ
1550 3025 1670 3115 initu

218 3163 302 3229 tem
372 3171 395 3230 e
454 3170 555 3229 eum.
1444 3208 1449 3218 .

344 3271 438 3360 5⁶¹·
464 3257 607 3362 Jusus
626 3277 772 3343 tantum
790 3279 884 3344 tunc
899 3255 950 3344 de
973 3250 1011 3342 se
1027 3249 1154 3370 sparfit
1170 3249 1311 3353 lucem,
1322 3276 1367 3338 ut
1382 3247 1564 3369 Prael'epe
1581 3282 1671 3343 con·

221 3392 435 3456 uerteretur
463 3370 682 3459 incutiunt.
762 3375 859 3457 Tres
891 3378 1021 3486 Reges
1046 3373 1229 3455 intrantes
1250 3365 1434 3452 viderunt
1455 3366 1672 3469 multitudi

224 3502 317 3571 uem
349 3479 573 3597 angelorum
606 3510 695 3570 cum
728 3507 900 3573 tremore
928 3486 1171 3571 adstantium.
1255 3474 1484 3568 Voluerunt
1516 3481 1674 3571 osurlari

222 3618 379 3681 manum
406 3605 449 3682 B.
472 3602 653 3713 Virginis,
681 3619 725 3682 ut
752 3603 793 3682 in
817 3626 953 3685 eorum
977 3603 1107 3711 regnis
1134 3620 1224 3708 erga
1248 3597 1420 3708 Reginus
1443 3593 1676 3687 consuetius

222 3730 319 3816 stat,
341 3706 409 3796 sed
429 3708 508 3826 ipla
525 3708 619 3799 loco
631 3712 704 3796 suae
723 3739 858 3798 manus
875 3718 1051 3826 porrexit
1068 3737 1226 3796 manum
1248 3706 1418 3792 infantis.

164 3842 169 3851 ’
346 3845 439 3926 562.
463 3831 560 3911 Tres
577 3829 701 3940 Reges
725 3826 847 3913 tribus
865 3821 1025 3940 expletis
1045 3829 1152 3911 horis
1169 3829 1210 3907 in
1225 3816 1411 3935 Ptoesepio
1430 3820 1577 3911 reverti
1595 3822 1675 3911 sunt

222 3939 265 4027 in
284 3939 419 4024 urbem
441 3936 668 4026 Bethlehem
690 3938 742 4027 ad
764 3936 1027 4050 diversorium.
1077 3945 1192 4028 'runc
1206 3940 1247 4022 B.
1263 3940 1313 4025 V.
1330 3960 1420 4022 cum
1438 3940 1481 4027 S.
1498 3938 1670 4061 Josepho

223 4059 363 4171 cecinit
379 4080 487 4146 nova
509 4058 686 4169 Cantica.
