3796 4994
622 231 907 366 Regularum*
930 232 1257 329 Summanum.
1447 207 1455 220 ⁶
1559 232 1624 332 26
1631 263 1654 354 3

205 466 297 557 quas
320 437 470 523 ordine
494 431 731 523 connaturali
750 430 875 519 solent
891 436 936 518 'in
961 428 1131 548 personis
1153 428 1477 633 contemlplationi
1511 432 1663 523 assuetis

205 551 392 669 consequi
423 553 619 661 ejusmodi
652 551 817 637 visiones
847 546 911 635 seu
942 555 1187 663 cognitiones
1216 557 1295 637 inte
1327 544 1506 636 estuales.
1577 558 1660 638 Pat.

204 672 295 791 Reg.
324 698 394 773 13.-

318 858 478 981 Regttsu.
511 883 550 975 8.Ι
598 856 703 946 Non
732 862 786 944 est
819 882 965 943 certum
1002 856 1173 971 signum,
1217 853 1507 944 revelationem·
1535 859 1667 948 essea

214 984 309 1077 neo,
338 977 365 1062 st
392 1006 433 1061 tn
455 971 519 1060 illa
543 983 809 1059 contineantur
836 970 956 1058 multa
980 969 1250 1073 vetassaneia,
1280 1001 1326 1057 ac
1344 971 1532 1086 ptaeclara.
1593 979 1667 1061 Ra·
1759 1050 1764 1058 ,

218 1100 261 1182 tio
290 1096 370 1189 est,
392 1095 485 1206 quia
515 1090 682 1175 doemon
716 1084 931 1201 aliquando
966 1091 1156 1200 proponit
1191 1087 1386 1174 dosirinas
1416 1085 1665 1190 sanctissimas,
1778 1162 1781 1167 .
1844 1082 1848 1091 ’

224 1236 259 1294 at
273 1204 494 1303 utilissimas,
516 1230 558 1288 ut
581 1202 651 1288 sibi
677 1230 741 1306 aut
767 1200 936 1313 personae
974 1201 1184 1286 visionariae
1220 1209 1425 1317 conquirat
1455 1209 1668 1315 authorita-

227 1350 289 1409 tem
314 1329 353 1404 ἃ
378 1320 512 1418 fidem,
535 1319 677 1432 quibus
698 1313 813 1402 semel
837 1313 1005 1402 stabilitis
1032 1317 1144 1429 possit
1165 1315 1375 1403 immiscere
1401 1316 1578 1432 pestilens
1607 1348 1667 1405 er·

228 1443 308 1524 tntis
330 1442 447 1520 virus.
504 1438 678 1517 Imitatur
707 1439 746 1517 in
775 1437 853 1516 ltoc
886 1428 1030 1516 lusores
1060 1429 1354 1531 fraudulentos,
1381 1438 1449 1547 qui
1472 1435 1522 1518 ab
1552 1440 1665 1520 initio

230 1550 392 1636 collusoti
417 1556 621 1661 inexperto
645 1553 872 1660 permittunt
901 1552 1037 1660 ingens
1064 1543 1234 1645 luctum,
1262 1574 1304 1630 ut
1335 1556 1458 1634 trasiu
1482 1555 1669 1666 temporis

230 1666 376 1753 inferant
398 1660 584 1779 centuplo
607 1669 727 1772 majus
750 1663 947 1748 damnum.
989 1666 1087 1745 Pat.
1110 1662 1297 1775 Regetp.
1438 1669 1445 1677 '

329 1883 489 2005 Regula.
521 1920 556 1988 9.
614 1891 713 1971 Non
744 1888 797 1968 esi
825 1873 972 1969 certum
1006 1883 1181 1997 sgnum,
1216 1880 1473 1973 revelationes
1514 1882 1671 1998 alicujus
1746 1961 1751 1971 .

237 2000 388 2114 persone
414 2005 547 2088 sanslae
573 2028 707 2085 omnes
728 1998 802 2084 esse
833 2004 985 2099 aDen,
1013 1999 1127 2084 stfint
1152 1996 1307 2112 publica
1335 2003 1568 2087 authoritate
1587 2005 1671 2088 An-

196 2160 201 2221 i
239 2119 371 2203 nurum
404 2113 590 2213 Ecclesiae,
624 2141 690 2201 aut
719 2117 943 2199 Doctorum
981 2119 1211 2198 eximiorum
1239 2117 1279 2197 in
1307 2111 1436 2199 forma
1469 2120 1672 2203 communi

196 2256 200 2267 ’
241 2233 453 2346 approbate.
530 2235 642 2315 Ratio
669 2231 749 2329 est,
779 2235 889 2345 quia,
906 2229 1216 2342 approbationes
1244 2233 1284 2312 in
1313 2227 1439 2315 forma
1472 2236 1675 2317 communi

242 2342 300 2432 ieri
318 2341 436 2432 lositae
457 2341 581 2430 solum
599 2346 794 2443 testantur,
821 2350 861 2434 in
884 2344 1076 2452 ejusmodi
1107 2340 1408 2429 revelationibus
1427 2341 1481 2428 nil
1513 2345 1676 2432 manife-

244 2459 284 2544 li
304 2457 480 2546 relucere
509 2464 742 2544 contrarium
781 2459 1003 2543 veritatibus
1038 2457 1130 2542 fidei
1167 2460 1353 2542 haetenus
1391 2457 1580 2556 definitis,
1606 2484 1674 2548 aut
1777 2544 1781 2555 ,

246 2568 601 2676 insinuatarum
631 2575 756 2686 idque
779 2575 944 2658 maxime
964 2570 1096 2657 locum
1118 2574 1248 2673 habet,
1273 2572 1511 2673 fietusmodi
1536 2603 1555 2658 a
1586 2605 1678 2687 pro·

219 2683 400 2777 .bationes
425 2685 589 2774 afficiant
623 2700 816 2801 integrum
849 2685 1015 2800 aliquod
1040 2716 1183 2799 corpus
1216 2684 1279 2771 scu
1307 2684 1447 2795 librum
1469 2605 1678 2777 reveiatio·

250 2824 337 2908 tunt,
356 2815 396 2890 in
428 2832 512 2918 quo
548 2808 685 2916 utique
716 2829 799 2886 non
829 2827 967 2887 omnes
1001 2800 1290 2916 propositiones
1315 2798 1488 2916 presumi
1522 2801 1678 2919 poliunt

252 2910 331 3005 inisse
348 2927 490 3005 exasiae
516 2917 567 3002 ad
590 2912 755 3032 Regulas
780 2946 825 3001 ac
848 2942 961 3002 notas
990 2918 1304 3002 characteristica
1340 2923 1591 3030 genuinarum
1618 2949 1680 3005 tc·

253 3027 462 3119 velationum
494 3032 716 3118 indubitati>
747 3029 907 3120 taliumr
938 3057 1004 3115 aut
1028 3031 1054 3115 st
1074 3038 1188 3114 etiam
1217 3028 1350 3116 forent
1370 3031 1561 3145 expensae,
1585 3062 1680 3146 prae-

256 3147 307 3232 tite
332 3152 642 3262 permitterentur
673 3146 751 3261 legi
784 3146 994 3258 respesiive
1022 3149 1071 3229 ad
1093 3143 1207 3241 loca,
1227 3170 1426 3258 tempora,
1451 3153 1487 3230 &
1518 3153 1682 3233 circum·
1809 3220 1818 3225 ..

257 3255 387 3361 mnas,
415 3270 470 3347 in
488 3263 633 3376 quibus
654 3291 695 3347 re
718 3264 894 3346 nondum
922 3258 1057 3345 melius
1079 3256 1233 3344 discussa
1253 3287 1411 3373 apparet
1434 3268 1557 3369 major
1580 3258 1682 3348 utili·

259 3390 311 3472 tat,
331 3381 448 3493 quim
465 3376 762 3463 'nocumentum
794 3373 1020 3491 legentium·
1067 3381 1187 3461 Grav.
1229 3378 1325 3489 Reg.
1357 3381 1460 3462 Gen.
1491 3408 1529 3478 4.
1566 3381 1681 3464 Gers.

261 3483 327 3602 leg.
354 3523 419 3597 ¹5·

342 3704 463 3793 Aliud
494 3709 705 3799 dicendum
735 3707 853 3808 foret,
881 3708 908 3794 fi
936 3706 1066 3825 aliqua
1090 3704 1278 3793 revelatio
1306 3706 1541 3822 particularis
1570 3703 1692 3824 agno·

250 3808 394 3927 ..leretur
412 3853 488 3936 pro
517 3826 649 3910 reveri
670 3829 800 3911 divina
825 3853 895 3936 per
927 3821 1148 3911 consensum
1176 3829 1351 3906 omnium
1380 3830 1601 3909 Doctorum
1625 3853 1689 3910 to·

250 3935 311 4033 [stu
327 3939 520 4036 sceleste,
544 3938 724 4025 videlicet
744 3945 781 4023 in
806 3935 934 4036 ltalia,
961 3937 1109 4034 Gallia,
1138 3935 1327 4049 Hispania.
1358 3945 1432 4021 &e
1488 3937 1557 4024 llle
1587 3946 1691 4026 enim

260 4046 432 4143 emensio
455 4051 639 4143 fundaret
660 4055 765 4143 haud
787 4053 909 4142 dubie
928 4056 1265 4170 praesumptionem
1296 4048 1494 4143 moraliter
1531 4081 1689 4254 cprlram,
1758 4144 1771 4155 ‚

1563 4194 1691 4267 arem,
