3796 4994
492 302 851 443 Rraefatione's&
874 313 978 465 uita
999 312 1164 414 Maria
1182 311 1236 412 de
1259 315 1456 450 Agreda
1587 348 1704 456 4⁸7

243 528 368 645 ptum,
382 518 868 640 gaudebat‚&aliquando
881 520 931 606 slc
946 517 1356 635 abripiebatutlpititu,
1367 549 1411 608 ut
1422 521 1635 618 elevaretur
1650 538 1692 621 in

244 642 380 738 altum,
404 648 442 724 ἃ
466 664 658 751 pateretui
675 637 831 722 Eblasm.
889 669 929 736 4.
961 640 1070 730 Deus
1083 638 1174 721 dein
1194 635 1231 718 se
1251 634 1536 728 familiariorem
1556 642 1609 730 illi
1625 676 1695 733 ex·

244 761 369 845 hibuit
385 785 454 868 pet
473 758 745 864 apparitiones,
757 746 1029 848 nudationes,
1042 758 1079 834 δι
1092 746 1251 836 Euases.
1296 756 1427 838 Ptimb
1442 762 1483 840 B.
1496 764 1711 874 Virginem*

243 879 341 960 vidit
365 886 472 954 1620
494 869 669 954 Sabbato
689 868 774 978 poll
799 868 1077 956 pentecostem
1103 892 1189 948 cum
1210 871 1314 950 enim
1336 896 1490 979 granta
1512 864 1694 964 afflietio·

242 1016 295 1074 ne
314 982 492 1072 clamaret
506 985 558 1068 ad
573 986 804 1074 Dominum,
819 984 971 1066 dicens:
998 982 1185 1081 Domine,
1259 974 1693 1089 idiamintalistatu'in·

244 1099 416 1215 cipiam?
441 1125 548 1208 rapta
561 1099 614 1181 est
627 1101 666 1180 in
684 1095 843 1195 Eclafin,
858 1094 926 1179 ubi
940 1095 963 1182 ὲ
977 1096 1100 1180 corde
1121 1102 1172 1181 ab
1261 1125 1304 1180 us
1319 1095 1448 1183 omnis*
1465 1129 1626 1205 moeror,
1648 1113 1689 1194 δι
1757 1098 1761 1109 ’

188 1202 204 1231 '
240 1243 346 1302 tanta
361 1213 480 1300 infula
499 1208 700 1306 exultatio,
717 1236 757 1292 ut
774 1205 828 1293 illi
848 1236 930 1317 nup
948 1214 1117 1320 potuerit
1139 1209 1241 1295 testst
1339 1214 1487 1317 ptiamsi
1509 1204 1709 1329 voluerit„

189 1416 191 1421 ,
240 1335 349 1418 Dein
365 1329 458 1414 vidit
473 1334 514 1413 Β.
534 1333 746 1435 Virginem,
762 1351 803 1407 ut
821 1328 1073 1436 accipientem
1093 1353 1162 1408 cot
1191 1238 1426 1455 tube
1442 1333 1574 1418 cruce
1590 1341 1631 1421 in
1642 1338 1689 1424 fi.

240 1475 332 1535 num
353 1441 474 1529 lutam.
527 1442 734 1553 Postqua'
865 1466 911 1524 ac
931 1436 1006 1536 fuit
1025 1440 1139 1525 in'lltu
1180 1443 1488 1553 ade‚&'eteitio
1510 1456 1688 1538 omnium

239 1567 437 1660 virtutum,
450 1556 652 1641 videbatur
674 1549 700 1638 il
915 1551 1180 1641 ivinutinfans
1204 1556 1366 1640 brachio
1386 1555 1454 1643 suo
1468 1555 1525 1645 illi
1545 1566 1691 1654 eximat

240 1679 342 1762 oute
356 1670 702 1783 pectoroidquec
836 1672 839 1677 ’
860 1693 1090 1779 commutet,
1100 1673 1139 1753 in
1152 1696 1232 1785 qua
1249 1678 1558 1761 commutatione
1574 1677 1687 1768 senfit
1785 1714 1788 1721 ·

238 1788 490 1877 dulciffimum
515 1782 708 1868 dolorem.
764 1786 876 1897 Hane
896 1788 1057 1896 primam
1081 1785 1227 1869 libabo
1248 1785 1384 1869 habuit
1401 1791 1444 1897 in
1470 1785 1583 1876 Cella
1607 1792 1684 1885 sua.

198 2002 201 2007 ,
236 1910 368 1993 ltaliae
380 1897 646 1986 consolatione
655 1896 787 1983 mansit
799 1924 924 2012 usque
933 1899 984 1983 ad
994 1895 1130 1984 festum
1142 1903 1181 1984 S.
1191 1894 1455 2014 Magdaleoae;
1481 1909 1683 1996 &abhoc

188 2036 201 2129 ‘3
237 2043 431 2132 tempore,
457 2043 542 2130 quo
563 2038 644 2099 etat
665 2011 1297 2116 octodecimcitciteranttotum,
1323 2011 1471 2101 anscs
1487 2026 1680 2132 perpaub

236 2130 526 2229 continuabunt,
543 2135 657 2215 etiam
676 2124 744 2213 sub
759 2125 1019 2214 functionibus
1042 2124 1206 2240 publicis
1231 2155 1365 2216 coram
1389 2143 1681 2242 communitate,

234 2247 353 2336 &sub
367 2249 406 2331 S.
420 2246 729 2330 Communione.
784 2249 829 2326 ln
846 2245 1037 2351 ejusmodi
1052 2244 1245 2332 Eaastbus
1259 2249 1683 2357 cotputtemanfitfine

233 2362 340 2453 seusu
355 2368 393 2444 lit
407 2386 533 2446 motu.
587 2358 818 2443 Conabttut
830 2360 992 2472 quidem
1014 2362 1087 2443 bos
1102 2387 1232 2473 raptus
1254 2385 1442 2462 avertere,
1462 2363 1555 2448 dum
1569 2360 1682 2455 senfit

234 2505 372 2567 eorum
391 2482 509 2574 initia,
526 2479 578 2557 ita
592 2498 634 2557 ut
649 2478 762 2555 etiam
786 2468 1004 2583 sanguinem
1027 2500 1098 2558 ore
1125 2479 1277 2581 ejecerit
1290 2501 1367 2587 prae
1383 2472 1595 2566 refillentiae
1614 2506 1682 2566 ve··

231 2595 452 2690 hementia,
478 2585 611 2673 frustra
640 2612 783 2670 tamen.
844 2593 945 2670 Hinc
972 2588 1282 2702 Deumprecata
1301 2589 1374 2686 est,
1393 2613 1437 2674 ut
1454 2591 1523 2677 has
1540 2598 1679 2707 gratita

230 2705 361 2798 saltem
379 2726 464 2789 non
479 2701 672 2787 conferret
692 2727 780 2784 cum
797 2698 910 2814 lignis
930 2709 1133 2811 externis:

226 2812 230 2818 ’
250 2898 253 2903 .
346 2829 389 2924 p.
415 2853 478 2903 ιο.
506 2820 645 2928 Itaque
664 2842 825 2928 magnus
842 2813 1028 2903 tumultus
1046 2822 1253 2931 propterea
1270 2784 1494 2927 etot*
1514 2824 1554 2907 iti
1568 2846 1678 2912 com·

231 2943 430 3024 munitate.
486 2927 694 3028 Moniales,
709 2959 795 3043 quae
813 2934 932 3015 statim
946 2933 996 3017 ab
1009 2937 1123 3017 initio
1142 2928 1321 3018 illi-eraut
1334 2939 1544 3034 cameraria,
1565 2943 1677 3031 omni

230 3054 359 3138 studio
376 3048 661 3144 examinabant,
676 3071 723 3145 ap
738 3042 829 3131 effct
846 3073 934 3129 vera
951 3046 1101 3134 limfis.
1161 3050 1320 3159 Corpus
1337 3045 1616 3162 aliquantulum
1634 3079 1677 3139 e·

228 3195 287 3256 tat
299 3161 642 3258 elevatumalterra,
654 3159 840 3244 luctamen
852 3187 892 3245 ut
904 3186 1041 3246 tertam
1056 3186 1297 3277 contegeret,
1309 3161 1677 3271 etatiolenfibileiu·
1839 3202 1843 3209 ·

228 3274 304 3390 stab
317 3283 527 3374 cadaveris,
540 3283 580 3360 uc
597 3301 676 3359 tam
689 3270 791 3372 leve,
801 3302 843 3359 ut
852 3279 966 3362 instat
984 3273 1069 3362 folii
1082 3282 1254 3389 potuerit
1267 3276 1416 3389 mbveti
1436 3264 1520 3364 lolo
1538 3276 1674 3371 halitu.

228 3389 587 3482 Vultus-eratsolito
599 3387 806 3474 formosior
818 3374 1176 3479 u'modefflffimus.
1231 3383 1379 3477 natales
1397 3394 1674 3498 ejusmodidu·
1754 3470 1762 3489 .

227 3514 364 3599 tabant
375 3510 524 3592 duabus
539 3507 710 3591 tribusve
731 3507 857 3596 hot-isa
883 3510 922 3588 δι
941 3507 1191 3591 causabantur
1209 3506 1413 3592 occasione
1428 3509 1467 3593 S.
1480 3514 1673 3595 Commu-²

225 3631 367 3723 monis,
379 3650 443 3706 aut
454 3620 632 3705 lectionis
648 3617 710 3701 vel
723 3614 915 3731 colloquii
928 3615 1137 3732 spititualis,
1148 3620 1385 3707 autmufieae.
1403 3702 1410 3714 ,
1448 3653 1483 3708 ι.
1499 3626 1605 3709 Cum
1618 3622 1673 3710 sei

226 3738 305 3828 mel
323 3734 583 3825 Confellatius
609 3736 769 3818 existens
786 3738 828 3817 in
851 3739 913 3817 via
930 3737 979 3829 ad
999 3738 1270 3820 monastetium
1299 3737 1471 3849 audiret,¹
1490 3764 1577 3823 eam
1590 3722 1674 3825 elle

211 3862 268 3944 'in
282 3854 421 3941 fictam
448 3860 547 3935 intus
563 3852 742 3932 inanimo
758 3844 811 3929 illi
823 3853 1015 3960 ptaecepit,
1026 3874 1068 3933 ut
1080 3850 1117 3932 se
1130 3848 1323 3935 conferret
1335 3851 1387 3932 ad
1399 3845 1672 3958 Patlatotiumi

225 3967 343 4081 quod
364 3972 484 4051 statim
503 3962 660 4049 factum.
717 3962 826 4045 Idem
846 3989 1010 4074 expettae
1031 3960 1098 4048 lun
1177 3959 1385 4077 petiorilla,
1407 3970 1446 4046 bt
1466 3961 1673 4081 aliasque*

222 4113 310 4171 rum
322 4107 402 4166 erat
415 4076 565 4165 inillam
576 4079 792 4190 imperium.
846 4080 982 4162 Statim
994 4083 1114 4175 euim,
1132 4080 1364 4184 dtjusmodi
1376 4081 1673 4168 mandatumin·

212 4214 379 4285 tenum
402 4196 456 4282 ad
482 4190 520 4280 le
537 4219 594 4281 ex
619 4215 731 4307 taptu
746 4188 895 4282 reversa
920 4193 1207 4311 obtemperavit
1223 4198 1441 4312 imperanti.
1457 4196 1673 4299 nivelo

1385 4342 1402 4389 .·
1512 4315 1557 4401 Ρ.
1572 4315 1669 4400 Pto·
