3796 4994
220 301 335 416 106'
588 311 764 446 ‚Regulae
783 329 839 408 ex
867 306 989 411 Card.
1016 305 1069 405 de
1089 302 1280 406 [uum.

324 510 492 618 Ot‘iavd,
517 543 587 629 per
608 515 828 630 acquifitam
853 543 935 600 non
955 514 1134 600 videntur
1153 512 1219 599 nisi
1243 508 1316 599 ilsae
1337 512 1544 615 veritates,
1576 537 1662 625 quae

213 628 448 735 assumuntur
469 632 519 715 ad
549 633 818 716 meditandum
839 638 878 715 δι
915 625 1270 741 contemplandum.
1318 627 1384 716 'At
1407 656 1477 743 pet
1503 625 1667 713 infusam

211 750 396 855 uidentur
418 742 499 831 asiae
523 741 586 830 vel
606 774 808 844 connexe,
828 740 892 832 vel
919 740 1082 830 diversae.
1336 755 1340 763 '

104 952 109 957 -
141 870 144 875 ⁵
235 896 237 899 ’
327 880 472 971 Nonou
495 880 692 993 Aequistta
710 875 823 964 valde
846 905 996 965 remota
1020 880 1073 961 est
1093 877 1144 961 ab
1174 880 1321 963 unione
1340 875 1403 963 seu
1420 872 1561 988 osculo
1573 875 1664 976 Dei,

213 998 257 1085 in
286 1023 370 1108 quo
400 995 566 1079 consistit
588 993 757 1106 perfecta
787 993 945 1079 felicitas
976 1021 1063 1108 quae
1090 997 1218 1105 potest
1237 997 1279 1076 in
1308 997 1381 1077 hac
1408 999 1485 1076 vita
1512 989 1667 1077 mortali

216 1117 495 1197 communicati
526 1111 748 1195 hominibus
778 1109 801 1194 i
831 1113 938 1197 Deo.
1015 1119 1070 1196 At
1102 1104 1222 1195 infusa
1253 1111 1307 1194 est
1340 1103 1456 1194 valde
1490 1114 1667 1221 proxima

213 1227 267 1312 nd
298 1253 396 1309 eam.

263 1376 267 1385 ’
332 1349 504 1441 Decimd.
531 1356 605 1438 Pet·
628 1352 867 1466 acquisitam,
897 1377 941 1440 ut
960 1348 1207 1465 experiuntur
1226 1354 1453 1464 incipientes
1475 1355 1602 1437 immo
1627 1355 1666 1434 dt

215 1467 479 1583 proficientes,
503 1496 583 1553 non
604 1473 725 1553 statim
755 1468 910 1552 sentitur
934 1466 1120 1565 dulcedo,
1148 1465 1282 1580 sapor,
1311 1493 1357 1550 ac
1387 1466 1573 1564 suavitus,
1602 1465 1666 1550 sed

174 1640 177 1644 -
217 1611 348 1696 ponus
363 1580 538 1666 molestia
553 1591 592 1666 &
611 1585 841 1684 amaritudo,
861 1611 905 1666 ac
927 1587 1179 1696 repugnantia
1202 1579 1339 1678 sensus,
1360 1585 1411 1666 ed
1439 1588 1532 1695 quia
1548 1588 1590 1666 in
1613 1585 1665 1664 eis

216 1699 398 1783 nondum
412 1701 496 1782 sunt
512 1698 675 1782 frenate
694 1699 895 1808 passiones.
924 1699 980 1785 At
995 1701 1035 1782 in
1055 1691 1177 1782 infusa
1189 1693 1347 1783 sentitur
1362 1694 1474 1810 sapor
1490 1699 1543 1782 de
1558 1696 1664 1794 Deo,

217 1803 406 1914 dulcedo,
435 1819 474 1895 δι
499 1811 658 1900 suavitas
679 1817 813 1899 statim

215 1961 241 1991 ·’
336 1960 552 2053 Undecimd.
581 1965 819 2080 Atquifittm
836 1959 946 2050 musti
962 1957 1334 2078 possuntadipisci,ii
1353 1963 1404 2050 de
1424 1990 1469 2051 ea
1482 1906 1666 2077 instruan-

219 2103 297 2176 tur,
320 2076 411 2163 licet
443 2087 555 2195 pauci
575 2081 789 2194 proficiant.
848 2084 902 2168 At
924 2078 1044 2162 infusa
1068 2080 1307 2192 paucissimi5‚
1320 2107 1366 2164 ac
1387 2088 1492 2180 raris,
1511 2109 1558 2167 ac
1579 2109 1666 2195 per·

43 2211 59 2218 ”
216 2192 423 2280 fedissimis
442 2196 668 2280 hominibus
684 2196 810 2280 dDeo
831 2191 1072 2279 conceditur.

104 2368 106 2379 ¹
337 2344 588 2436 Duodecimd.
615 2355 659 2436 In
675 2350 858 2463 acquisita
880 2343 1148 2461 contemplans
1173 2378 1256 2456 non
1280 2354 1333 2436 ita
1350 2348 1460 2464 supra
1480 2347 1580 2442 se&
1599 2385 1667 2446 ex·

219 2487 278 2552 tta
300 2458 413 2560 sciit,
435 2490 576 2550 utnon
600 2472 808 2580 cognoscat
830 2459 882 2562 se,
907 2469 946 2548 δι
966 2470 1137 2552 refledat
1161 2469 1201 2550 in
1221 2467 1287 2564 id,
1309 2469 1424 2580 quod
1445 2466 1576 2560 facit.-
1611 2475 1667 2563 At

154 2637 158 2641 -
216 2584 260 2666 in
301 2573 446 2679 infusa,
498 2605 541 2666 ut
588 2577 881 2694 contemplativi
928 2581 1148 2678 testantur,
1193 2578 1462 2694 contemplans
1509 2590 1564 2670 ita
1614 2591 1667 2674 est

197 2696 331 2795 ¹euna⁴
362 2690 428 2792 se,
469 2701 508 2779 de
541 2693 651 2808 supra
679 2696 717 2780 sc
757 2704 899 2792 adius,
928 2719 971 2780 ut
1001 2722 1074 2779 nec
1099 2691 1139 2779 se
1172 2723 1246 2780 nec
1286 2694 1392 2780 aliud
1436 2699 1666 2812 cognoscite

215 2806 287 2947 ='sed
310 2832 375 3007 ιιέ1
380 2804 504 2895 solum
534 2813 760 2920 objediutn,
798 2809 912 2926 quod
950 2806 1236 2924 contemplatur
1244 2872 1260 2913 ,
1296 2810 1486 2917 firmiter,
1522 2821 1561 2899 δι
1592 2819 1670 2906 fixe

213 2947 324 3012 utten
377 2947 405 3010 t.

220 3135 226 3143 .
330 3054 638 3160 Decimdtcrtid,
664 3064 757 3176 quia
792 3061 879 3172 post
906 3049 1277 3169 contemplationem
1310 3059 1535 3174 acquisitam
1571 3094 1670 3152 con-

129 3242 132 3247 .
216 3167 409 3286 templum
436 3182 564 3289 potest
596 3177 769 3261 distincte
799 3182 837 3259 u
863 3176 1014 3289 absque
1035 3168 1258 3260 difficultate
1280 3203 1457 3276 narrare,
1488 3186 1526 3261 ἃ
1555 3182 1670 3296 quod

216 3294 377 3376 intuitus
397 3297 467 3392 eii,
491 3300 530 3376 δι
555 3293 733 3388 modum,
754 3317 974 3402 omnesque
999 3293 1294 3375 circumstantias
1319 3295 1373 3373 rei
1394 3299 1589 3405 cognitu„
1612 3303 1669 3383 At

56 3456 60 3461 -
218 3409 260 3490 in
278 3400 404 3503 ,infusa
434 3435 519 3490 non
546 3408 627 3507 stc3
671 3414 787 3518 quia,
820 3431 863 3489 ut
898 3407 1078 3488 testantur
1115 3409 1159 3486 B.
1186 3399 1339 3517 Angeia
1373 3407 1424 3488 de
1463 3404 1670 3523 Fulgineo,

140 3566 145 3570 ·
190 3522 258 3605 ’3.
276 3517 481 3619 Thetesia,
508 3527 548 3610 S.
574 3527 711 3605 Petrus
742 3521 794 3604 de
818 3515 1049 3618 nicanora,
1085 3522 1123 3599 dc
1159 3524 1204 3602 si.
1234 3525 1408 3622 joannes
1444 3522 1496 3605 de
1520 3529 1670 3626 Cruce,

221 3634 429 3744 postquam
452 3641 539 3748 quis
561 3635 611 3719 ab
632 3644 721 3727 adiu
736 3630 1026 3746 contemplandi
1045 3634 1146 3717 redit
1169 3633 1218 3715 ad
1236 3630 1300 3730 se,
1326 3662 1407 3717 non
1436 3642 1567 3747 potest
1591 3638 1670 3724 cla·

216 3747 260 3832 td
288 3775 332 3828 ac
360 3751 534 3835 distincte
561 3751 703 3833 rescire
725 3777 804 3837 ‚nec
831 3777 919 3862 quae
946 3753 1102 3832 intuitus
1131 3749 1198 3846 est,
1223 3774 1296 3830 nec
1324 3750 1488 3833 modum
1514 3759 1670 3839 intuen-

32 3936 50 3958 „
138 3932 146 3945 .
219 3863 278 3956 di,
302 3855 474 4061 infiqum'
491 3872 529 3952 dc
549 3893 620 3982 pet
645 3864 765 3980 quids
791 3860 859 3952 sed
886 3865 1001 3962 dicit,
1024 3859 1063 3948 se
1083 3856 1226 3948 nescire
1257 3858 1471 3977 explicate,
1500 3870 1601 3970 quid
1628 3897 1669 3955 α-

191 3983 322 4062 'uum
372 4002 402 4063 t.
708 3995 714 4037 -'
1631 4056 1636 4066 .,

1494 4218 1665 4364 Regulo
