3796 4994
70 338 106 361 ”
211 310 280 434 8'6
445 284 450 304 ⁸
599 314 908 415 Revelatr'ones
938 320 985 419 S.
1026 313 1267 465 Gertrudis.

354 515 555 627 xxm.
598 518 654 627 t.
684 521 808 648 ,o
836 522 982 660 nt.
1008 556 1050 626 ι.
1095 519 1321 628 christus
1359 516 1423 625 aa
1460 517 1506 626 s.
1548 515 1668 632 oer-

165 740 195 750 --
216 663 422 775 ttudem
473 664 586 770 ait':
661 662 1099 804 Quandocunque
1149 662 1323 800 aliquis
1378 666 1424 767 se
1467 665 1668 777 alterins

195 815 442 914 'orationi
488 816 810 926 committit,
859 793 1007 944 pl'ene
1061 804 1338 922 confidens,
1378 809 1526 944 quod
1578 847 1669 948 per

216 951 320 1082 ejus
379 959 562 1055 merita
635 947 866 1056 divinam
920 948 1079 1090 poffit
1145 945 1374 1052 obtinere
1432 963 1669 1087 gratiam,

184 1092 335 1236 “pius
361 1089 636 1197 Dominus
672 1089 1017 1235 indubitanter
1058 1088 1336 1197 secundum
1372 1087 1670 1204 desiderium

219 1232 275 1342 &
309 1230 465 1338 fidem
500 1240 644 1344 suam
678 1232 931 1341 benefacit
970 1235 1103 1372 ipfi,
1149 1232 1342 1339 etiamst
1376 1232 1454 1340 ille
1502 1248 1585 1341 cui
1624 1239 1670 1344 se

218 1376 561 1495 committit,
618 1376 887 1516 neglexerit
946 1374 1135 1513 devote
1195 1407 1336 1480 orare
1397 1410 1496 1513 pro
1549 1384 1670 1516 ipso.

185 1634 189 1649 ¹
219 1516 325 1715 Haefi·
342 1515 560 1648 propontio
587 1516 742 1605 videtur
769 1540 905 1603 contra
933 1543 1184 1604 communem
1206 1513 1365 1618 scnium,
1386 1522 1516 1630 potest
1542 1546 1671 1612 tamen

187 1652 295 1746 >5¹9
327 1657 413 1715 cart.

361 1869 587 1982 XXVIII.
659 1873 714 1983 L.
750 1913 801 2011 4.
845 1874 906 1983 C.
949 1899 991 1985 2‘.
1071 1872 1299 1985 Christus
1345 1874 1409 1983 ad
1454 1875 1501 1984 S.
1555 1875 1673 1984 Get·

221 2012 464 2124 ttudem:
538 2019 791 2126 Voluntas
840 2042 932 2126 tua
976 2044 1089 2124 tam
1150 2018 1302 2154 plene'
1348 2020 1529 2124 divinae
1583 2052 1672 2125 vo·

220 2157 407 2267 luntati
442 2191 573 2268 mear
610 2164 678 2265 est
723 2169 902 2282 unita,
951 2158 1096 2300 quod
1141 2157 1265 2265 nihil
1309 2160 1432 2266 velle
1485 2165 1673 2298 potest,

223 2301 385 2440 quam
428 2301 571 2441 quod
615 2335 711 2443 ego
758 2302 900 2410 volo.
1008 2329 1058 2415 fir
1093 2329 1136 2414 L.
1170 2356 1207 2413 1.
1239 2325 1290 2414 C.
1324 2357 1388 2429 14.
1430 2338 1530 2440 pet·
1568 2341 1674 2445 gra·

213 2452 352 2570 tiam
394 2477 573 2552 meam
625 2469 717 2553 tua
751 2445 992 2551 voluntas
1040 2441 1170 2553 adeo
1226 2473 1357 2555 meae
1403 2455 1548 2554 unita
1586 2452 1675 2568 est,

222 2606 283 2691 ut
319 2584 452 2693 aliud
500 2611 653 2727 atque
689 2619 786 2728 ego
821 2619 1043 2726 nequeas
1079 2582 1217 2691 velle.
1327 2616 1419 2696 Haec
1457 2613 1676 2727 proposuca

223 2729 353 2841 potest
384 2755 432 2812 ex
459 2725 577 2827 litati,
607 2730 721 2842 quod
743 2733 881 2813 Sancta
913 2722 1214 2813 consolidatam
1237 2726 1352 2812 bono
1380 2731 1576 2815 moraliter
1592 2757 1677 2814 non

223 2840 339 2955 polilt
379 2758 482 2928 veIIe
514 2839 683 2932 malum3
742 2837 805 2929 vel
844 2842 958 2956 quod
993 2845 1073 2928 hoc
1108 2832 1204 2924 loco
1231 2840 1300 2954 ipsi
1324 2844 1575 2953 promittatur
1604 2844 1680 2928 do·

46 3004 48 3009 ,
222 2982 321 3157 tfrum
351 2953 637 3158 ffirsevct‘antlae
663 2984 733 3073 per
760 2982 847 3046 eam
867 2960 1094 3047 continuam
1120 2959 1306 3070 gratiam,
1334 2979 1423 3072 quae
1446 2958 1677 3070 praevidetur

57 3128 62 3133 ·
242 3098 357 3163 Olet
401 3100 481 3160 Collo·
865 3092 868 3096 “

248 3268 260 3405 ἶ
366 3297 542 3407 xxtx.
611 3299 755 3434 tx,
791 3297 855 3406 c,
891 3304 938 3405 ⁶.
990 3293 1247 3405 cums,
1293 3289 1565 3406 castrans·
1592 3308 1680 3406 nr-

225 3434 297 3545 hil
330 3448 596 3561 inveniret,
633 3439 776 3585 quod
813 3438 1016 3548 Christo
1062 3439 1209 3581 digne
1246 3439 1474 3564 offerret,
1510 3445 1680 3580 quaest·

54 3623 58 3629 ⁴
227 3588 319 3707 vit,¹
357 3589 410 3687 in
455 3596 605 3691 omni
645 3582 913 3706 creatura,
970 3584 1006 3686 st
1059 3583 1229 3722 aliqua
1272 3582 1439 3723 pollet
1486 3587 1681 3692 investi·

229 3754 347 3864 gare
398 3722 575 3849 dileelo
635 3725 885 3867 condigne
943 3720 1217 3833 offerenda
1324 3725 1406 3833 Sic
1450 3757 1678 3865 quaerens

152 3917 154 3921 ⁷
228 3875 414 4001 reperit
455 3866 704 4007 quaedam.
744 3880 797 3975 in
844 3867 1050 3975 laudem
1100 3866 1376 3974 Salvatotis
1439 3900 1554 3974 non
1605 3901 1680 3974 ce·

160 4076 164 4084 ·
230 4005 439 4135 dentia,
496 4043 611 4154 quae
660 4013 761 4151 ipsa
810 4009 898 4117 srbi
941 4009 1088 4148 auide
1144 4014 1386 4150 usurpans
1440 4040 1680 4120 revocare

267 4190 270 4195 ·
470 4187 473 4191 ·
733 4223 738 4233 ‚
906 4184 917 4214 ’·
1241 4200 1245 4206 ·
1538 4184 1681 4263 cura·
