3796 4994
591 286 696 426 516
880 276 1219 415 Observationes
1237 284 1300 385 od
1311 286 1465 391 Renes.
1481 283 1537 387 de
1553 286 1787 423 Agredn

589 526 660 602 40.
690 524 754 605 39,
772 486 979 605 sequentur
1009 494 1147 578 cadem
1177 488 1267 578 falsa
1301 494 1439 609 quoad
1469 494 1766 609 assignationem
1790 502 1893 587 Feri

587 609 891 699 Pleniluniorunr
916 604 1179 708 Paschalium‚
1210 634 1253 694 ut
1271 636 1377 723 patet
1396 610 1650 699 confideranti
1680 618 1852 700 Litteras
1889 631 1898 693 ι

588 723 690 812 cales
713 725 853 808 horum
876 748 1097 819 annorum,
1121 751 1184 808 eas
1217 751 1269 808 ue
1302 731 1542 839 comparanti
1558 754 1645 813 cum
1665 728 1890 817 Tabulas·

587 846 628 927 ἃ
646 838 858 955 inspicienti
878 834 1070 921 Tabulam
1088 753 1394 925 Plenlluniotum
1413 839 1662 927 paschalium.

702 956 741 1037 Si
761 958 821 1035 cui
849 945 1031 1063 placeret,
1056 956 1311 1039 Nativitatem
1333 956 1474 1040 Christi
1498 958 1712 1043 extendere
1729 960 1787 1043 ad
1814 988 1897 1049 ann

585 1065 730 1153 lianum
755 1086 822 1169 38,
845 1096 911 1169 37,
937 1083 1001 1183 cs,
1025 1092 1092 1151 aut
1116 1064 1232 1151 alium
1251 1076 1500 1169 anteriorem,
1524 1100 1600 1157 nec
1617 1072 1669 1157 stc
1697 1078 1873 1189 quidem

584 1181 710 1278 ferias,
723 1187 760 1263 ἃ
780 1182 862 1264 dies
874 1176 1237 1267 Paschalcsr'cMaria
1249 1182 1301 1265 de
1315 1186 1474 1297 Agredt
1490 1184 1703 1297 affignatas‚
1714 1216 1762 1273 ut
1774 1196 1878 1276 iteru

582 1297 734 1413 patebit
747 1294 910 1379 exnuda
923 1293 1161 1408 inspectione
1170 1300 1398 1383 litterarum
1410 1296 1890 1401 Donunicalium‚&'sab

700 1414 805 1496 Cum
824 1414 959 1522 itaque
979 1406 1083 1493 nulla
1104 1409 1147 1495 fit
1166 1409 1394 1523 alsgnabilis
1416 1415 1650 1526 Hypothcsts
1666 1414 1896 1505 Chronolo

583 1550 681 1609 vero
700 1552 803 1607 anno
821 1528 1043 1609 Natiuitatis
1057 1526 1211 1626 Christi,
1231 1532 1271 1609 in
1289 1554 1369 1640 qua
1387 1524 1572 1615 srtlventut
1584 1534 1711 1629 serite,
1726 1538 1769 1617 δι
1784 1534 1875 1619 dies

582 1634 638 1723 les
654 1644 692 1723 in
711 1642 769 1725 his
790 1636 1104 1725 Revelationibus
1119 1640 1327 1751 assignatas
1357 1646 1395 1723 δι
1420 1670 1468 1725 ex
1488 1639 1607 1727 altera
1625 1670 1737 1756 parte
1749 1644 1895 1735 morali

582 1779 665 1839 tum
683 1754 738 1855 stt,
755 1780 873 1838 unam
894 1782 941 1839 cx
967 1755 1078 1838 dictis
1098 1753 1390 1867 Hyporhcstbus
1414 1783 1461 1841 ac
1482 1752 1805 1845 calculationibus
1833 1792 1879 1847 uv

579 1866 633 1965 se,
649 1866 843 1981 sequetur,
871 1864 1143 1955 Revelationcs
1171 1872 1401 1984 Agredanas
1425 1876 1615 1959 contraite
1632 1877 1841 1987 principiis
1863 1886 1897 1965 C

580 1978 719 2097 logicis
738 1980 938 2068 moraliter
954 1988 1080 2069 certis.

694 2122 937 2263 Propofirio
965 2165 1007 2229 2.
1044 2124 1535 2233 lchvclationibus
1554 2124 1735 2235 Mariae
1752 2131 1819 2237 de
1842 2134 1898 2262 A

579 2268 744 2411 aliqua
773 2264 1117 2389 affirmantur,
1149 2303 1263 2407 quae
1289 2304 1350 2375 cx
1379 2266 1702 2411 Philosophia
1730 2272 1785 2379 ἃ
1811 2276 1898 2380 Μ.

577 2414 816 2525 videntur
839 2409 1057 2519 refutati.

691 2552 832 2650 Primi,
863 2550 1079 2651 Affirmant,
1098 2547 1369 2658 Jetosolimam
1385 2554 1426 2637 δε
1442 2552 1709 2639 Nazarethum
1721 2553 1775 2637 ab
1790 2560 1898 2643 invi.

574 2667 673 2757 slare
698 2698 752 2772 30
771 2665 1006 2753 milliaribus.
1033 2674 1132 2753 Part.
1153 2698 1189 2751 2.
1213 2672 1335 2752 Num·
1359 2676 1456 2770 738·
1514 2670 1683 2753 Econtra
1705 2672 1898 2758 Nazarct

575 2790 768 2871 civitatem
781 2786 896 2883 luda,
921 2782 983 2866 seu
1002 2783 1165 2865 domum
1183 2785 1372 2866 Zacharia
1388 2784 1525 2865 distare
1539 2781 1689 2866 tantiam
1706 2809 1776 2893 27.
1793 2784 1894 2871 milli

574 2903 676 2984 Part.
701 2930 734 2983 ι.
755 2903 877 2982 Num.
894 2924 988 2979 aot.
1009 2926 1055 2979 ιι
1069 2928 1103 2981 r.
1165 2902 1255 2978 Hoc
1277 2898 1329 2979 est
1348 2891 1518 2991 oniense,
1536 2901 1629 3010 quia
1649 2894 1838 3001 fatentur,
1858 2908 1871 2985 i
1897 2961 1898 2966 Ν

573 3016 731 3099 vitatem
751 3013 887 3096 distare
907 3004 1139 3114 Jerosolimi
1166 3042 1189 3095 a
1208 3005 1429 3094 milliaribus
1448 3008 1574 3096 versus
1595 3010 1727 3095 sontes
1754 3016 1896 3099 flumin

571 3154 650 3233 tec,
665 3126 728 3213 seu
743 3132 882 3215 Sorecs
908 3152 1078 3239 eamque
1094 3126 1240 3209 eodem
1259 3121 1352 3208 loco
1367 3120 1477 3207 fuisse
1494 3123 1616 3221 sitam,
1634 3127 1703 3209 ubi
1721 3154 1833 3212 nunc

570 3250 695 3331 moria
717 3237 946 3328 recolituri
996 3240 1313 3352 etegrinantibus.
1392 3246 1497 3323 Cum
1527 3267 1622 3353 ergo
1654 3246 1806 3326 flumen
1839 3250 1890 3329 S·

570 3356 697 3443 versus
716 3352 924 3443 Australem
943 3268 1095 3467 plagam
1110 3352 1281 3469 respectu
1296 3348 1545 3456 Jerololimae,
1566 3354 1707 3467 ibique
1730 3356 1898 3443 vifitetu

433 3562 436 3569 ,
568 3470 865 3585 regrinantibus,
883 3467 1032 3553 necesse
1050 3470 1117 3565 est,
1133 3478 1248 3553 ctiam
1267 3469 1431 3552 domum
1443 3470 1631 3551 Zacharia
1644 3466 1751 3553 fitam
1771 3468 1885 3557 fuisse

566 3582 671 3671 illam
690 3581 866 3697 plagams
912 3584 1096 3695 adeoque
1122 3612 1159 3670 t.
1183 3580 1407 3669 milliaribus
1439 3585 1628 3691 remotior
1667 3610 1750 3667 erat
1779 3590 1897 3671 Naza

566 3702 684 3815 quim
707 3691 961 3802 Jerosolimas
989 3696 1272 3810 consequenter
1300 3695 1464 3781 disbbat
1489 3724 1573 3781 non
1597 3727 1652 3798 ⁸7
1679 3694 1896 3789 milliaribu

568 3844 620 3923 μ
645 3811 1200 4027 mllllillllf'nffirmantnert
1213 3953 1296 4010 non
1314 3921 1482 4039 potuisse
1500 3924 1629 4011 modo
1641 3926 1839 4029 humano,
1860 3958 1898 4017 ut

562 4042 638 4131 stus
656 4069 744 4127 cum
761 4038 832 4125 suis
854 4039 1044 4153 discipulis
1062 4046 1158 4124 intra
1177 4040 1338 4151 spatium
1355 4042 1472 4125 tridui
1492 4047 1640 4127 veniret
1655 4068 1703 4125 en
1722 4038 1875 4131 finibus

559 4160 603 4243 in
623 4158 780 4245 Cinam
796 4150 979 4245 Galilaeae.
997 4162 1101 4243 Part.
1113 4184 1151 4242 a.
1170 4159 1293 4266 Num.
1309 4181 1433 4265 1034.
1490 4160 1585 4245 Hac
1600 4150 1833 4281 assertiolcst
1854 4202 1865 4232 ·
