3796 4994
206 299 310 399 274
609 273 885 407 Regularum
921 270 1249 371 Summanum.
1354 252 1356 256 Α

318 470 463 591 Regula
491 501 528 578 3.
582 473 854 564 Revelationts
877 473 1119 587 probabilius
1149 473 1245 561 falsat
1267 472 1352 560 sunt
1382 502 1512 561 earum
1529 475 1661 591 perso·

203 613 354 686 narum,
386 617 473 703 quae
492 616 688 676 merentur
705 590 830 693 illudi,
855 588 1007 678 illarum
1036 588 1231 689 videlicet,
1251 621 1339 704 que
1362 588 1503 675 nolunt
1525 592 1663 679 consu·

202 699 285 787 lere
312 702 475 788 verbum
498 705 583 790 oei·
599 732 647 792 ex
674 711 891 822 Scriptura,
921 709 1145 807 traditione,
1172 712 1212 791 de
1240 703 1343 792 sensu
1368 704 1567 807 universali
1594 714 1663 795 Ec·

207 813 338 903 alesia.
393 819 530 932 Script.
554 822 598 908 R.
622 848 660 905 a.

176 1009 186 1016 ·-
320 951 466 1072 Regula
495 987 541 1060 4.
579 953 852 1042 Revelationes
867 953 1108 1072 probabilius
1119 952 1218 1042 falsae
1241 955 1338 1054 sunt,
1358 986 1445 1070 quae
1466 957 1563 1042 fiunt
1578 988 1663 1070 per·

207 1063 310 1157 sonis
332 1077 494 1185 quidem
516 1075 603 1183 piis,
631 1068 698 1157 sed
721 1073 770 1156 ad
792 1075 1004 1159 instantiam
1025 1070 1274 1187 personarum
1293 1069 1541 1181 ¹revelatione
1562 1076 1665 1159 indi·

206 1209 383 1299 gnarum.
438 1187 554 1272 Ratio
572 1189 639 1284 est,
661 1191 754 1300 quia
777 1191 817 1271 in
852 1184 918 1272 tali
947 1186 1030 1275 casu
1049 1184 1136 1303 ipsae
1158 1191 1272 1273 etiam
1295 1184 1464 1301 persone
1486 1194 1558 1302 pie
1580 1216 1663 1274 me·

206 1323 338 1386 rentur
357 1294 480 1384 illudi.
537 1302 676 1415 Seript.
695 1304 739 1387 R.
763 1319 800 1386 6.
945 1387 948 1393 .

323 1429 481 1553 Regula.
515 1461 551 1535 5.
609 1430 882 1519 Revelatiooes
913 1428 1152 1548 probabilius
1183 1429 1282 1518 falsae
1313 1428 1420 1531 sunt,
1454 1436 1664 1549 quae.fiuot

104 1650 107 1655 Ι
208 1542 379 1766 ρᾶξίοηίξ
416 1546 721 1745 delfiderantibus
746 1548 891 1747 inlpbpre
913 1545 1188 1748 gchellaiioipes.
1216 1555 1299 1769 Ppt.
1322 1554 1428 1748 RRJ.
1449 1579 1488 1647 7.
1551 1554 1664 1752 {prio

209 1690 233 1748 e
336 1690 397 1746 uia
415 1687 509 1747 taes
535 1688 764 1749 merenturi
794 1693 816 1747 ii
848 1693 873 1748 i.
942 1727 953 1749 .
1035 1694 1085 1749 er.
1150 1727 1160 1749 .
1215 1724 1225 1749 .
1275 1691 1336 1747 oa.
1396 1695 1495 1750 .a.
1612 1698 1665 1754 ci-

209 1805 275 1890 pe,
301 1693 368 1861 illu
394 1808 441 1862 eii
464 1772 765 1875 circumstantiis,
792 1775 1007 1891 effectibus,
1025 1785 1065 1863 dc
1088 1692 1234 1884 iudiclo
1257 1774 1425 1891 generali
1454 1694 1663 1894 lapientum

210 1895 375 1990 constet,
399 1893 630 1978 desiderium
654 1894 846 2003 ejusmodi
874 1891 1049 1980 habitum
1069 1891 1145 1981 elle
1168 1923 1215 1978 ex
1238 1899 1348 1979 DEO
1384 1921 1571 1983 mouente
1600 1924 1665 1985 aut

195 2008 463 2125 approbante.

291 2161 496 2279 ..Regala..
514 2177 553 2249 6.
611 2153 886 2246 Revelationes
909 2148 1150 2270 probabilius
1168 2150 1265 2240 falsae
1290 2152 1398 2259 sunt,
1418 2185 1507 2274 quae
1528 2187 1665 2275 petun-

211 2266 274 2366 tiit
297 2274 324 2364 ὲ
344 2284 435 2361 Deo
461 2282 559 2360 circa
583 2281 777 2371 veritates,
803 2269 960 2357 aliunde
981 2268 1150 2355 humani
1166 2270 1350 2357 industrii
1375 2275 1667 2387 cognoscibiles.

209 2398 296 2483 Pat.
311 2395 357 2479 R.
376 2421 417 2493 7.
475 2393 589 2475 Ratio
609 2391 676 2489 cii,
701 2393 793 2504 quia
809 2411 947 2503 petens
975 2387 1171 2494 ejusmodi
1191 2383 1474 2476 revelationem
1496 2392 1519 2477 a
1539 2398 1665 2500 ΒΕΘ,

209 2531 381 2597 ωετεῐιιτ
402 2501 559 2592 illidii
580 2503 784 2591 doemone.

331 2651 488 2767 uerita.
518 2683 556 2754 7.
617 2646 891 2736 Revelaiiones
918 2641 1161 2761 probabilius
1195 2641 1293 2731 falsae
1325 2642 1434 2751 sunt,
1457 2677 1543 2762 quae
1569 2652 1667 2739 fiunt

212 2797 346 2869 mente
371 2751 518 2870 e‘mota,
541 2767 707 2893 gestibus
734 2768 921 2861 distortis,
951 2768 989 2845 de
1019 2758 1245 2846 elocutione
1273 2788 1355 2845 non
1382 2755 1480 2847 sana.
1554 2770 1667 2852 Ratio

213 2890 281 2987 est,
299 2889 397 3002 quia
408 2879 503 2969 tales
533 2879 792 2967 revelationes
821 2907 903 2962 non
925 2873 1011 2962 sunt
1030 2871 1167 2961 similes
1189 2880 1262 2979 iis,
1288 2905 1385 2992 quas
1406 2908 1453 2964 ex
1473 2881 1667 2995 Scriptura

10 2994 13 2998 ⁵
80 3040 90 3049 ··
212 3004 361 3092 constat
386 2999 461 3084 elle
483 3022 604 3084 ueras.
659 3001 740 3081 Pat.
766 3001 815 3080 R.
844 3021 913 3094 17.
1042 3063 1049 3077 .

322 3153 382 3239 Re
432 3147 481 3239 la.
511 3167 548 3244 8.
608 3118 883 3231 Revelationes
908 3166 1035 3224 earum
1066 3134 1337 3251 personarum,
1364 3167 1451 3255 quae
1478 3137 1668 3230 assumunt

206 3297 353 3360 munus
398 3263 582 3360 ivinandi
604 3254 842 3374 probabilius
862 3254 946 3341 lunt
962 3249 1073 3341 falla.
1130 3254 1244 3338 Ratio
1267 3257 1333 3353 est,
1358 3261 1451 3370 quia
1466 3253 1562 3343 tales
1581 3286 1670 3372 per.

209 3384 313 3475 sona
337 3404 533 3469 merentur
554 3372 664 3460 dludi
689 3372 713 3459 al
735 3375 939 3458 doemone.
997 3375 1076 3455 Pat.
1095 3370 1140 3453 R.
1170 3381 1232 3456 18.

327 3526 485 3649 Regula.
514 3558 553 3627 9.
607 3515 881 3616 Revelationes
906 3510 1155 3628 personarum
1188 3515 1415 3600 habentium
1452 3513 1571 3601 visum
1603 3514 1668 3603 vel

206 3640 388 3736 *auditum
416 3636 602 3736 debilem,
622 3636 998 3748 &imaginationem
1029 3629 1197 3729 fortem,
1218 3627 1459 3743 probabilius
1490 3633 1575 3716 sunt
1595 3629 1667 3716 fal-

211 3759 378 3862 lae,.nisi
404 3762 615 3862 coniuncta
643 3750 786 3840 fuerint
812 3776 900 3841 cum
921 3744 1082 3830 aliunde
1104 3752 1214 3830 tertis
1236 3748 1401 3830 indiciis.
1458 3749 1571 3831 Ratio
1598 3752 1665 3846 est,

211 3881 306 3996 quia
323 3882 363 3963 in
383 3869 523 3963 talibus
558 3863 728 3983 personis
755 3867 994 3977 reperiuntur
1019 3860 1285 3976 dispositiones
1307 3888 1441 3974 pionae
1465 3862 1518 3946 ad
1549 3863 1665 3948 dece·

209 3998 402 4110 pionem.
457 3990 578 4078 Grau.
598 3987 694 4101 Reg.
717 3985 839 4068 Praei.
861 3978 906 4062 R.
929 4005 966 4063 i.

120 2142 146 2191 ἢ

1277 4147 1286 4159 ⁸
1468 4296 1491 4308 ,,
1536 4204 1662 4335 Regu·
