3772 4988
212 224 229 255 ι’
255 267 361 410 416
422 268 424 272 ⁸
555 240 560 251 ¹
616 276 817 389 tenent.
838 279 890 381 de
911 271 1100 420 Agreda.
1124 206 1333 386 Parem.

107 541 120 569 ,ι
203 571 206 579 ,
260 482 501 599 obfignatan
522 488 821 598 proprietatibus
847 488 1072 588 divinitatis,
1095 494 1134 573 δι
1157 513 1342 605 tanquam
1371 514 1509 577 vetant
1545 481 1703 604 effigient

188 676 192 683 .
261 592 364 681 illius
390 597 509 681 dtvtnt
528 607 745 712 prototypi,
768 610 1013 714 quantumin
1036 631 1130 713 puta
1153 630 1323 689 creatura
1342 631 1426 689 etat
1441 602 1648 720 poiiibile‚
1668 626 1706 688 ιι

43 739 46 742 ’
264 737 315 796 ex
336 708 399 794 ilia
420 709 649 823 effigiaretur
669 717 853 800 Sanctitas
870 742 982 803 novae
1008 713 1191 802 Ecclesiae.

381 872 447 926 aa.
477 843 530 930 et
550 842 651 931 dixit
678 838 796 953 mibi3
814 848 960 958 fantem
980 845 1040 960 est.
1100 844 1217 960 Qtafi
1242 847 1558 946 dicerett„Dedi
1577 844 1704 946 iiiittnt,

265 978 427 1040 matrem
444 953 616 1042 totaliter
632 957 752 1042 ditavi
770 988 844 1072 pro
859 955 998 1046 solatio
1017 957 1190 1045 Ecclesiae
1216 1011 1231 1025 ·
1263 963 1394 1043 omnia
1413 967 1706 1073 omnipotentie

265 1095 362 1157 tneae
376 1066 587 1183 poiiibiiia,
610 1076 648 1153 δι
670 1071 887 1159 bonitatem
904 1101 1031 1160 meam
1057 1075 1232 1158 decentia
1251 1079 1327 1177 iant
1349 1078 1541 1160 extentus
1560 1072 1655 1162 sunt.

380 1226 453 1333 et.
488 1197 662 1334 Ostendit
687 1197 777 1288 mibi
795 1207 991 1340 civitatem
998 1201 1180 1400 laniant
1194 1199 1443 1336 Jerusaletn
1472 1203 1571 1337 Vitii
1595 1200 1704 1293 illann

147 1359 149 1362 ·
266 1339 357 1427 quae
378 1341 418 1399 tn
439 1312 478 1398 se
497 1311 644 1400 tnclustt
665 1341 785 1432 atque
811 1319 985 1404 habitare
1017 1343 1104 1416 ecit,
1122 1344 1242 1428 quent
1258 1345 1342 1403 non
1361 1340 1463 1429 capit
1483 1315 1704 1403 untvetsunt

268 1426 314 1510 ln
337 1431 411 1513 hac
432 1433 585 1516 civitate
601 1455 646 1515 ac
666 1425 817 1543 templo
838 1429 965 1546 posuit
987 1434 1321 1546 Propinatorium,
1349 1435 1389 1514 in
1413 1457 1502 1545 quo
1525 1433 1706 1519 defident

263 1547 399 1742 ltpltpteri¹
417 1545 457 1627 &
475 1540 659 1660 obligari,
684 1567 727 1631 ut
749 1541 787 1632 se
819 1545 1045 1633 hominibus
1069 1543 1253 1632 exhibere
1282 1543 1396 1658 poistt
1426 1543 1638 1658 gtatiosttm
1667 1569 1706 1630 ac

324 1683 384 1744 era
401 1683 476 1743 em.
791 1707 793 1711 ,

385 1813 453 1887 27·
491 1783 710 1875 Habenient
732 1793 865 1900 portas
891 1781 1095 1873 duodecim.
1166 1780 1344 1896 Quando
1371 1785 1394 1871 ὲ
1420 1787 1528 1873 coelo
1562 1781 1708 1883 descen·

197 1924 201 1932 ·
270 1897 342 2000 dit,
369 1900 528 2013 predita
547 1898 620 1984 fuit
639 1904 842 2013 potestate,
865 1902 1015 1987 tutandi
1035 1892 1237 1985 Ecciefiam
1266 1926 1353 1983 cunt
1380 1895 1600 2014 Evangelio
1623 1926 1709 1984 con·

272 2036 331 2100 tta
350 2039 487 2100 omnes
507 2010 670 2100 vistbiles
699 2021 738 2100 δι
772 2010 977 2103 invisibiles
1004 2013 1157 2109 hostes,
1185 2035 1229 2096 ut
1258 2011 1327 2126 ipsi
1354 2008 1524 2099 libuerit.
1613 2017 1708 2122 Quia

273 2153 371 2239 ergo
393 2127 474 2211 haec
498 2126 628 2212 civitas
652 2125 703 2213 fic
718 2125 981 2229 fundataest,
1018 2129 1127 2211 Deus
1149 2152 1218 2238 pet
1240 2152 1324 2209 eant
1352 2154 1492 2213 omnes
1523 2128 1709 2223 homines,

242 2231 459 2360 gentiles,
480 2239 657 2344 Judaeos,
689 2241 878 2328 Barbaros
911 2239 992 2326 stne
1021 2229 1099 2324 ulla
1124 2244 1358 2352 exceptione
1381 2242 1432 2324 ad
1466 2236 1521 2325 sui
1553 2244 1709 2356 agnitio

141 2399 145 2407 -
272 2382 365 2444 nem
387 2380 433 2439 ac
449 2356 730 2443 beatitudinem
755 2357 922 2459 vocavit,
950 2359 990 2440 &
1007 2353 1102 2440 ideo
1127 2352 1253 2439 vetius
1270 2381 1409 2441 omnes
1423 2349 1561 2470 plagas
1583 2381 1658 2442 tres
1676 2358 1710 2438 in

272 2499 321 2569 ea
344 2473 478 2556 Portas
501 2473 663 2583 apernit.

274 2709 371 2800 nn
392 2590 1151 2805 {iniz'iiiii‘iiinffliii
1166 2596 1712 2824 simoniam&

275 2852 405 2913 curant
425 2825 636 2911 duodecim
657 2821 962 2938 Apostolorumt
991 2851 1161 2939 quorum
1188 2830 1227 2910 &
1250 2828 1408 2909 nomina
1435 2828 1521 2933 cius·
1538 2825 1649 2911 cordi
1665 2827 1711 2906 in·

101 2936 111 2963 ”
273 2934 438 3050 icripfitt
467 2934 619 3053 poffent
638 2942 705 3025 ista
726 2945 766 3024 in
790 2944 869 3045 eius
890 2939 1011 3024 corde
1036 2938 1059 3024 ai
1080 2939 1194 3024 nobis
1217 2934 1308 3053 legi,
1334 2937 1361 3023 fi
1386 2938 1500 3024 fieret
1526 2941 1646 3048 nobis
1664 2933 1710 3020 fa·

277 3050 397 3141 euitat
413 3056 492 3140 hoc
511 3082 581 3140 cot
596 3052 832 3168 inspiciendi.
890 3056 939 3139 Et
963 3056 1139 3168 quamvis
1159 3077 1251 3138 tunc
1278 3049 1406 3138 solim
1425 3049 1576 3140 fuerint
1600 3052 1709 3137 unde·

277 3175 353 3258 cim
373 3162 569 3281 Apostoli,
584 3175 660 3280 jant
680 3191 809 3253 tamen
833 3167 1044 3279 anticipato
1063 3162 1281 3281 inscriptum
1300 3160 1374 3252 fuit
1395 3193 1546 3252 nomen
1567 3167 1709 3252 Mathia

275 3281 372 3415 loco
390 3282 511 3383 Judae.
533 3301 567 3350 ·'
590 3280 690 3415 ‘Ipsa
704 3276 919 3413 Apostolos
940 3279 1089 3412 docoit,
1117 3286 1156 3365 δι
1183 3280 1245 3413 ina
1274 3281 1403 3413 (iivina
1426 3285 1635 3415 popentia,
1656 3305 1708 3412 ot·

257 3393 437 3602 nii
453 3389 1710 3623 entitatenitttbntainfinitatis

268 3653 344 3747 pet
368 3617 472 3711 illam
489 3622 740 3711 obtinuerunt
761 3649 899 3706 omnes
919 3627 1070 3736 gratias,
1095 3619 1120 3707 i
1150 3627 1241 3707 Deo
1267 3616 1341 3707 illis
1364 3627 1679 3711 communicatas.

391 3783 459 3858 ⁸9·
484 3752 565 3869 ipsa
579 3749 776 3841 descendit
794 3751 845 3838 de
867 3744 975 3837 coelo
994 3749 1043 3836 ad
1061 3746 1311 3862 plantandam
1336 3745 1565 3837 Ecdefiam.

395 3915 460 3988 ει.
488 3890 594 4002 Qtia
614 3888 655 3970 in
670 3885 745 3969 hac
759 3886 913 3966 civitate
937 3880 1103 3979 (Maria)
1128 3880 1237 3962 Deus
1258 3871 1601 3995 Sacramentalitee
1619 3875 1711 3964 habi·

277 4007 386 4101 tavit,
405 3998 500 4090 ideo
520 4005 562 4086 in
585 4024 632 4085 ea
652 3991 831 4086 nonfuit
852 3990 959 4080 aliud
976 3986 1198 4103 Templum,
1221 3989 1341 4106 quam
1363 3989 1580 4216 Agnus.33
1624 4108 1713 4196 con·
