3796 4994
410 384 424 421 ,
629 313 831 409 Revelot.
855 309 908 407 de
924 307 1113 444 Agreda.
1138 248 1337 408 ParsI(
1585 347 1611 413 a
1622 344 1691 450 39

346 544 414 615 72.
444 545 512 623 73.
541 514 757 600 Occasione
785 514 973 599 recensitae
1015 513 1217 626 hucusque
1245 515 1430 601 doctrine
1459 517 1553 602 mihi
1575 523 1684 605 venit

228 629 404 715 dubium.
491 636 597 715 Nam
631 628 657 712 fi
683 626 897 742 principalis
924 629 1010 712 linis
1042 629 1244 715 adventtls·
1263 633 1399 713 Christi
1420 635 1460 713 in
1489 633 1682 765 mundum

222 741 312 838 suit,
337 769 378 826 ur
405 740 496 827 esset
517 749 650 854 Caput
678 769 957 840 creaturarum3
985 740 1081 827 alter
1109 768 1238 827 autem
1264 744 1351 827 finis
1376 744 1592 829 redimendi
1615 775 1685 860 ge·

223 885 297 940 nus
323 859 534 941 humanum
565 858 638 941 fuit
666 858 815 940 tantum
840 854 1095 954 secundarius,
1122 863 1250 942 curin
1277 851 1443 941 Ecclefia
1472 865 1576 970 viget
1596 863 1685 972 opi·
1749 910 1759 946 i
1883 920 1886 925 ·

223 971 296 1053 nio
316 976 526 1060 contrarias
555 999 642 1054 cum
661 974 919 1054 communiter
938 995 1129 1066 teneatur,
1143 971 1259 1084 quod
1276 969 1363 1055 finis
1379 970 1598 1083 principalis
1617 979 1687 1061 In-¹

224 1089 456 1167 carnationis
484 1082 599 1170 fuecit
620 1084 879 1191 redemptio?
921 1090 1010 1168 Hoc
1033 1111 1164 1168 meum
1183 1085 1346 1169 dubium
1373 1079 1569 1172 humiliter
1586 1116 1682 1198 pro·

223 1193 334 1306 posui
363 1192 580 1286 Altisllmor
620 1204 659 1281 δι
692 1194 770 1309 ipse
802 1197 1059 1310 dignabatur,
1091 1200 1187 1281 mihi
1226 1200 1277 1282 ad
1313 1200 1392 1282 hoc
1422 1198 1587 1284 dubium
1619 1229 1683 1287 re·

223 1311 430 1420 spondere.
504 1310 634 1398 Verba
652 1307 752 1394 illius
773 1311 908 1408 adme
929 1314 1012 1394 hac
1035 1337 1164 1396 erant:
1193 1313 1306 1400 Audi
1326 1339 1403 1409 me,
1423 1311 1563 1426 Sponsa
1583 1341 1680 1414 mea,

222 1420 396 1510 columba
432 1451 524 1511 mea.
622 1424 730 1510 Nam
781 1434 826 1509 us
872 1432 985 1534 poter
1031 1423 1088 1521 ἐς
1127 1423 1301 1541 mapisler
1327 1423 1481 1539 stiloam
1521 1424 1681 1515 dubium

225 1546 345 1634 tuum,
376 1534 433 1632 65
461 1550 566 1625 tuom
594 1541 610 1624 i
634 1540 849 1624 nocentiam
877 1535 1070 1647 instruam.
1169 1538 1347 1651 Intellige
1374 1547 1518 1650 proin,
1560 1540 1676 1655 quod

222 1649 310 1733 finis
336 1654 552 1765 principalis
592 1566 827 1737 <secernendi
869 1654 1174 1737 Incarnationem
1216 1651 1332 1736 fuerit
1363 1648 1486 1767 gloria
1513 1681 1601 1759 mea
1635 1661 1677 1740 δι

224 1758 459 1866 eledorum3
490 1772 528 1849 δι
545 1769 609 1850 hic
632 1767 718 1847 finis
737 1761 861 1849 fuisset
888 1766 998 1850 datus
1024 1770 1270 1862 executioni,
1302 1766 1368 1850 etsi
1394 1767 1569 1885 Adamus
1594 1798 1681 1854 non

221 1873 419 1989 peccasset.
475 1882 589 1964 .Cur
616 1905 746 1963 autem
775 1873 981 1962 distulerim
1006 1882 1341 1975 incarnationem,
1372 1885 1473 1964 tario
1501 1884 1581 1962 haec
1606 1886 1677 1980 est,

223 1995 315 2100 quia
340 1993 494 2077 decrevi
510 1989 592 2076 filio
613 2020 706 2076 meo
726 2019 933 2102 praeparare
969 1990 1124 2106 aliquos
1152 1996 1295 2102 justos,
1319 2000 1388 2105 qui
1412 1997 1499 2106 post
1526 1991 1675 2106 lapsum

150 2184 153 2188 .
223 2105 365 2189 Adami
398 2101 514 2191 veluti
539 2102 632 2191 tosae
653 2110 751 2189 inter
776 2105 898 2217 spinas
926 2100 1135 2194 elucerent.
1225 2110 1435 2220 Postquam
1458 2136 1552 2219 ergo
1577 2137 1674 2219 pre·

222 2221 303 2302 vidi
328 2215 474 2328 lapsum
505 2223 656 2332 generis
685 2223 870 2320 hnmani,
903 2221 1059 2305 decrevi
1090 2224 1243 2307 mittere
1274 2224 1468 2308 Christum
1498 2231 1537 2306 in
1562 2249 1678 2307 carne

219 2329 392 2442 passibili,
417 2358 459 2417 ut
482 2359 674 2446 pateretur
693 2363 768 2445 pro
788 2335 1060 2446 redemptione
1082 2339 1234 2447 generis
1255 2335 1428 2433 humani,
1455 2343 1494 2420 δι
1516 2335 1567 2420 sic
1589 2363 1676 2448 gra·

220 2449 316 2527 vitas
352 2454 500 2554 peccati
530 2445 811 2559 agnosceretur.
930 2477 997 2548 74.
1037 2453 1089 2533 Ut
1118 2475 1213 2530 vcro
1244 2449 1532 2559 responsionem
1571 2452 1675 2536 hanc

218 2583 346 2639 meam
377 2558 429 2639 ad
457 2584 564 2642 tuum
587 2562 749 2645 dubium
779 2556 916 2644 melius
941 2557 1145 2674 intelligas,
1178 2587 1283 2662 nota,
1312 2564 1426 2674 quod
1453 2567 1494 2645 in
1523 2566 1673 2648 Decre-

219 2675 267 2755 tis
294 2679 389 2756 meis
420 2701 499 2756 non
529 2674 639 2758 detur
670 2675 775 2758 ordo
803 2703 848 2758 ac
882 2671 1061 2764 successio
1094 2681 1292 2785 temporis.
1375 2679 1478 2759 Hinc
1504 2702 1586 2761 utra
1620 2702 1672 2762 ue

218 2782 404 2869 sententia
427 2789 530 2872 tecte
559 2788 672 2889 dicit,
703 2794 913 2899 nempe&
943 2786 1100 2873 illorum
1130 2784 1456 2902 Theologorum‚
1491 2794 1561 2905 qui
1589 2706 1675 2897 dog·

192 2939 196 2946 ·
222 2925 324 2995 cent,
350 2904 544 2985 Christum
568 2900 710 2986 venisse
731 2901 839 2987 causas
868 2904 1172 3014 redemptionisr
1213 2908 1252 2985 dc
1274 2900 1463 3002 aliorum,
1492 2910 1561 3017 qui
1593 2904 1671 2989 do·

220 3038 321 3109 cent,
350 3017 538 3099 Christum
567 3013 676 3098 soille
702 3044 932 3116 venturum,
971 3020 1114 3102 etiamsi
1156 3017 1328 3101 Adamus
1357 3045 1438 3100 nun
1466 3013 1669 3129 peccasset.

217 3127 354 3210 Ambo
371 3129 587 3242 ergoredte
616 3130 764 3227 dicunt,
796 3133 1017 3216 dummodo
1048 3127 1193 3214 vellent
1221 3127 1259 3214 se
1287 3135 1451 3215 invicem
1477 3133 1581 3214 recle
1608 3137 1670 3216 in·

216 3237 403 3354 telligere.
488 3249 617 3340 Nam,
645 3245 672 3327 si
699 3243 829 3328 Adam
856 3274 938 3329 non
979 3242 1196 3358 peccasset,
1226 3242 1386 3328 venisset
1423 3247 1596 3329 Christus
1627 3249 1670 3330 in

217 3382 386 3466 corpore
419 3356 663 3442 condecente
685 3354 792 3442 illum
829 3364 987 3447 statumr
1025 3363 1118 3468 quia
1146 3360 1239 3442 vero
1263 3362 1464 3471 peccavit,
1499 3362 1671 3469 venitin¹

216 3495 384 3576 corpore
418 3467 589 3582 passibili.
675 3477 722 3555 Et
761 3478 855 3584 quia
889 3468 982 3557 scire
1024 3472 1249 3568 desideras,
1287 3477 1328 3554 in
1363 3467 1469 3582 quali
1498 3500 1669 3583 corpore

216 3585 388 3669 Christus
414 3583 538 3671 suisset
566 3610 762 3680 venturus,
790 3586 816 3670 st
846 3585 970 3669 Adam
992 3615 1075 3670 non
1098 3579 1307 3699 peccasset,
1329 3582 1440 3682 scias,
1464 3580 1669 3673 eumfuis-
1768 3662 1774 3668 .

213 3689 252 3778 se
280 3722 483 3782 venturum
511 3705 746 3808 incorpore
775 3697 1000 3811 impassibili,
1029 3728 1075 3784 ac
1102 3702 1253 3812 prorsus
1282 3694 1362 3801 tali,
1383 3696 1502 3813 quale
1531 3701 1667 3789 habuit

213 3811 302 3920 post
328 3809 430 3895 suam
465 3808 797 3896 Resurrectionem
835 3813 1044 3924 usquead
1078 3810 1364 3898 ascensionem.
1479 3840 1547 3917 75.
1584 3823 1667 3901 Cur

214 3947 342 4005 autem
367 3927 516 4009 dehoc
538 3933 577 4010 δι
600 3923 680 4010 aliis
707 3929 891 4038 mysteriis
913 3934 957 4037 in·
973 3920 1137 4011 Ecclefia
1157 3934 1255 4012 inter
1275 3931 1471 4012 Doctores
1493 3925 1667 4015 otiantur

213 4043 325 4122 variae
343 4048 564 4154 opiniones,
591 4036 906 4153 consonarent,
933 4044 1026 4156 quia
1053 4037 1165 4153 soleo
1192 4034 1387 4156 aliquibus
1418 4041 1665 4239 Docrpribirpis

1552 4178 1618 4263 arg
1655 4255 1661 4261 .
1795 4238 1799 4243 .
