3796 4994
597 333 798 437 Revelat.
824 327 1090 469 deAgreda.
1115 330 1321 431 Parsis!
1574 367 1675 465 4¹5

233 540 493 633 testimonium
519 534 698 647 Dionysii
716 539 972 649 Areopagitae,
993 538 1076 648 qui,
1093 527 1318 623 licet.suerit
1341 529 1609 648 philosophus,
1638 566 1682 625 a·
1831 619 1833 623 .

226 651 395 767 deoque
415 676 589 738 naturam
615 653 785 737 divinam
804 651 909 735 bene
927 653 1171 763 cognoverit,
1197 651 1350 735 testatus
1372 674 1503 734 tamen
1531 651 1611 753 est,
1640 650 1682 741 se

230 779 275 856 B.
296 774 572 881 virginemne
594 769 759 875 primum
781 761 886 851 illam
903 764 1014 862 vidit,
1035 763 1251 849 habituram
1272 758 1385 849 fuisse·
1399 792 1473 877 pto
1489 765 1590 864 Dea,
1611 765 1680 856 rifi
1751 784 1754 789 ’

229 874 327 977 sides
350 908 439 966 eum
463 876 568 973 aliud
591 875 790 963 docuisset.
980 959 983 967 ,
1727 975 1757 994 ‚¹

350 1024 414 1096 14.
457 996 645 1103 Quamvis
669 994 751 1076 hoc
772 992 906 1106 Caput
929 988 1154 1106 vigesimum
1179 994 1346 1103 primurn
1370 985 1611 1105 Apocalipsrs
1633 998 1675 1082 in

183 1124 187 1131 '
229 1112 352 1224 prima
365 1114 479 1194 Parte
497 1110 608 1215 hujus
624 1108 799 1222 Historiae
819 1101 1089 1217 explicaverim
1102 1107 1154 1190 de
1168 1099 1415 1190 Immaculata
1430 1107 1696 1229 conceptio·

172 1216 180 1233 '
230 1253 281 1309 ne
304 1232 345 1308 B.
365 1226 544 1336 Virginis,
561 1246 680 1333 prout
700 1246 793 1319 tunc
817 1223 914 1304 mihi
935 1217 1058 1306 fuerat
1084 1214 1316 1312 revelaruma
1339 1246 1444 1305 nunc
1459 1231 1589 1332 tamen
1605 1249 1675 1307 ne·

230 1334 422 1425 cessarium
449 1338 529 1432 est,
566 1357 608 1419 ut
636 1329 733 1418 illud
765 1330 953 1447 explicem
977 1333 1030 1420 de
1064 1331 1243 1419 descensu
1260 1338 1392 1420 Mariae
1417 1333 1439 1420 ὲ
1463 1331 1567 1421 coelo
1587 1339 1674 1449 post

225 1450 498 1538 Ascensronem
534 1449 687 1534 Christi.
768 1451 916 1563 Neque
954 1476 1023 1562 per
1050 1451 1142 1533 ‘hoc
1164 1445 1209 1532 fit
1239 1444 1368 1561 aliqua
1396 1451 1671 1548 contradidio,

227 1574 318 1681 quia
337 1565 458 1651 ambo
483 1558 607 1649 sensus
632 1560 715 1648 sunt
736 1559 946 1648 litterales.
1031 1567 1131 1649 Non
1151 1565 1253 1647 enim
1273 1565 1326 1646 est
1343 1561 1519 1664 dubium,
1540 1567 1672 1651 Deum

223 1682 361 1766 iisdem
390 1678 517 1762 verbis
543 1671 706 1787 potuisse
735 1673 879 1762 diversa
904 1673 1141 1789 significare,
1169 1681 1208 1758 δι
1230 1703 1304 1759 nos
1326 1674 1394 1759 sub
1422 1677 1560 1761 iisdem
1587 1706 1671 1765 ver·

222 1795 281 1881 bis
312 1791 456 1877 diversa
486 1788 594 1904 polle
624 1787 857 1903 intelligeres
909 1789 1002 1873 ficut
1032 1789 1163 1874 David
1190 1815 1383 1874 memorat
1409 1789 1487 1887 (Pl.
1509 1806 1577 1877 61.
1603 1791 1669 1879 Se·
1802 1864 1806 1874 .

220 1905 296 1994 mel
317 1905 468 1992 'locutus
492 1903 540 2016 eJl
568 1905 697 2003 Deus,
725 1904 800 1990 duo
825 1899 900 1989 lraec
926 1900 1085 2006 audivi)
1117 1908 1186 2018 qui
1211 1907 1290 1989 haec
1314 1902 1432 1989 verba
1455 1903 1533 1990 fine
1549 1910 1668 2022 aequi-

220 2026 431 2109 vocatione
453 2046 517 2104 aut
541 2020 851 2105 contradidione
866 2014 1064 2104 intellexit.

271 2159 273 2163 ’
341 2148 406 2218 16.
450 2133 608 2231 Ambo,
649 2135 888 2218 Christus&
916 2136 1064 2231 Maria,
1089 2132 1279 2246 potestate
1299 2135 1404 2248 regia
1430 2130 1510 2218 sum
1539 2131 1666 2224 serunt
1704 2151 1718 2188 ³

222 2245 489 2364 possessionem
517 2245 622 2348 coeli,
645 2244 699 2333 sui
722 2250 844 2361 regni.
901 2253 994 2332 Hoc
1013 2273 1177 2362 regnum
1194 2272 1480 2335 renovaverunt
1511 2276 1558 2335 ua
1571 2279 1667 2367 prae·

220 2362 362 2461 sentia,
391 2369 559 2472 &novo
586 2361 743 2476 gaudio,
769 2358 884 2474 quod
907 2370 987 2469 ejus
1011 2366 1179 2476 antiquis
1196 2358 1468 2474 possessoribus
1489 2361 1666 2455 contule·

221 2503 323 2576 runt,
341 2482 379 2559 dc
400 2473 485 2560 filiis
501 2476 613 2573 Adae,
632 2504 736 2583 quos
755 2480 806 2558 eo
823 2474 1080 2559 deduxerunt.
1138 2476 1315 2584 Quando
1336 2478 1509 2562 Christus
1527 2485 1565 2561 δι
1580 2484 1667 2565 Ma·
1818 2551 1823 2573 ,

221 2600 276 2691 ria
290 2598 331 2677 in
350 2587 493 2676 coelum
514 2586 778 2688 ascenderunt,
808 2587 1084 2702 confregerunt
1105 2584 1234 2687 serras,
1257 2588 1402 2705 quibus
1424 2585 1567 2677 coelum
1594 2619 1665 2704 pet

218 2712 345 2794 annos
374 2732 447 2809 523
460 2733 477 2805 3
506 2701 668 2788 clausurn
696 2725 788 2788 etat.

338 2846 405 2925 39.
434 2819 606 2904 Christus
628 2841 789 2931 propter
809 2818 944 2902 merita
960 2820 1000 2902 &
1023 2813 1329 2903 intercessionem
1343 2818 1386 2927 B.
1397 2821 1565 2933 Virginis
1577 2823 1665 2935 post

219 2931 491 3036 discensionem
512 2931 716 3044 permansit
738 2931 844 3044 apud
866 2932 1047 3019 homines
1070 2928 1135 3018 sua
1159 2937 1279 3044 gratia
1301 2938 1339 3015 dr
1358 2929 1430 3018 suis
1452 2934 1664 3025 beneficiis.

193 3122 204 3129 .,
233 3063 241 3074 ·
280 3105 296 3130 .
336 3078 402 3133 20.
430 3047 484 3133 Er
501 3074 602 3132 mors
624 3041 729 3131 ultra
751 3073 828 3132 non
849 3052 936 3147 erit,
961 3072 1079 3158 neque
1104 3043 1235 3135 lulius..
1291 3047 1375 3158 Ipsa
1397 3046 1471 3145 est,
1495 3077 1581 3161 quae
1602 3046 1664 3134 lu·

217 3169 322 3248 dum
344 3168 383 3246 in
411 3161 610 3273 gaudium,
635 3165 674 3243 dr
695 3185 861 3244 mortem
884 3169 1032 3272 peccati
1050 3165 1091 3244 in
1110 3166 1227 3244 vitam
1249 3166 1454 3259 convertit,
1478 3162 1663 3247 dummo-

219 3279 275 3362 do
297 3280 374 3360 hoc
395 3276 444 3359 ab
463 3271 540 3388 ipsa
561 3298 761 3388 quaeratur.
815 3274 854 3356 Si
875 3300 1097 3385 peccatores
1111 3279 1219 3359 citius
1238 3271 1494 3387 confugissent
1512 3278 1563 3361 ad
1582 3279 1663 3364 hoc

214 3389 489 3485 Sanetumum,
513 3384 738 3493 invenissent
756 3391 924 3486 veniam,
946 3394 985 3471 dc
1008 3385 1316 3473 misericordiam.

335 3533 402 3587 21.
430 3495 481 3590 Er
501 3499 616 3599 dixit,
639 3505 702 3614 qui
716 3498 874 3614 sedebat
902 3504 942 3588 in
966 3497 1134 3611 tbrorm3
1164 3501 1260 3587 Ecce
1277 3529 1381 3590 noua
1398 3506 1506 3616 facio
1521 3488 1662 3596 omniu.

215 3615 438 3730 Postquam
450 3613 612 3702 coelestis
631 3623 744 3701 Pater
765 3616 922 3700 tradidit
941 3617 1162 3701 hominibus
1184 3613 1318 3715 filium,
1337 3617 1434 3703 misit
1451 3615 1523 3704 illis
1545 3624 1660 3708 etiam

216 3756 390 3832 matrem,
417 3759 504 3843 quae
528 3726 759 3814 excellenter
774 3735 976 3814 renovavit
994 3735 1126 3815 omnia
1150 3737 1262 3815 novis
1281 3732 1409 3831 donis,
1434 3738 1473 3816 dc
1501 3731 1566 3818 illa
1587 3763 1664 3849 po·

216 3847 351 3927 testate
372 3845 622 3928 distribuendi
644 3842 840 3928 thesauros
854 3845 1148 3957 redemptionis,
1172 3872 1275 3958 quos
1295 3851 1374 3952 ejus
1394 3843 1494 3932 filius
1518 3876 1605 3932 cum
1621 3876 1661 3935 e·

212 3965 274 4064 jus
295 3955 560 4069 sapientissimo
582 3957 762 4043 consensu
784 3960 1006 4043 hominibus
1023 3956 1198 4044 eontulit.
1255 3964 1466 4072 Propterea
1485 3989 1569 4046 eam
1589 3960 1663 4046 Ec·

215 4070 333 4159 clesrae
348 4073 448 4157 mist
469 4072 522 4158 de
544 4070 613 4160 suo
637 4079 748 4188 regio
768 4074 930 4174 throno,
951 4097 1177 4182 renovatam
1190 4076 1358 4189 imagine
1375 4078 1429 4161 sui
1449 4078 1661 4275 Unigerp‘ipii,

808 4231 809 4236 r
1559 4214 1586 4274 ο
1643 4237 1662 4258 ,

175 4371 195 4419 θ
