3796 4994
602 342 804 438 Revelat.
829 337 1087 474 chgreda.
1113 349 1226 440 Pars
1243 347 1299 439 II.
1572 283 1674 476 m

336 553 433 630 661.
467 546 511 628 B.
536 547 585 628 V.
616 546 712 630 vidit
733 573 963 660 percorpus
989 549 1130 634 Christi
1154 576 1340 664 tanquam
1366 576 1436 664 per
1454 543 1670 662 crystallum

213 659 255 744 in
274 663 399 744 anima
418 662 560 747 christi
582 687 719 745 omnes
746 669 826 769 ejus
843 666 1104 776 operationes.

326 806 428 899 664.
458 801 500 879 Β.
519 798 568 879 V.
596 794 648 878 ad
669 822 736 879 me
756 798 875 880 dixit:
904 799 944 878 Si
969 799 1143 881 humanis
1163 752 1300 883 mediis
1325 790 1545 881 sustentatio
1561 821 1670 878 com·

213 909 337 1020 parari
358 911 501 1020 potest,
524 934 606 992 non
630 911 684 994 est
710 907 1010 1024 exspectandum
1028 907 1278 1001 miraculumr
1306 909 1423 1001 neci
1445 907 1582 994 labore
1601 909 1669 994 ab·

213 1023 431 1106 slinendum
452 1020 520 1107 sub
546 1022 744 1136 praetextu,
770 1029 901 1109 Deum
921 1035 997 1133 jam
1015 1022 1269 1138 provisurum.

334 1170 430 1260 66ς.
455 1163 501 1241 In
522 1163 705 1273 AEgypto
733 1165 797 1244 vix
820 1187 920 1246 unus
946 1185 1038 1246 tunc
1061 1187 1217 1274 poterat
1237 1165 1414 1259 inveniri,
1437 1164 1507 1275 qui
1535 1182 1669 1243 vetum

214 1272 348 1357 Deum
366 1269 603 1387 agnosceret.
661 1283 702 1360 B.
724 1280 849 1390 Virgo
870 1301 1001 1361 autem
1018 1304 1105 1364 eam
1128 1283 1328 1393 regionem
1345 1278 1396 1364 fic
1413 1273 1670 1371 foecundavit,

214 1411 258 1472 ut
280 1385 410 1473 multis
432 1386 573 1475 sacculis
595 1388 650 1474 ibi
671 1395 710 1477 in
731 1395 829 1476 flore
847 1389 1095 1504 permanserit
1111 1388 1300 1494 innuitis,
1319 1419 1363 1480 ut
1381 1416 1488 1507 patet
1510 1419 1557 1476 ex
1580 1394 1669 1475 Ere·

214 1529 330 1589 mrtts.
392 1586 395 1591 ,
1364 1575 1369 1585 .
1735 1568 1753 1583 ‚

335 1634 431 1703 666.
473 1618 648 1730 Quando
685 1623 830 1722 JESUS
855 1624 1009 1707 intravit
1045 1617 1299 1735 Heliopolim
1323 1646 1530 1737 quotquot
1553 1620 1607 1704 ibi
1629 1621 1668 1703 in

216 1734 313 1820 urbe
337 1762 446 1818 erant
467 1731 588 1830 idola,
612 1762 840 1819 corruerunt
862 1740 993 1819 omnia
1023 1763 1110 1822 cum
1134 1765 1280 1853 magno
1298 1737 1467 1850 fragore,
1487 1742 1525 1820 dt
1545 1761 1668 1820 terro·

216 1877 260 1935 re
291 1853 451 1936 vicinia.
537 1855 750 1962 Propterea
789 1877 930 1965 magna
964 1854 1017 1935 est
1053 1852 1457 1967 exortaperturbario
1489 1855 1529 1935 in
1558 1849 1668 1933 urbe.

217 1969 516 2052 Concurrcrunt
540 1970 655 2049 etiam
688 1960 808 2079 aliqui
843 1969 896 2049 ad
922 1971 1107 2064 Mariam,
1133 1995 1305 2081 quorum
1336 1963 1489 2081 aliquos
1514 1961 1668 2049 sanavit.

215 2076 323 2167 'Cum
348 2109 446 2193 ergo
469 2081 674 2165 concursus
695 2081 752 2163 ob
773 2077 953 2166 miracola
974 2079 1170 2178 cresceret,
1192 2081 1361 2197 quaesivit
1375 2079 1556 2186 Jesulum,
1571 2075 1669 2192 quid

216 2195 285 2281 srbi
310 2197 537 2308 agendum?
576 2195 802 2308 Respondit.
859 2207 1008 2283 Omnes
1027 2198 1077 2283 ab
1104 2225 1152 2283 ta
1171 2195 1246 2284 esse
1264 2201 1508 2284 instruendos
1531 2194 1671 2281 infide

216 2317 253 2396 dt
273 2314 389 2397 bonis
406 2311 579 2394 moribus
593 2319 669 2397 dcc.
1680 2310 1683 2315 ’

339 2465 435 2546 667.
479 2447 659 2537 Officium
682 2455 763 2535 hoc
783 2451 1072 2536 concionatoris
1102 2455 1141 2533 ἃ
1167 2451 1336 2564 Magistri
1364 2455 1409 2536 B.
1436 2455 1562 2564 Virgo
1582 2475 1670 2561 per·

217 2564 320 2652 fene
339 2561 578 2677 adimplevit.
635 2572 791 2650 Fructus
813 2589 943 2648 tantus
966 2571 1104 2665 extitit,
1128 2591 1170 2649 ut
1187 2570 1328 2679 integri
1347 2561 1434 2649 libri
1459 2563 1577 2651 essent
1600 2568 1668 2647 itn·

216 2678 365 2797 plendi‚
382 2679 407 2765 fi
422 2678 542 2765 essent
568 2679 818 2765 describenda
835 2703 981 2790 patrata
1003 2677 1196 2778 miracula,
1212 2685 1252 2763 δι
1276 2679 1562 2777 converfiones‚
1583 2699 1673 2790 quae

218 2798 366 2882 fiebant
388 2799 540 2909 integro
558 2792 626 2878 illo
648 2801 876 2906 Septennio,
897 2825 980 2909 quo
1001 2804 1040 2879 B.
1061 2801 1108 2881 V.
1129 2801 1168 2879 in
1181 2800 1363 2908 AEgypto
1381 2795 1527 2881 mansit.
1563 2798 1671 2877 Nam

218 2938 304 3001 tora
325 2916 437 3025 regio
461 2907 694 3022 implebatur
709 2907 919 3006 sanctitate,
943 2916 982 2993 dt
1007 2910 1297 2995 benedictione.
1358 2912 1533 3018 Quando
1558 2915 1600 2995 B.
1625 2912 1672 2992 V.

221 3028 394 3114 docebat
411 3022 618 3138 populum,
642 3024 815 3109 sumebat
837 3030 877 3108 in
901 3026 1056 3110 brachia
1079 3021 1261 3130 Jesulum.
1334 3027 1519 3111 Docebat
1541 3049 1671 3109 autem

221 3143 273 3230 de
296 3144 404 3241 Deo,
422 3146 558 3249 &ejus
581 3169 677 3226 vero
696 3138 814 3239 cultu,
841 3146 880 3224 δι
906 3142 958 3225 de
978 3142 1253 3255 redemptione
1273 3144 1425 3255 generis
1447 3143 1618 3226 humani.

340 3291 437 3368 668.
465 3280 692 3360 Doctrinam
720 3272 822 3357 suam
851 3273 1106 3360 confirmabat
1138 3269 1365 3362 miraculis·
1394 3274 1491 3389 sape
1523 3276 1607 3362 ibat
1631 3276 1672 3358 in

218 3387 420 3506 hospitalia
446 3395 484 3472 ἃ
505 3390 713 3481 exhibebat
733 3393 839 3502 agris
859 3384 1000 3504 magna
1018 3388 1215 3475 beneficia.
1347 3462 1359 3475 .

339 3534 434 3618 669.
467 3504 682 3604 Dubitabat
702 3519 764 3602 ob
778 3519 1017 3618 modestiam,
1032 3546 1080 3602 au
1097 3518 1261 3603 deberet
1278 3540 1394 3605 manu
1411 3545 1573 3636 tangere
1588 3513 1672 3602 vul·

221 3661 313 3719 nera
334 3632 515 3720 sananda.
571 3636 721 3740 JESUS
737 3631 950 3745 respondit,
970 3658 1011 3717 ut
1033 3637 1137 3717 viros
1154 3629 1300 3718 sanaret
1314 3631 1400 3722 solo
1424 3634 1547 3722 verbd
1562 3664 1572 3722 r
1587 3661 1674 3719 mu·

218 3745 333 3836 lieres
361 3774 490 3834 autem
519 3756 676 3834 attactu.
757 3750 796 3833 8.
825 3745 1017 3860 Josephus
1050 3751 1139 3860 post
1160 3749 1264 3834 duos
1288 3774 1413 3838 annos
1446 3754 1563 3837 etiam
1594 3745 1675 3863 ipse

221 3868 343 3978 coepit
363 3861 495 3948 sanare
518 3891 654 3980 aegros.
1590 3930 1594 3937 ,

340 4005 435 4090 670·
463 3998 607 4081 Exorta
628 3986 832 4105 Heliopoli
853 3992 971 4106 peste,
992 3993 1089 4076 &in
1112 3984 1194 4076 aliis
1213 3987 1326 4089 locis,
1345 4018 1484 4104 magna
1505 3989 1677 4078 multitu·
1762 3974 1773 3981 ”

222 4106 280 4196 do
301 4138 351 4196 ex
374 4133 459 4195 tora
477 4113 677 4223 provincia
698 4109 954 4195 concurrebat
976 4106 1026 4307 ³3
1039 4080 1190 4195 BV&
1206 4104 1252 4195 S.
1270 4102 1510 4222 Josephum·,
1538 4135 1677 4308 omrpes

1040 4249 1120 4310 ua
1572 4250 1615 4309 re
1644 4252 1676 4307 r-
