3796 4994
61 233 63 239 Ι
234 312 334 405 228
616 278 818 396 irenem.
840 293 893 391 de
913 280 1105 427 Agteda.
1131 247 1245 394 Part
1263 300 1302 391 1.
1384 420 1388 429 Ι

345 528 386 602 4.
414 498 457 584 io
478 454 786 584 etitabitatione
815 496 1074 609 apparuerunt
1099 480 1275 582 nrtu‘sex
1296 472 1444 608 angeli,
1462 490 1676 609 specialiter

65 694 75 703 .
226 600 370 699 ‘ruiti
394 614 489 697 Deo
512 614 552 694 in
580 613 681 694 hunc
704 609 822 695 finem
845 610 1034 719 deputati,
1057 632 1101 697 ut
1116 637 1182 695 me
1211 611 1419 721 dirigerent
1440 614 1480 693 δι
1502 616 1678 714 juvarent

86 779 89 789 ·
174 718 274 812 ''itt
299 722 504 809 scribendo
526 725 605 806 hoc
630 750 763 833 opere.
875 727 947 806 His
981 723 1234 831 adjunxerunt
1265 719 1303 805 sc
1337 722 1421 806 duo
1452 719 1515 806 aiii
1535 721 1680 835 'angeli

61 920 66 929 .
170 924 174 929 ,
228 837 380 957 ¹ordinis
393 834 609 949 superioris,
632 863 736 1030 cpuos
756 832 1012 950 agnoscebam
1035 835 1294 949 cupidiiirmos
1320 835 1415 935 esse,
1432 835 1483 919 ad
1500 837 1679 946 panden-

232 950 286 1034 da
307 951 402 1034 mihi
420 952 598 1062 quadam
624 954 761 1033 atiora
793 951 980 1060 mysteria.
1060 946 1227 1036 Viciffim
1250 974 1328 1060 ego
1358 953 1490 1058 aperui
1512 945 1586 1031 iliis
1610 975 1681 1032 an-

230 1059 367 1149 helum
395 1080 535 1146 meum·
566 1061 830 1160 desiderium,
860 1060 999 1144 eadem
1024 1076 1071 1145 'm
1102 1062 1210 1146 steria
1245 1059 1389 1159 secreta
1415 1062 1679 1173 percipiendis

231 1174 290 1263 At
313 1181 471 1287 propius
502 1174 689 1259 accedere
716 1169 914 1258 volentem
940 1201 981 1256 re
1009 1088 1191 1259 reditum
1210 1203 1298 1271 me,
1324 1175 1527 1260 exuendos
1557 1181 1683 1286 ptius,

128 1310 137 1374 .’
231 1288 468 1402 inquientes,
499 1315 636 1370 omnes
665 1282 836 1386 affedus,
859 1291 898 1368 dc
922 1203 1189 1371 incitationes
1218 1291 1406 1398 proprias.

361 1429 397 1502 ς.
425 1407 537 1484 Tunc
564 1403 683 1483 statim
712 1398 790 1481 vidi
809 1397 1017 1512 pretiosum
1043 1396 1194 1494 velunt,
1214 1427 1300 1511 quo
1316 1399 1519 1510 tegebatur
1539 1395 1679 1511 aliquis

233 1514 441 1600 thesaurus.
524 1512 650 1596 Exarit
675 1510 894 1608 defiderid,
918 1535 962 1594 ut
980 1513 1227 1597 reduceretur
1251 1508 1403 1612 velum,
1424 1518 1463 1595 ἃ
1492 1515 1681 1596 monstra·

231 1654 340 1715 tetur
356 1621 563 1710 thesaurus.
644 1622 791 1708 Attuli
816 1623 1061 1735 responsum:
1108 1628 1216 1708 Exue
1244 1623 1424 1737 teipsam,
1453 1631 1492 1708 dc
1523 1624 1676 1710 videbit

194 1826 197 1833 ,
232 1739 463 1826 thesaurum.
549 1737 737 1850 Propoiui
769 1738 913 1833 statim,
947 1737 1155 1822 emendate
1176 1743 1319 1826 vitams
1366 1743 1407 1820 δι
1426 1735 1677 1851 ingemiscens

215 1881 324 1953 ,cum
351 1856 443 1936 fletu
471 1848 697 1961 suspirabam
718 1877 767 1934 ex
796 1855 936 1935 intimo
963 1851 1113 1950 cordis,
1138 1873 1182 1934 ut
1202 1852 1294 1935 mihi
1323 1875 1560 1963 retegeretur
1587 1855 1675 1935 the·

224 1964 373 2055 taurus.
456 1969 505 2049 Et
540 1960 667 2049 Ecce!
702 1971 808 2071 juxta
835 1967 1114 2048 incrementum
1139 1962 1316 2049 desiderii
1347 1969 1460 2049 ctiam
1490 1960 1675 2076 paulatim

230 2079 490 2168 reducebatur
503 2071 648 2172 velum,
666 2076 1025 2186 monstrabaturque
1042 2076 1134 2159 mihi
1153 2072 1342 2161 summum
1359 2105 1486 2162 meum
1507 2072 1677 2168 bonumt

233 2194 366 2275 donec
388 2189 547 2272 tandem
572 2185 913 2295 redudumiuerit
930 2211 1059 2271 totum
1072 2245 1086 2285 ,
1108 2186 1266 2302 seseque
1289 2213 1377 2275 ante
1399 2186 1537 2275 oculos
1563 2217 1675 2274 meos

229 2306 392 2407 iiitcrit,
421 2301 537 2411 quod
568 2326 651 2382 non
692 2297 773 2382 sum
802 2305 906 2412 potis
943 2326 1116 2385 enarrate
1149 2299 1289 2388 verbis.
1380 2304 1472 2387 Vidi
1502 2302 1711 2417 namque

234 2408 360 2501 oculis
388 2417 546 2498 internis
568 2414 754 2525 Reginam
780 2409 1096 2526 pulcherrimam,
1124 2411 1238 2499 stellis
1263 2440 1502 2516 coronatam,
1529 2412 1613 2500 iole
1635 2443 1674 2500 a·

229 2533 403 2643 ¹midam,
429 2532 468 2609 dc
499 2520 630 2610 lunam
655 2522 723 2610 sub
748 2527 917 2639 pedibus
942 2531 1035 2632 eius.
1113 2525 1255 2639 Angeli
1281 2531 1374 2612 mihi
1395 2525 1674 2618 affcvcrabants

206 2644 336 2726 'itanc
359 2636 477 2752 ipsam
510 2637 585 2725 eise
608 2633 714 2722 iilam
745 2641 967 2735 mulierem,
1029 2665 1118 2723 uam
1144 2645 1240 2724 vidit
1257 2643 1430 2742 Joaones
1452 2647 1496 2725 in
1518 2641 1672 2755 Apoca·

231 2750 249 2839 l
304 2750 349 2840 stt
385 2778 431 2835 ac
453 2757 497 2836 in
516 2779 564 2837 ea
580 2751 747 2862 reposita
766 2776 887 2864 atque
909 2750 978 2835 sub
997 2668 1127 2864 iguis
1152 2749 1275 2837 clausa
1301 2751 1376 2838 effe
1400 2756 1577 2868 mysteria
1602 2760 1675 2841 Re·

265 2868 485 2975 emptionis.
565 2861 755 2965 Juiierunt
772 2887 1045 2976 praterea„ut
1062 2891 1147 2950 eam
1170 2867 1274 2951 bene
1295 2863 1594 2982 contemplarer,
1618 2894 1673 2954 at·

229 3005 314 3095 que
338 2970 601 3069 describerem.
908 3054 914 3065 ,

349 3108 390 3174 6.
426 3082 524 3174 uuo
561 3089 627 3173 die
662 3089 701 3172 itt
731 3084 870 3173 somno
897 3091 1006 3174 vertit
1033 3092 1084 3175 ad
1113 3119 1180 3178 me
1208 3091 1340 3180 vorti
1370 3093 1487 3192 Deo,
1517 3094 1673 3181 dicem:

223 3202 370 3319 Sponfit
396 3229 492 3299 mea,
517 3199 633 3301 volo,
655 3212 699 3288 ut
725 3199 848 3296 ducas,
870 3206 994 3289 vitam
1022 3209 1139 3319 magis
1163 3232 1214 3292 an
1237 3205 1380 3306 eiicam,
1407 3204 1516 3318 quim
1543 3206 1673 3296 huma·

231 3344 336 3415 tam,
362 3328 474 3428 atque
493 3325 541 3403 tat
562 3312 797 3428 obliviscaris
821 3320 948 3403 omitia
969 3325 1151 3415 terrena:
1260 3345 1307 3406 ea
1326 3323 1503 3438 nitgirta
1527 3324 1675 3425 Mater

224 3433 309 3535 ‚trit
329 3437 400 3515 tua
418 3425 628 3547 Magistra.

197 3602 200 3609 ι
236 3568 239 3573 ·
346 3570 386 3642 7.
427 3538 550 3625 Simul
580 3566 675 3626 tunc
703 3564 843 3654 magna
864 3543 1031 3654 Regina,
1068 3547 1110 3627 in
1144 3551 1248 3652 cujus
1273 3547 1417 3633 stabam
1447 3546 1671 3662 conspecto,

222 3756 224 3761 ,
264 3657 273 3674 '
326 3653 463 3740 abantr
490 3657 548 3738 his
577 3683 642 3739 me
676 3655 802 3738 verbis
837 3651 1015 3769 alloqui:
1061 3653 1272 3767 ctmffima
1299 3658 1406 3770 βίας
1445 3672 1489 3748 tu
1515 3665 1672 3774 measss

220 3763 270 3853 u·
285 3764 420 3879 cipitia,
439 3794 509 3884 ego
523 3794 592 3854 ero
611 3777 680 3855 tua
704 3768 770 3851 M
819 3771 913 3855 ‘rm
995 3772 1079 3855 Me
1098 3769 1262 3883 sequere.
1291 3780 1367 3857 &c
1448 3777 1556 3860 Dein
1585 3781 1671 3871 Do·

228 3890 355 3966 mimas
380 3881 500 3966 dixit:
524 3879 712 3979 Attende,
817 3877 922 3966 vide.
1005 3885 1195 3985 Attendi,
1223 3893 1264 3970 dt
1294 3889 1375 3971 vidi
1405 3885 1556 3974 Setiam
1583 3917 1670 3976 cum

216 3991 378 4110 argeus
401 3991 692 4086 ascendentibus
723 3999 762 4079 u
789 3991 1123 4106 descendentibus.
1235 4004 1285 4089 Et
1307 4001 1505 4088 Dominus
1531 4004 1585 4085 ad
1608 4031 1671 4087 me
