3796 4994
616 221 919 321 nevelao'ones
954 225 1001 323 S.
1039 221 1270 322 certioris
1383 301 1385 305 .
1594 228 1627 330 6
1633 260 1656 351 3

212 418 437 539 Episcopus,
459 426 529 538 qui
552 419 690 537 sctipfit
711 424 832 508 libros
858 450 926 509 to.
948 428 1152 538 Originum
1172 430 1212 510 u
1236 422 1595 542 etymologiarum,
1612 429 1660 516 li·

215 540 290 624 bro
315 566 383 624 10.
408 542 478 621 aitt
532 536 769 653 Manfitetus
805 534 881 649 esi,
917 539 1020 648 quast
1045 566 1159 626 manu
1189 543 1362 649 affatius.
1438 545 1486 626 Et
1520 545 1661 628 Sextus

213 658 423 766 Pompeius
453 654 581 736 Festus
616 654 669 735 de
712 652 941 758 Verborum·
962 676 1137 736 veterum
1168 648 1447 764 fignifieatione
1468 651 1571 739 libro
1597 686 1662 744 ιι.

215 773 293 855 ait:
343 763 598 879 Manfiietum
637 763 739 874 quast
772 761 827 869 ad
849 783 997 850 manum
1024 769 1158 851 venire
1179 769 1329 879 Jieturn
1363 776 1480 872 aiunt.
1536 767 1665 855 'Hinc
1700 791 1705 799 ·

215 888 255 966 δι
280 883 436 967 Nonius
463 873 668 962 Marcellus
693 876 962 961 Tiburticensts
989 878 1041 963 de
1069 884 1307 991 proprietate
1327 882 1560 967 Sermonum
1585 888 1663 969 Tit.

215 1003 281 1080 De
304 1016 448 1079 mutata
473 986 734 1076 declinatione
757 996 828 1074 ait:
862 992 1055 1105 Manfites
1070 1014 1144 1102 pro
1169 992 1395 1106 monsterius.
1479 994 1578 1084 Non
1599 1002 1664 1084 ui-

216 1104 298 1215 disti
313 1103 553 1218 fimuiacrum
578 1106 713 1190 ironis
733 1100 788 1188 ad
803 1098 921 1202 Idam,
941 1132 1046 1216 quem
1070 1101 1177 1192 Galli
1202 1116 1220 1194 t
1242 1111 1386 1220 mponis
1404 1111 1544 1220 ferunt
1568 1107 1664 1198 adeo
1747 1194 1750 1199 .

217 1218 417 1335 mansuem,
444 1230 489 1305 ut
520 1221 732 1304 traderent
756 1215 939 1305 manibus.
1028 1222 1076 1304 Et
1101 1135 1291 1304 Nicossus
1319 1227 1500 1308 Perottus
1524 1227 1566 1308 in
1592 1220 1664 1325 suo

218 1337 481 1444 Cornucopiae
496 1389 509 1429 ,
550 1327 614 1416 seu
654 1337 933 1416 commentario
977 1326 1116 1446 lingue
1155 1330 1281 1421 iatine
1320 1332 1501 1449 impresso
1534 1343 1663 1424 Vene·

218 1454 280 1534 tiis
308 1475 430 1548 ηις.
458 1451 499 1530 F.
514 1466 610 1549 4⁶⁹·
634 1447 745 1530 dicit:
780 1443 1019 1558 Mansuetus
1033 1447 1149 1557 quast
1172 1474 1286 1534 manu
1307 1452 1481 1558 effoetus.
1536 1449 1665 1563 Quod

218 1567 355 1648 attinet
381 1587 528 1643 nornen
543 1564 749 1670 patientie,
771 1561 809 1642 S.
831 1557 997 1643 lfidoms
1016 1555 1115 1644 illud
1138 1562 1287 1646 derivat
1311 1560 1572 1675 tipaviend03
1593 1588 1665 1678 pa·

218 1681 306 1762 vire
334 1680 436 1757 enirn
465 1678 674 1785 antiquitus
696 1672 801 1756 idern
818 1696 899 1755 erat
922 1699 968 1755 ac
988 1671 1113 1758 ferite.
1179 1679 1281 1760 Hinc
1306 1680 1487 1759 Perottus
1510 1680 1549 1762 F.
1572 1679 1667 1779 ιιι.

220 1790 292 1874 uite
336 1790 557 1898 pavimenta
584 1790 625 1871 t'n
652 1782 791 1872 edibus
810 1781 907 1870 itera
921 1784 1018 1897 fient
1037 1783 1061 1871 i
1081 1785 1274 1897 feriendo,
1300 1783 1422 1898 quod,
1446 1784 1534 1874 dum
1549 1789 1665 1895 fiunt,

213 1899 392 2016 pluribus
411 1896 541 1986 diebus
560 1902 759 2010 feriantur
781 1896 943 2015 virgulis
960 1899 1031 2011 feu
1060 1897 1246 2002 narniis,
1278 1910 1323 1988 tri
1336 1897 1525 2014 fiilidiora
1550 1903 1666 2007 fiant,

220 2042 288 2102 nec
323 2017 438 2099 rimas
462 2016 642 2124 faciani3
702 2022 849 2099 veteres
890 2015 1020 2123 quippe
1053 2015 1194 2123 pavire
1226 2036 1298 2126 pro
1321 2015 1444 2124 ferire
1477 2012 1667 2121 dicebant,

247 2123 327 2214 uod
343 2124 511 2245 bgraec'is
521 2127 712 2240 firmptum
734 2123 806 2241 esi,
879 2127 1032 2211 inuito
1061 2122 1196 2214 dicuni
1224 2136 1440 2239 pereutere,
1473 2125 1572 2215 unde
1608 2128 1670 2228 δ’

222 2156 406 2353 brevite
427 2242 588 2327 traiiom
612 2238 672 2348 eli.
759 2245 817 2326 En
853 2240 958 2353 unge
980 2237 1093 2325 aliern
1116 2235 1424 2353 Etymologiatn!
1450 2241 1533 2326 baee
1551 2249 1668 2333 etiarn

225 2358 357 2440 verior
373 2354 428 2438 est
446 2381 493 2438 ex
520 2381 585 2455 eo,
608 2358 702 2466 quia
716 2353 930 2438 derivativa
949 2350 1098 2465 semper
1120 2355 1267 2438 habent
1291 2354 1454 2439 eosdem
1479 2356 1610 2443 fontes
1626 2364 1669 2445 dt

221 2469 398 2559 radicese
424 2464 453 2550 st
475 2493 569 2579 ergo
585 2472 766 2579 patientia
794 2467 958 2551 deberet
980 2468 1142 2551 derivari
1168 2467 1192 2552 d
1214 2494 1312 2580 pace
1344 2473 1384 2550 δι
1410 2464 1593 2567 scientia,
1628 2468 1675 2557 e-'

223 2587 318 2666 tiam
342 2586 420 2694 pati
443 2581 606 2666 deberet
630 2579 831 2666 derivatid
855 2606 963 2692 pace.
1045 2584 1101 2664 At
1129 2582 1206 2661 hoc
1232 2606 1366 2664 venun
1386 2607 1469 2663 non
1491 2582 1669 2675 videtote

223 2702 318 2809 quie
338 2720 425 2779 curn
441 2700 522 2806 pati
544 2700 750 2778 conveniat
774 2693 957 2795 omnibus
981 2691 1097 2776 rebus
1119 2695 1233 2777 etiarn
1259 2697 1488 2792 inanimatis,
1521 2696 1587 2781 ubi
1604 2694 1670 2784 lo·

226 2836 314 2892 cum
331 2794 413 2892 non
427 2806 551 2891 'habet
567 2832 668 2919 pax3
694 2812 817 2891 immo
834 2809 948 2890 etiam
971 2808 1009 2888 in
1029 2805 1189 2889 homine
1206 2811 1245 2888 δι
1269 2803 1522 2892 doemonibus
1544 2805 1667 2922 ipsum

224 2924 305 3035 pati
327 2948 410 3007 uon
429 2926 636 3005 conveniat
658 2944 881 3030 cumpace,
909 2946 992 3003 non
1022 2923 1175 3024 videtur
1203 2943 1341 3032 pacem
1383 2920 1669 3009 commendasse

227 3030 376 3147 aliquid
397 3034 452 3119 sui
475 3038 643 3117 nominis
669 3032 719 3116 ad
740 3031 925 3143 pastiones
954 3036 1130 3116 omnium
1157 3037 1327 3128 entium,
1350 3025 1418 3116 sed
1439 3037 1570 3142 potius
1592 3063 1668 3120 no·

227 3174 320 3259 men
345 3148 527 3260 puniendi
552 3145 616 3231 seu
639 3144 823 3245 feriendi,
853 3172 940 3229 curn
970 3172 1057 3258 quo
1085 3140 1206 3257 ipsum
1243 3170 1391 3228 nomen
1419 3149 1473 3229 est
1501 3145 1668 3233 correla·
1770 3184 1777 3200 .

227 3266 361 3345 tivum.
442 3262 524 3345 Sed
551 3262 614 3344 hic
641 3259 746 3343 forte
772 3254 1090 3370 respondebitur,
1121 3249 1316 3346 Christum
1353 3253 1430 3343 effe
1461 3255 1669 3349 meliorem

227 3379 528 3487 grammaticum,
557 3392 676 3489 quain
697 3370 899 3474 ludorum,
922 3375 963 3456 de
983 3367 1097 3459 abos.

371 3609 453 3713 IV.
503 3577 857 3714 Revelationes
903 3554 1248 3713 Gettrudianae
1291 3603 1483 3729 dicunt,
1515 3610 1668 3740 Joau·
1826 3604 1831 3613 ’

229 3780 354 3853 nem
386 3747 527 3863 Euan
563 3744 752 3855 eiistam
787 3742 927 3852 fuisse
971 3748 1210 3885 sponsum
1253 3755 1316 3864 in
1341 3759 1535 3887 nuptiis
1570 3754 1670 3861 Ca·

230 3921 347 4091 tue.
365 3889 446 3996 sed
477 3784 870 4056 'vffiotuiracuip
904 3919 1124 4055 uxorem
1156 3886 1408 4028 reliquisse
1506 3902 1680 4114 sicbrp'pl}¹
