3796 4994
615 302 818 405 uenerat.
833 296 888 401 de
900 296 1089 435 Agreda.
1105 303 1217 400 Pars
1230 304 1289 401 11.
1565 332 1628 427 32
1638 339 1662 429 3

210 501 288 642 sed
305 509 417 597 nimir
435 498 537 592 dura
553 528 629 619 pro
651 500 764 593 corde
785 529 881 609 meo,
900 458 1024 617 fidae
1044 498 1290 595 nummasio
1314 530 1382 603 eo,
1406 505 1472 621 pm·
1493 500 1543 619 est
1563 500 1667 595 fmus
1728 542 1731 547 -
1871 442 1875 449 ¹

223 634 325 709 orta.
352 629 432 711 dte.
1178 679 1187 689 -

315 757 435 839 cru.
460 733 554 819 Post
574 732 657 821 hac
670 728 872 847 proposuit
896 731 1004 818 inum
1026 728 1191 817 dubium
1215 732 1326 832 Deo,¹
1355 730 1514 821 dicente
1560 730 1667 825 Surr-

218 848 408 937 melier.
436 851 515 933 dcc.
603 850 848 951 519.‚Deu'r
877 843 1147 959 respondite·
1205 844 1247 937 Si
1267 842 1373 955 filius
1401 856 1492 935 raas
1511 842 1668 937 naha·

219 957 292 1051 dur
313 959 439 1051 dolori
460 1010 481 1028 ·
509 964 646 1085 cogita.
666 957 771 1074 prod
788 956 847 1059 (5
867 958 919 1073 fit
943 984 1070 1061 rarus,
1103 959 1225 1080 imago
1241 954 1460 1078 substantie
1481 986 1583 1061 ruta,
1606 956 1668 1065 Θ·

220 1071 550 1192 οοηβιὸβαηέὶαὶὶσ.
576 1122 614 1143 --
847 1146 856 1167 ,

342 1237 433 1308 rer.
461 1213 509 1296 Β.
534 1214 584 1295 V.
605 1233 690 1292 nou
715 1201 971 1293 manifeliarit
990 1205 1093 1293 hanc
1110 1201 1388 1296 revelationem
1411 1209 1452 1297 S.
1474 1207 1666 1325 Joiephm

219 1318 286 1410 led
301 1326 339 1406 ei
361 1324 475 1407 dixitr
517 1348 605 1406 cum
633 1344 715 1404 non
739 1317 929 1405 habereut
961 1314 1175 1432 expreilum
1200 1320 1426 1419 mandatum
1455 1324 1665 1413 omittendi
1755 1378 1761 1405 .

221 1435 562 1534 eircumcifionem‚
582 1433 704 1517 videri
723 1428 982 1532 neceffarium,
1002 1459 1045 1519 ut
1062 1460 1109 1521 ea
1131 1433 1360 1550 suscipiatur.

343 1602 436 1674 522·
462 1576 507 1655 Β.
525 1575 575 1655 V.
606 1571 647 1654 8.
668 1565 843 1678 Joiepho
873 1568 985 1665 dixit,
1006 1594 1051 1653 ut
1071 1568 1277 1680 provideat
1302 1571 1355 1655 de
1373 1564 1460 1656 vase
1484 1496 1674 1685 nyliallio

218 1712 297 1786 no,
317 1688 359 1769 in
390 1712 476 1798 quo
497 1681 675 1797 Reliquia
696 1685 873 1791 Praeputii
903 1678 1119 1769 afferretur.
1202 1679 1283 1794 lpse
1312 1688 1408 1768 vero
1442 1693 1667 1798 preparavit

217 1794 363 1900 fasciae,
383 1803 425 1882 in
449 1798 593 1911 quibus
623 1799 863 1907 exciperetur
888 1792 1059 1909 sanguis,
1096 1821 1147 1879 ne
1170 1792 1321 1911 guttula
1348 1801 1503 1911 periret.
1558 1804 1665 1889 Dein
1834 1810 1838 1817 “

218 1912 488 2010 ordinarium
508 1915 548 1995 8.
571 1904 761 2019 Josepuus
783 1907 907 1993 adiret
925 1908 1192 2007 Sacerdotem,
1210 1935 1383 2023 eumque
1405 1937 1588 2025 rogaret,
1617 1938 1663 2003 ut

217 2032 368 2114 veniret
385 2032 428 2111 in
443 2024 625 2136 Praesepe,
637 2022 704 2107 ubi
723 2027 886 2137 contigit
905 2026 1113 2124 Nativitat,
1123 2022 1260 2138 ibique
1276 2019 1552 2114 sacramentum
1571 2031 1673 2117 cir«

218 2139 459 2228 eumcifionir
487 2139 774 2223 administraret.
1196 2178 1233 2225 -,
1447 2174 1450 2179 ·

339 2296 432 2370 524·
465 2272 502 2351 Τ
503 2293 580 2351 unc
606 2258 886 2348 descenderunt
909 2265 1101 2350 innumeri
1123 2258 1253 2378 angeli
1274 2263 1326 2350 de¹
1351 2260 1459 2351 coelo
1480 2270 1521 2353 in
1547 2271 1674 2367 vesti·

217 2381 293 2467 bus
317 2378 539 2495 splendidis,
555 2376 744 2463 habente·
768 2372 914 2489 palmas
932 2380 974 2461 in
991 2377 1183 2475 manibus,
1200 2382 1241 2461 &
1261 2404 1428 2465 coronas
1446 2385 1486 2466 in
1510 2390 1665 2499 etpitee·

216 2521 264 2580 ac
285 2492 502 2690 [perpetues
526 2517 671 2577 tantam
695 2483 838 2589 lucem,
869 2516 989 2605 quam
1005 2487 1225 2603 spargerent
1244 2488 1356 2578 multi
1381 2490 1493 2578 soles.
1590 2499 1662 2585 Ad

216 2616 353 2722 pedus
366 2614 380 2693 i
395 2604 440 2693 lir
457 2604 563 2721 quafi
580 2633 605 2691 e
622 2630 757 2690 catena
775 2630 887 2688 aurea
908 2602 1160 2715 dependebat
1178 2628 1345 2719 gemma,
1363 2610 1422 2689 cui
1441 2603 1671 2723 inscriptum·

218 2748 301 2808 erat
324 2746 469 2807 nomeu
498 2722 655 2824 JESUS.
734 2714 933 2833 Splendor
968 2721 1078 2819 huius
1110 2723 1280 2817 nominis
1295 2706 1429 2833 'longe
1458 2716 1663 2835 superabat

216 2832 337 3034 ipsum
360 2832 605 2950 splendorem
632 2829 873 2946 angelorum.
957 2835 1010 2916 Hi
1039 2832 1137 2918 ve'rd
1172 2830 1211 2917 se
1240 2834 1469 2920 dividebant
1488 2844 1528 2922 in
1552 2840 1667 2927 duor·

258 2954 381 3037 horos
405 2956 445 3035 in
462 2946 642 3062 presepia
669 2954 800 3032 Duces
812 2972 960 3031 eorum
980 2969 1089 3031 erant
1106 2950 1146 3032 8.
1164 2940 1346 3046 michaei,
1371 2954 1412 3033 dt
1424 2951 1465 3034 8.
1483 2951 1659 3042 Gabriel.

217 3063 429 3150 Habebunt
447 3068 563 3148 etiam
581 3070 620 3145 in
638 3060 818 3146 manibus
837 3062 970 3160 Scuta,
997 3061 1141 3174 quibus
1153 3056 1382 3176 inscriptum
1409 3064 1491 3155 eiat
1510 3074 1659 3183 magnit

216 3171 352 3265 litteris
376 3204 523 3263 nomeu
545 3176 707 3281 Jews,

336 3339 429 3416 μς.
454 3310 561 3396 Dein
580 3303 708 3422 angeli
728 3312 771 3394 B.
784 3310 984 3423 Virginem
1001 3304 1053 3395 ric
1072 3300 1231 3393 allocuti
1254 3304 1360 3399 sunt:
1385 3360 1405 3382 ·
1462 3310 1568 3415 Nor,
1614 3316 1662 3405 ui·

217 3419 511 3539 Manilianas,
532 3422 668 3539 firmus
696 3418 865 3510 ordinari
891 3418 949 3509 ad
973 3416 1200 3533 affiliendurr
1226 3432 1295 3512 ruo
1318 3422 1402 3532 filio
1422 3428 1465 3514 in
1488 3343 1659 3521 οηιηίἔω

216 3540 392 3660 mplirriir
413 3565 531 3653 usque
553 3534 611 3625 ad
632 3538 713 3653 ejus
738 3532 1000 3651 Ascenpiorrerr
1022 3539 1065 3625 ia
1092 3531 1238 3624 colun.
1262 3585 1282 3604 ·
1335 3537 1483 3655 Joseph
1513 3549 1659 3633 &Ma-

217 3664 273 3745 ria
296 3651 511 3741 laudabant
529 3654 661 3739 Deum
680 3655 796 3739 noris
814 3652 998 3737 Centieir.
1081 3646 1195 3765 Quid
1223 3676 1313 3739 curn
1341 3650 1417 3743 illia
1439 3651 1594 3747 rdteriu
1614 3665 1658 3750 iu

215 3764 347 3859 multis
369 3766 586 3885 contigerit,
604 3793 686 3869 non
706 3758 858 3881 polium
876 3764 965 3850 satia
985 3756 1193 3855 declarare.

337 3917 431 4007 μό.
451 3927 547 4005 5²7·
574 3902 618 4005 Β.Ι
635 3900 687 3986 V.
712 3895 764 3981 ad
785 3921 851 3981 me
870 3893 992 3981 dircite
1016 3897 1195 4011 Requiro
1213 3892 1239 3985 d
1257 3919 1313 3998 te,
1337 3923 1382 3985 ut
1402 3925 1490 3987 eum
1508 3898 1656 3994 summa

214 4021 431 4109 reverentia
445 4040 535 4129 agar
562 4039 653 4100 eum
675 4034 861 4099 creatore.
885 4057 905 4078 ·
953 4003 1155 4213 lm’eqm
1173 4036 1315 4129 magna
1334 4013 1523 4103 beneficia
1546 4044 1655 4107 acce·

998 4151 1017 4211 δ
1392 4150 1406 4229 Τ
1514 4156 1656 4249 petunt
