3796 4994
215 260 304 407 θ16
722 296 731 313 “
834 309 908 402 De
942 308 1075 442 Saga.

230 508 340 597 alteri
359 492 537 609 denaxit,
554 503 645 594 illos
668 538 756 597 cum
774 516 935 602 nomine
959 519 1000 602 ei
1022 509 1254 605 revelans&
1278 510 1432 607 dicens:
1460 515 1531 608 llle
1546 515 1609 611 fut
1626 526 1696 628 esi,
1739 553 1766 613 r

230 628 372 714 deboc
395 623 542 714 furatus
564 627 629 712 eii.
648 631 725 715 &n
925 664 928 669 ·

780 886 952 1021 Num.
1040 884 1162 1019 lsl.

150 1106 184 1237 ²·
346 1111 734 1339 Exemplum
801 1150 1028 1457 illulgre
1078 1120 1591 1298 Revelationum

796 1383 891 1491 pet
972 1382 1138 1494 agam.

207 1636 512 2003 ,Slmon
546 1686 776 1795 Malolus
820 1707 924 1800 libri>
962 1712 1113 1801 dierum
1154 1707 1438 1800 canicularium
1472 1718 1549 1801 Tit.
1577 1714 1695 1837 Saga.

381 1858 506 1920 narrat
535 1829 761 1947 sequentem
797 1831 1012 1915 historiam:
1057 1825 1293 1944 Magdalena
1325 1833 1470 1916 Crucia
1510 1830 1693 1945 Hispana,

382 1949 585 2035 Cordubae
608 1950 649 2032 in
673 1952 795 2060 prima
815 1950 977 2057 pueritia
1004 1949 1044 2029 in
1062 1946 1309 2032 Coenobium
1334 1947 1386 2031 D.
1415 1942 1539 2033 Clara
1563 1949 1693 2034 detru·
1721 2020 1746 2054 ,

234 2070 287 2169 sa,
316 2065 431 2186 quod
458 2058 536 2177 ipsa
565 2064 728 2175 pollex
758 2057 897 2145 collata
926 2064 1022 2169 stipe
1063 2060 1115 2145 de
1152 2055 1411 2146 fundamento
1433 2090 1598 2146 ‘novum
1627 2093 1693 2149 ex·

234 2178 433 2287 struxisset,
463 2182 663 2263 doemonis
692 2177 913 2282 cujusdam,
934 2173 1001 2258 sub
1025 2177 1224 2288 AEthiopis
1247 2173 1372 2288 specie
1396 2171 1470 2261 sese
1493 2172 1694 2263 offerentis

234 2301 454 2393 blanditia,
481 2292 624 2408 quibus
649 2319 694 2376 ea
717 2316 806 2375 aetas
829 2287 1064 2404 potissimum
1086 2296 1267 2401 capitur,
1288 2292 1478 2389 inescata,
1502 2290 1693 2380 familiari·

235 2424 298 2507 ter
318 2410 387 2503 illo
426 2414 481 2495 uti
513 2412 659 2521 coepit,
691 2404 822 2492 severa
850 2432 980 2515 tamen
1014 2409 1328 2491 interminatione
1365 2408 1611 2520 interposita,
1641 2436 1693 2497 ne

236 2536 449 2653 quisquam
478 2519 699 2610 mortalium
726 2525 804 2605 hoc
830 2519 993 2628 resciret.
1063 2515 1131 2605 llla
1153 2526 1304 2608 interim
1340 2550 1427 2607 cum
1456 2523 1691 2609 doemonem

238 2656 280 2739 in
305 2634 733 2757 colloquium-ungulis
760 2665 864 2750 pene
891 2634 1028 2722 diebus
1052 2636 1296 2736 admitteret,
1327 2634 1432 2750 supra
1461 2664 1610 2722 atatem
1636 2637 1691 2724 sa-

266 2792 345 2863 ete,
375 2766 413 2844 δι
438 2750 583 2841 indolis
604 2752 713 2838 causa
734 2752 918 2838 omnibus
946 2754 1191 2836 admirationi
1214 2752 1289 2836 elle
1314 2758 1447 2864 coepit,
1475 2752 1692 2840 incredibili

251 2881 439 2969 nouitatis
464 2876 684 2985 opinione,
722 2897 841 2983 quam
861 2894 1025 2951 morum
1055 2862 1267 2981 elegantia,
1298 2874 1465 3001 vitaetpue
1499 2870 1692 2956 austeritas

234 2978 483 3109 effingebant.
543 2987 715 3078 Vixdum
745 2983 1028 3067 duodecimum
1055 2986 1173 3066 aetatis
1201 3011 1342 3066 annum
1372 3009 1572 3098 attigerat,
1602 3014 1690 3072 cum

233 3106 357 3204 malus
377 3102 443 3190 ille
478 3104 613 3217 genius
648 3093 891 3212 Magdalenae
921 3101 961 3181 in
992 3091 1159 3180 solidum
1195 3097 1431 3209 possidenda
1468 3097 1593 3183 ansam
1629 3130 1691 3186 ca·

154 3240 157 3245 '
233 3254 346 3345 ptans
366 3214 572 3337 phaleratis
598 3212 726 3300 verbis
753 3216 922 3326 conjugii
953 3217 1194 3296 mentionem
1215 3218 1347 3313 injicit,
1368 3210 1563 3328 facileque
1586 3218 1690 3301 adeo

234 3324 387 3444 exejus,
399 3364 516 3451 quam
526 3340 601 3441 jam
612 3330 889 3442 degustaverat,
901 3324 1156 3413 landimoniae
1169 3323 1332 3413 successu
1344 3326 1549 3438 fimplici&
1565 3332 1688 3416 ambi-

109 3450 115 3461 ”
231 3454 337 3545 tiosae
362 3447 500 3566 puellae
522 3442 711 3561 persuafit.
768 3447 922 3543 Dantur
948 3470 1106 3545 manus,
1135 3440 1232 3527 fiunt
1253 3437 1459 3555 sponsalia,
1502 3473 1688 3531 concum-

232 3569 558 3679 bitur'denique,
587 3564 704 3645 Dotis
733 3553 828 3649 loco
854 3552 1088 3672 Magdalena
1118 3551 1172 3641 sui
1204 3563 1380 3669 corporis
1412 3555 1687 3665 usumfrudum

234 3678 525 3799 colloquendo,
559 3670 849 3772 conversando,
870 3671 1176 3765 concumbendo
1207 3668 1423 3784 pollicetur.
1498 3679 1687 3789 AEthiops

231 3800 386 3891 vicissim
424 3799 561 3882 dotem
598 3786 933 3903 splendidissimam
963 3783 1100 3883 offert,
1130 3783 1356 3872 effecturum
1386 3786 1434 3888 se,
1459 3815 1502 3874 ut
1524 3794 1689 3908 Magda-

231 3916 322 4009 l‘ena
338 3944 407 4030 per
428 3912 584 4024 triginta
605 3914 644 3990 δι
672 3901 835 4019 amplius
864 3932 989 3989 annos
1008 3929 1056 3989 ea
1076 3898 1334 3989 sanctimonae
1356 3908 1590 3991 authoritate
1617 3936 1686 4021 pet

151 4054 157 4065 '
232 4025 445 4125 universam
464 4020 683 4138 Hispaniam
707 4018 908 4117 frueretur,
934 4045 1012 4131 qua
1040 4026 1208 4117 omnes,¹
1225 4022 1297 4135 qui
1326 4046 1378 4102 eo
1394 4016 1518 4106 laudis
1542 4050 1686 4135 genere

232 4142 343 4251 suere
360 4169 532 4261 unquam
558 4134 745 4240 celebres,
768 4129 830 4222 vel
846 4131 1029 4249 aequaret,
1053 4128 1117 4219 vel
1142 4140 1257 4269 etiam
1275 4129 1479 4249 superaret.
1539 4143 1688 4251 Neque

679 4319 681 4324 -
1592 4284 1686 4341 veto
