3796 4994
274 406 278 411 .
309 346 335 419 a
339 322 416 454 70
716 314 991 451 Regularum
1025 312 1353 413 Summarium.

306 520 478 609 hominis
501 546 547 606 ac
576 523 753 607 omnium
782 526 1042 636 potentiarum
1073 520 1125 607 ad
1152 521 1320 618 bonum,
1344 544 1473 633 eaque
1500 517 1700 630 repentina
1722 510 1765 598 in

307 663 530 741 momento,
550 643 589 721 δι
612 640 808 727 constansr
837 634 992 751 aliaque
1010 633 1193 722 miracula
1213 641 1344 748 primae
1367 632 1483 720 clall'rs
1513 658 1578 718 aut
1605 635 1675 746 qui
1697 627 1768 715 sal·

307 776 390 838 tent
417 781 618 866 nunquam
649 754 918 865 producuntur
948 750 1182 853 ddoemoue
1206 759 1248 838 in
1274 746 1341 836 tali
1366 744 1579 857 complexo
1603 754 1765 873 circum·

237 956 241 961 ,
307 868 552 966 standarum,
583 893 723 980 utpote
752 864 962 980 specialiter
992 863 1182 952 substante
1221 867 1362 952 divinae
1394 864 1647 977 providentiae
1674 887 1767 974 pto-

307 987 462 1067 recturi.
480 980 659 1067 adversus
686 982 841 1069 fraudes
871 982 1086 1080 doemonia,
1113 1008 1154 1069 v.
1180 1010 1218 1097 g.
1254 982 1350 1066 dum
1374 980 1536 1075 constat,
1558 974 1674 1062 talem
1703 1001 1765 1059 re·

310 1092 547 1182 velationem
571 1094 681 1185 fuisse
707 1093 924 1211 usurpatam
968 1097 1020 1184 ad
1058 1096 1232 1183 finema
1269 1096 1364 1181 Deo
1392 1100 1584 1180 intentum
1613 1092 1769 1177 maximi

310 1217 529 1311 momenti,
556 1219 598 1297 in
632 1240 760 1329 eaque
786 1209 896 1300 fuille
923 1240 1062 1298 omnes
1092 1213 1237 1300 modos
1266 1211 1403 1295 servari
1435 1204 1569 1294 solitos
1599 1235 1644 1294 ac
1673 1235 1770 1294 con·

194 1380 197 1385 -
298 1326 483 1413 ditiones
521 1329 707 1415 decentes
747 1330 888 1415 DEum
926 1323 1165 1417 observatos.
1211 1329 1435 1435 lauru.
1463 1352 1530 1425 29.
1555 1327 1634 1412 Pie.
1662 1326 1707 1415 R.
1728 1355 1768 1413 a.

305 1460 355 1541 ’9.
381 1472 446 1546 ¹9·
474 1446 576 1534 Bon.
599 1446 645 1531 R.
671 1472 707 1531 1.
736 1444 860 1559 Thyt.
887 1446 934 1532 R.
959 1473 998 1531 a.
1018 1475 1061 1549 4.

964 1698 1011 1840 r.
1090 1740 1134 1807 2.

571 1939 679 2075 De
721 1928 1244 2075 Revelationibus
1288 1937 1512 2075 dubiis.
1610 1926 1626 1933 ”

159 2356 162 2361 ¹
317 2222 572 2503 REgula.
607 2255 644 2315 1.
699 2232 811 2315 Circa
839 2228 1097 2314 revelationes
1120 2226 1258 2314 dubias
1274 2196 1780 2342 suspendendumelltam-

467 2346 536 2430 diu
557 2336 768 2453 judicium,
803 2344 933 2430 donec
962 2368 1140 2459 tempus,
1173 2365 1239 2429 aut
1275 2350 1485 2429 accuratius
1514 2370 1675 2431 examen
1711 2372 1781 2433 ve·

466 2463 570 2546 riora
590 2484 750 2577 retegat.
807 2460 913 2549 Vide
933 2464 1033 2576 Reg.
1060 2490 1096 2565 3.
1117 2457 1155 2573 §.
1183 2488 1219 2544 1.
1246 2462 1499 2575 praecedente.

434 2641 594 2765 Regula.
624 2674 663 2734 a.
718 2640 993 2732 Revelationes
1030 2644 1159 2731 dubiae
1186 2672 1268 2731 non
1298 2642 1448 2730 debent
1476 2638 1613 2729 servire
1640 2646 1693 2731 ad
1720 2656 1783 2733 re-‘

268 2868 272 2876 .
319 2754 536 2897 gulaudum
565 2758 709 2849 cultum
737 2756 940 2876 publicum
959 2764 1009 2847 'in
1035 2758 1212 2849 Ecclesra.
1269 2765 1356 2885 Par.
1383 2763 1481 2875 Reg.
1512 2786 1550 2842 1.

328 2978 336 2993 ·
439 2948 567 3045 Hinc,
615 2946 709 3062 quia
752 2946 889 3034 DEUS
926 2972 1011 3031 non
1048 2944 1216 3030 intendit
1250 2942 1369 3032 finem
1409 2932 1489 3030 stuc
1519 2937 1783 3030 mediis-con·

322 3062 443 3177 gruis,
465 3087 667 3177 nunquam
690 3061 848 3148 ordinat
874 3056 1043 3177 aliquam
1065 3055 1347 3146 revelationem
1376 3060 1427 3146 ad
1452 3058 1784 3147 introducendum

322 3202 474 3265 novum
504 3172 648 3263 cultum
675 3180 716 3263 in
744 3173 964 3276 Ecclefiam,
996 3173 1064 3261 nist
1093 3200 1178 3262 eam
1207 3173 1486 3262 revelationem
1513 3172 1630 3259 faciat
1659 3177 1783 3262 credi-

322 3284 445 3377 bilem
468 3290 580 3407 fignit
612 3295 725 3379 certis
755 3319 803 3378 ac
831 3284 1092 3378 indubitatis.·
1127 3291 1357 3406 Adeoque,
1381 3292 1409 3378 fi
1430 3285 1619 3375 revelatio
1654 3286 1787 3406 aliqua

322 3407 502 3492 intendat
523 3404 699 3520 regulare
726 3404 871 3493 cultum
898 3401 1099 3519 publicum
1127 3411 1167 3492 in
1202 3403 1390 3506 Ecclesia,
1426 3410 1465 3489 dr
1491 3432 1538 3490 ea
1563 3433 1647 3491 non
1671 3404 1787 3491 fuerit

323 3517 350 3607 ai
373 3522 468 3607 Deo
494 3518 687 3607 collocata
718 3548 825 3607 extra
852 3549 973 3606 omne
1008 3521 1174 3606 dubium
1202 3550 1273 3636 per
1295 3521 1399 3638 figua
1413 3521 1674 3622 indubitata,
1706 3517 1785 3607 cla·

145 3632 1226 3753 '1mfflmffimmffiwm

134 3800 138 3807 ⁵
280 3812 290 3823 “
433 3815 592 3938 Regula
624 3847 665 3922 3.
717 3818 991 3907 Revelationes
1021 3818 1151 3904 dubie
1167 3877 1181 3919 ‚
1212 3818 1240 3905 fi
1266 3824 1515 3928 conjunllum
1545 3817 1717 3905 habeant
1745 3845 1787 3904 a·

89 4240 94 4247 .
201 4254 207 4261 .
313 4160 462 4269 'culum
515 4192 646 4271 voco,
697 4166 794 4252 dum
844 4159 965 4281 aliqui
1019 4170 1101 4273 jam
1154 4171 1243 4252 adiu
1291 4162 1480 4253 inclinant
1515 4164 1567 4249 ad
1606 4191 1790 4250 errorem

325 3926 459 4021 duale·
494 3930 707 4047 periculum
745 3933 1030 4031 introducendi,
1061 3961 1232 4019 errorem
1276 3960 1343 4020 aut
1384 3934 1717 4048 perturbationem
1746 3939 1787 4018 in

325 4044 549 4149 Ecclesiam,
573 4045 659 4135 sunt
686 4044 843 4164 publica
861 4050 1107 4157 ¹authoritate
1135 4050 1404 4163 prohibendae.
1495 4048 1660 4133 Actuale
1688 4056 1787 4160 peri·

1723 4274 1789 4367 vel
