3796 4994
670 268 843 402 Regula
866 295 925 366 ex
952 269 998 365 S.
1027 263 1237 403 sserefia
1578 293 1675 396 ¹87

229 473 470 591 glmtionem
498 468 666 556 nostram
691 468 983 557 insufficientem
1008 469 1112 569 esse,
1141 473 1193 558 ad
1217 467 1498 560 efformandam
1526 498 1676 564 tantam

228 586 560 704 pulchritudinem
581 587 821 670 humanitatis
847 587 1001 672 Christi.
1064 588 1215 673 Ibidem
1235 593 1309 671 ait:
1339 585 1461 676 Volui
1482 593 1677 677 interdum

227 699 475 797 eonsrderare
503 697 678 809 colorem
705 703 748 781 δι
775 695 943 784 formam
969 696 1174 784 oculorum
1193 703 1334 787 Christi
1362 700 1412 785 fic
1439 705 1532 786 mihi
1559 731 1678 820 appa·

225 819 362 914 tentis,
392 812 461 899 sed
478 818 675 926 nunquam
691 815 806 923 potui
824 812 904 896 hoc
935 811 1135 911 obtinere,
1160 810 1226 897 sed
1250 819 1382 925 potius
1401 820 1589 926 apparitio
1610 844 1674 901 to·

225 924 354 1014 taliter
376 933 546 1012 evanuit.
600 928 693 1008 Hoc
716 928 906 1036 contingit
931 928 972 1009 in
993 925 1176 1010 omnibus
1200 928 1530 1038 apparitionibus,
1559 930 1673 1042 quod

225 1041 428 1156 diligentia
445 1040 612 1124 humana
628 1032 723 1123 nihil
743 1036 857 1149 possit
873 1038 1033 1137 addere,
1057 1039 1272 1136 detrahere,
1290 1065 1355 1124 aut
1372 1048 1516 1146 juvare,
1543 1067 1586 1125 ut
1603 1068 1672 1156 ap·

224 1178 359 1271 pareat
377 1149 455 1239 esse
480 1180 583 1267 opus
614 1147 729 1237 solius
756 1155 844 1240 Dei.
954 1159 1000 1238 c.
1026 1174 1091 1254 38.
1108 1157 1183 1237 ait:
1224 1158 1364 1265 ingens
1389 1156 1442 1237 est
1470 1152 1670 1239 discrimen

222 1276 326 1357 inter
338 1267 484 1391 lucem,
509 1293 598 1378 quae
621 1267 776 1352 videtur
797 1269 837 1349 in
861 1262 1085 1361 visonibus,
1114 1271 1155 1349 δι
1178 1262 1307 1351 lucem
1328 1262 1439 1354 solm
1466 1253 1546 1353 h'aec
1565 1274 1667 1352 enim
1847 1338 1850 1345 .

224 1386 274 1469 ad
289 1380 400 1469 illam
429 1403 653 1491 comparata
671 1384 789 1466 etiam
817 1376 979 1464 obscura
1002 1379 1168 1477 videtur,
1199 1384 1420 1492 imaginatio
1441 1408 1523 1466 non
1545 1383 1671 1493 potest

221 1502 272 1582 ad
306 1500 414 1581 hanc
442 1490 693 1605 pertingere,
730 1517 804 1575 nec
840 1492 891 1575 ad
914 1487 1019 1576 aliud
1056 1519 1215 1589 eorum,
1246 1521 1333 1606 quae
1357 1518 1451 1577 tunc
1473 1496 1666 1596 videntur,

248 1606 429 1697 rasertim
444 1603 550 1692 illam
568 1601 821 1717 voluptatem,
850 1632 938 1718 quae
958 1602 1164 1691 suaviffime
1184 1634 1255 1718 per
1275 1634 1413 1690 omnes
1444 1601 1567 1692 sensus
1591 1606 1667 1691 dif-

220 1639 414 1810 luditur.
466 1715 598 1807 Semel
613 1715 711 1805 ultra
735 1719 872 1802 horam
894 1716 945 1802 stc
961 1718 1149 1830 permansi
1168 1724 1209 1804 in
1227 1720 1359 1816 finan,
1379 1719 1447 1803 ubi
1465 1722 1559 1805 mihi
1579 1724 1666 1806 Do·

189 1924 192 1931 ,
222 1842 351 1924 minus
371 1838 471 1921 mita
493 1833 673 1919 ostendit.
730 1833 882 1918 Exinde
905 1827 998 1917 senii
1020 1825 1258 1917 manifestam
1287 1830 1594 1918 meliorationem
1625 1838 1666 1919 in

222 1978 311 2038 mea
338 1952 482 2035 anima.
533 1952 645 2036 Tunc
669 1941 869 2029 noluissem
895 1948 1035 2029 iterum
1056 1950 1196 2033 reverti
1220 1945 1271 2029 ad
1286 1947 1386 2031 hanc
1412 1951 1544 2044 uitam,
1572 1951 1666 2058 quia
1823 2012 1828 2021 .

222 2084 477 2174 contemptus
500 2065 678 2146 omnium
692 2082 946 2156 terrenorum,
977 2063 1047 2171 qui
1075 2062 1119 2145 in
1141 2086 1207 2144 me
1230 2058 1481 2158 remanserat,
1503 2083 1584 2145 erat
1603 2065 1665 2144 in·

221 2205 332 2381 hh
349 2172 776 2397 ,dtlhhhlh‘
793 2170 1666 2400 “ilidinhihssshlhhhhhsfi
1727 2204 1729 2208 ’

739 2346 752 2373 ⁰
1457 2346 1470 2386 a

222 2432 291 2506 ea,
308 2402 595 2521 quaerimonias
627 2403 793 2485 aestimat.
850 2394 952 2484 illud·
981 2400 1196 2486 dominium
1221 2407 1355 2487 animae
1379 2397 1490 2513 supra
1511 2423 1663 2486 terrena

222 2543 373 2606 tanturn
389 2518 458 2613 est,
474 2539 518 2600 ut
536 2514 724 2612 dubitem,
748 2539 796 2599 an
816 2508 911 2599 illud
965 2518 1126 2624 uispiam
1153 2513 1495 2627 comprehensurus
1515 2514 1572 2613 ht,
1593 2513 1663 2602 nifi

224 2634 383 2749 'planet
402 2630 445 2715 id
466 2652 645 2741 expertus
660 2625 787 2713 fuerit.
845 2631 914 2735 ‚Ea
933 2542 1114 2712 llienatio
1138 2633 1256 2746 animi
1272 2629 1322 2713 ab
1345 2628 1526 2713 omnibus
1542 2653 1661 2714 terre·

224 2748 279 2832 nir
295 2746 345 2833 fit
362 2744 443 2830 fine
464 2739 543 2827 ulla
566 2744 692 2829 nostra
711 2767 850 2853 opera,
871 2746 910 2823 δι
941 2769 995 2826 eae
1025 2745 1205 2828 veritates
1227 2741 1281 2827 hc
1305 2746 1589 2857 imprimuntur,
1618 2766 1664 2828 ut·

225 2854 321 2951 clare
340 2850 605 2973 agnoscamus,
634 2857 747 2970 quod
773 2882 836 2940 eas
863 2878 941 2938 tam
966 2855 1075 2939 brevi
1104 2879 1284 2969 tempore
1313 2884 1396 2941 non
1422 2860 1662 2968 potuerimus

223 2974 367 3090 adequl
391 3000 442 3058 ex
464 2971 581 3057 nobis
605 2969 705 3083 ipse.
782 2968 933 3054 Exinde
962 2972 1077 3054 etiam
1103 2974 1142 3055 in
1159 2996 1225 3055 me
1248 2964 1428 3055 effestum
1450 2971 1516 3066 est,
1546 2971 1660 3081 quod

223 3114 304 3173 nou
331 3080 496 3197 amplius
520 3088 700 3178 timeam,
725 3109 844 3195 quem
869 3087 973 3194 prius
995 3077 1146 3195 semper
1171 3078 1286 3169 ualde
1308 3088 1532 3174 timueram3
1569 3108 1660 3166 nam

220 3198 362 3289 uenis
383 3222 563 3312 tanguam
597 3197 716 3281 habet
742 3192 1025 3281 hmilitudinem
1049 3224 1138 3281 cum
1160 3220 1301 3296 morte,
1326 3193 1390 3282 seu
1420 3197 1659 3309 separatione

220 3310 395 3404 ammai
416 3328 598 3433 corpote.
651 3315 836 3395 Praeterea
852 3314 911 3393 ha
936 3311 1100 3395 visrones
1120 3315 1268 3420 juvant,
1294 3335 1337 3396 ut
1366 3314 1514 3394 animus
1535 3301 1660 3395 liben-

219 3436 279 3517 'ter
302 3420 551 3518 emensum
589 3450 678 3507 cum
702 3428 769 3523 iis,
802 3451 906 3537 quos
943 3424 1042 3511 vidit
1067 3429 1109 3509 in
1139 3419 1271 3514 coelor
1314 3424 1420 3509 unde
1445 3420 1516 3521 fit,
1545 3424 1657 3507 utin

220 3544 513 3659 ’σημείοις
534 3529 689 3652 illorum
709 3536 804 3622 tristi
824 3536 1026 3624 videantur
1042 3543 1213 3624 viventes
1236 3537 1342 3651 quast
1363 3539 1520 3634 mortui,
1544 3534 1661 3621 ficut

218 3672 338 3745 'tow
367 3652 540 3740 mundus
582 3646 727 3734 nullam
781 3652 874 3736 mihi
922 3653 1091 3765 praebeat
1133 3648 1433 3738 conversationis
1453 3648 1658 3741 solatium.

217 3774 269 3863 C.
297 3791 366 3876 39.
391 3770 466 3853 aitz
506 3760 637 3850 Semel
653 3762 752 3850 falia
768 3765 943 3850 inlinisi
967 3768 1047 3850 vidi
1067 3767 1253 3851 thronum
1270 3767 1363 3855 Dei,
1384 3769 1425 3849 in
1447 3788 1533 3878 quo
1549 3758 1659 3847 sede—

214 3886 408 3989 reD'ehm
427 3906 516 3964 non
536 3879 696 3990 quidem
716 3877 795 3962 vidi
813 3875 879 3963 sed
899 3874 1084 3977 intellexi,
1102 3881 1196 3965 mihi
1215 3879 1419 3965 videbatur
1436 3880 1584 3991 portari
1606 3878 1657 3964 ab

215 3996 373 4117 ah‘rpoe
384 3988 630 4098 animalibus,
648 3997 688 4078 δι
708 3993 928 4108 cogitabam
947 4019 1100 4192 autppn
1123 3995 1228 4078 sorte
1248 3988 1369 4081 essent
1388 4015 1559 4109 quatuor
1575 4016 1659 4191 ιᾌιιιιιι

1073 4130 1096 4194 2
1126 4137 1149 4193 ὃ
1543 4129 1584 4189 m
