3796 4994
542 201 743 297 Revelrr.
773 126 834 300 B.¹
856 154 1032 334 Argtse
1055 199 1109 301 de
1132 206 1348 339 iiciginei.
1392 236 1396 243 ·
1496 282 1499 287 -
1571 238 1670 348 197

727 430 937 604 '‘Num.
1024 457 1151 603 X.²
1300 426 1330 477 Γ
1648 590 1653 601 .

353 730 457 864 De
528 724 1046 871 Revelationibus
1115 712 1203 873 B.'
1258 743 1521 925 Angelae
1683 747 1689 755 ’

770 923 832 1031 de
865 925 905 1029 F
906 927 1120 1068 uiginc0.

371 1380 513 1466 Primi).
560 1381 614 1463 N.
640 1392 706 1480 36.
725 1383 798 1463 ait:
847 1380 1004 1478 Video,
1064 1383 1148 1467 uod
1179 1386 1388 1472 doemones
1411 1392 1465 1472 ite
1495 1396 1661 1480 animem
1813 1449 1816 1457 ι

215 1185 328 1546 ΙΝ
357 1183 673 1314 Revelnionibrs
699 1228 745 1311 B.
773 1223 933 1338 Angelae
960 1251 1168 1329 occurrunt
1195 1225 1394 1347 sequentia
1421 1160 1601 1327 difficilia.

315 1520 441 1584 meam
473 1487 729 1603 suspendunt,
763 1493 880 1606 quod
917 1493 1012 1580 sicut
1079 1495 1230 1607 spensus
1255 1525 1346 1582 non·
1370 1502 1490 1586 habet
1508 1500 1661 1621 aliquid

214 1604 520 1704 sustentamenti,
555 1611 609 1691 ite
638 1611 773 1688 anime
800 1635 883 1691 non
905 1609 1057 1714 videtur
1082 1637 1281 1698 remanere
1306 1609 1659 1723 sustentamentum,
1758 1634 1761 1641 ’

215 1725 258 1806 &
285 1749 424 1808 omnes
450 1725 607 1805 virtutes
632 1724 766 1803 anirnae
783 1716 1053 1805 subvertuntur
1072 1716 1215 1807 sciente
1234 1730 1276 1806 &
1303 1723 1509 1837 aspiciente
1532 1737 1661 1821 anina

211 1863 332 1925 triete
351 1840 389 1919 δι
417 1833 581 1946 quando
606 1839 735 1916 anima
757 1860 843 1916 mea
863 1834 971 1919 videt
995 1830 1160 1920 subverti
1183 1863 1321 1922 ornnes
1347 1844 1506 1924 virtutes
1534 1849 1575 1927 δι
1601 1846 1664 1930 di.

214 1950 386 2049 sceiere,
410 1953 450 2031 δι
474 1947 591 2060 quod
617 1973 697 2029 non
722 1949 847 2059 potest
867 1942 905 2030 se
932 1972 1159 2059 opponere,
1181 1951 1237 2034 est
1261 1974 1392 2037 tantus
1430 1947 1551 2039 dolor
1577 1961 1661 2046 ani·

213 2093 303 2162 mae,
327 2061 442 2176 quod
468 2064 532 2145 vix
552 2054 701 2172 possum
729 2056 883 2172 plorare
907 2059 965 2145 ob
992 2056 1233 2173 desperatum
1262 2059 1458 2153 dolorem.
1582 2112 1640 2181 3·

333 2233 530 2319 Secundi).
585 2229 641 2317 N.
667 2255 733 2336 38.
770 2232 1028 2348 erndoque
1054 2226 1135 2351 sunt
1157 2236 1204 2319 ‘in
1236 2235 1397 2347 tenebre
1427 2194 1662 2327 homnis&-

214 2374 282 2438 me
310 2348 558 2443 intumum,
588 2347 655 2429 ubi
680 2346 833 2429 videtur
860 2353 1025 2431 omnino
1055 2343 1182 2431 deesse
1208 2354 1336 2431 omnis
1363 2344 1446 2459 spes
1477 2350 1587 2452 boni,
1617 2356 1659 2435 &

216 2466 276 2551 cst
295 2457 359 2551 isle
382 2463 542 2545 tenebra
559 2457 768 2555 horribilis,
795 2464 833 2541 δι
861 2456 1078 2545 suscitantur
1101 2465 1193 2545 vitia
1217 2465 1257 2543 in
1278 2487 1459 2574 corpote,
1476 2466 1564 2575 quae
1590 2490 1660 2548 co·

214 2572 366 2689 gnosco
387 2581 486 2659 intus
508 2579 549 2657 in
576 2578 703 2657 anirna
729 2569 804 2659 eise
830 2596 992 2658 mortun
1017 2620 1036 2639 ·
1093 2576 1141 2659 Et
1171 2580 1299 2657 anima
1329 2573 1451 2673 videt,
1474 2576 1587 2687 quod
1604 2576 1660 2661 est

215 2695 255 2777 ei
282 2685 408 2773 ablata
434 2693 559 2771 omnis
586 2691 775 2795 potentia,
792 2693 969 2799 quamvis
994 2713 1074 2771 non
1103 2683 1314 2773 consentiat
1341 2692 1468 2777 vitiitt
1494 2716 1578 2773 non
1600 2714 1661 2775 ta-

214 2831 309 2890 men
332 2802 450 2885 habet
480 2802 706 2913 potestatem
737 2808 900 2885 omnino
924 2798 1118 2887 resistendi
1145 2805 1245 2885 vitiis
1280 2849 1299 2869 -
1336 2805 1376 2883 &
1401 2804 1456 2886 est
1478 2804 1660 2916 quaedttn

213 2923 350 3012 virtus,
375 2943 462 3028 quae
489 2918 601 2997 datur
621 2917 713 3000 mihi
734 2912 758 2999 i
780 2917 874 2999 Deo
894 2911 1092 2999 manifeste
1122 2938 1257 2998 contra
1280 2911 1479 3025 ptaestturn
1507 2921 1658 3017 vitium,
1709 2982 1712 2987 .
1887 2909 1895 2926 '

214 3036 258 3114 &
288 3036 405 3114 virtus
428 3023 607 3140 prevalet
631 3025 779 3140 semper
802 3075 817 3093 -
846 3030 981 3111 vitium
1006 3031 1060 3110 est
1084 3052 1160 3109 tarn
1186 3054 1381 3141 magnum,
1400 3028 1513 3141 quod
1534 3055 1659 3139 quan·

215 3145 275 3228 do
292 3143 468 3254 predicta
489 3147 608 3226 virtus
627 3142 681 3224 est
702 3144 795 3224 mihi
812 3137 1055 3237 abscondita,
1082 3144 1120 3222 &
1149 3141 1302 3225 videtur
1319 3143 1440 3241 mihi,
1462 3140 1575 3255 quod
1592 3166 1659 3227 me

217 3254 413 3357 dimiserit,
434 3282 515 3339 non
536 3259 590 3340 est
614 3281 687 3352 res,
711 3282 798 3371 quae
822 3282 886 3337 me
909 3248 1033 3365 posset
1053 3279 1200 3353 tenete,
1223 3280 1295 3337 nec
1311 3282 1386 3365 pro
1409 3254 1658 3355 verecundie,

218 3367 392 3481 nec'pto
413 3396 530 3481 poena
555 3367 709 3482 asiqut,
744 3373 840 3482 quin
865 3368 986 3452 statim
1010 3393 1160 3451 ruerem
1179 3373 1219 3451 in
1247 3362 1459 3478 peccatum.
1541 3366 1659 3453 Turs'c

215 3476 348 3569 tatntn
375 3482 597 3597 supervenit·
625 3477 688 3568 illa
722 3490 862 3578 virtut,
898 3484 939 3563 &
969 3483 1140 3569 virtuose
1170 3509 1234 3564 me
1263 3474 1423 3576 liberat,
1457 3485 1511 3565 in
1541 3479 1658 3594 quod

202 3624 292 3681 nec
332 3624 411 3712 ego
456 3594 532 3708 ipsa
577 3596 724 3712 possem
770 3620 930 3707 peccare
969 3619 1042 3707 pro
1071 3594 1266 3679 omnibus
1305 3596 1429 3697 ¹bonis
1467 3598 1508 3676 &
1546 3588 1658 3678 malis

215 3713 320 3908 iqius
356 3713 506 3798 mundi.
614 3713 664 3797 Et
691 3713 781 3797 istos
808 3705 961 3795 labores
995 3703 1146 3792 sustinui
1172 3735 1244 3824 pet
1279 3708 1381 3794 duos
1418 3733 1575 3805 annos,
1606 3710 1657 3790 '&

212 3855 242 3940 P
261 3853 316 3922 ¹¹⁵·

966 4025 1088 4137 ssbr
