3690 4988
572 331 678 461 neg.
710 317 862 427 Prass.
889 354 947 424 ex
966 330 1021 431 P.
1048 326 1267 431 Gravin'a.
1553 318 1623 449 67

216 554 263 615 ne
282 550 490 645 congruant.
551 535 646 617 Hoc
665 531 776 646 signo
792 524 1033 646 Apollonius
1047 530 1152 647 apud
1166 529 1363 645 Eusebium
1381 526 1424 614 L.
1448 552 1482 631 5.
1496 524 1541 616 C.
1555 554 1625 626 ιγ.

210 638 542 758 pseudoprophetas
567 646 841 761 cognoscebat.
896 639 991 736 Clam
1011 652 1133 746 enirn,
1153 653 1235 746 air,
1262 646 1402 731 dixerit
1422 642 1623 737 dominus.

206 784 249 843 ne
270 759 482 871 possideatis
514 786 649 844 aurum
685 767 956 874 &argentum
992 790 1066 849 nec
1096 787 1183 847 tuas
1217 766 1382 848 tunicass
1420 758 1477 842 isti
1509 752 1623 853 verb.

197 898 289 1071 punt
310 873 377 987 ipsi
405 875 618 987 prophetas
645 880 896 989 &martyres
926 902 1092 981 vocant,
1121 902 1205 961 non
1227 872 1252 961 a
1276 870 1461 958 diuitibus
1482 870 1624 965 modo.

209 990 254 1073 ed
275 996 315 1071 de
345 987 370 1073 i
404 988 660 1100 pauperibus,
690 995 732 1075 δι
766 991 952 1103 orphanis
987 996 1028 1075 de
1057 988 1183 1077 uiduis
1215 991 1395 1102 pecunias
1432 976 1626 1069 extorsisse

192 1104 450 1189 monshantur.
477 1152 496 1172 ·
536 1104 591 1185 -Si
612 1101 760 1191 inficias
787 1128 894 1203 eunt,
922 1132 1061 1193 eorum
1086 1103 1297 1219 prophetas
1324 1124 1486 1186 munera
1515 1122 1627 1183 acce·

189 1211 286 1329 pisse,
314 1220 398 1303 hoc
414 1245 490 1331 pro
512 1221 697 1304 confedlo
719 1220 905 1319 statuant,
932 1218 993 1322 se,
1022 1216 1051 1306 fi
1078 1245 1237 1305 munera
1256 1210 1443 1329 accepisse
1464 1206 1625 1297 manife-

188 1332 235 1416 st&
260 1334 567 1430 convincunnrr.
595 1360 679 1417 non
707 1338 871 1419 omnino
898 1332 974 1421 esse
1001 1336 1239 1449 prophetas·
1284 1333 1364 1418 Dic
1385 1328 1507 1425 mihi,
1531 1350 1623 1438 pro·

187 1448 349 1557 phetanc
381 1472 536 1531 comam
565 1441 765 1533 coloribus
790 1452 931 1562 tingit?
963 1450 1208 1563 prophetane
1238 1446 1351 1533 stibio
1386 1436 1528 1529 oculos
1550 1432 1623 1525 illi·

187 1564 267 1645 nit?
293 1563 542 1673 prophetare
566 1554 810 1673 sumptuose,
844 1568 887 1647 de
925 1566 1062 1651 vestitu
1092 1558 1299 1676 splendido
1333 1582 1493 1645 ornatus
1518 1556 1628 1639 ince-

191 1675 269 1761 dit?
297 1676 517 1787 prohetane
540 1670 682 1761 tabulis
709 1680 750 1759 dr
779 1672 923 1765 tesseris
944 1674 1074 1765 ludit?
1097 1677 1342 1792 prophetane
1359 1668 1493 1759 foenus
1512 1693 1625 1755 exer·

192 1786 273 1877 ees?
301 1793 379 1875 &c
447 1787 527 1873 Ubi
551 1814 649 1903 ergo
668 1791 810 1875 uideris
830 1792 1024 1900 ejusmdi
1041 1788 1223 1907 personas
1245 1778 1529 1883 cincinnatulos,
1555 1806 1626 1867 co-

194 1898 368 2000 matulus,
397 1903 633 1989 vanitatibus
657 1906 866 1992 innumeris
888 1903 1101 2011 scatentes,
1127 1910 1169 1991 in
1194 1899 1626 2019 pseudoprophetarum

198 2023 313 2103 mucis
333 2016 419 2101 sunt
441 2019 672 2131 reponendi.
723 2014 882 2134 Insuper
904 2014 1202 2125 discutiendum,
1227 2044 1279 2103 an
1302 2014 1497 2121 ejusmodi
1518 2012 1627 2097 dona

200 2158 271 2217 nm
291 2130 664 2237 mortificatione&
698 2160 812 2219 cruce
838 2134 912 2221 srnt
938 2140 1153 2247 conjuncta.
1208 2136 1316 2222 Nam
1335 2130 1363 2217 li
1381 2154 1455 2215 nec
1474 2150 1629 2213 antece·

206 2246 337 2347 dmter,
365 2272 442 2331 nec
469 2252 807 2351 concomitanter,
821 2246 886 2337 vel
909 2246 1039 2337 saltem
1065 2248 1343 2365 subsequenter
1362 2244 1433 2333 snt
1455 2242 1507 2330 ad
1526 2242 1626 2326 inri-

207 2384 272 2447 eem
293 2388 484 2459 connexa,
513 2358 629 2447 ualde
648 2359 822 2476 suspedlae
837 2361 925 2450 sunt
947 2362 1045 2461 tales
1056 2361 1314 2451 revelationes
1334 2366 1376 2447 dt
1400 2358 1628 2474 prophetiae.

207 2477 493 2561 Fundamentum
519 2478 594 2575 est,
625 2481 718 2590 quia
737 2481 817 2562 haec
845 2479 953 2565 dona
977 2480 1119 2565 dantur
1145 2480 1197 2563 ad
1217 2475 1561 2564 manifestationem
1583 2467 1628 2553 fi-

210 2590 318 2677 dei&
346 2584 549 2675 utilitatem
579 2588 769 2680 Ecclefiaer
800 2592 899 2678 fides
927 2620 1057 2680 autem
1082 2597 1247 2681 maxime
1273 2590 1489 2681 ostenditur
1520 2589 1632 2698 super

211 2711 319 2792 annia
345 2700 420 2791 alia
447 2707 552 2819 digna
580 2733 629 2791 ex
656 2709 954 2795 mortificatione
981 2715 1020 2793 δι
1050 2713 1234 2823 patientia
1261 2709 1489 2797 Christiana.
1556 2702 1631 2785 His

211 2825 292 2907 oin
306 2825 426 2909 crevit
444 2822 615 2907 maxime
637 2822 853 2908 Christiana
880 2822 1046 2939 Religio,
1075 2824 1218 2939 quibus
1242 2825 1408 2909 mundus
1430 2824 1554 2907 vissus
1570 2816 1630 2911 ‚est

213 2930 508 3049 &proculcatus
566 2942 738 3049 Oportet
765 2965 862 3051 ergo
882 2935 1008 3024 multo
1049 2944 1172 3055 magis
1194 2933 1272 3023 'his
1299 2934 1507 3023 novissimis
1530 2957 1630 3017 tem·

210 3050 348 3159 poribus
378 3050 429 3135 ad
455 3050 523 3134 has
549 3056 664 3136 notas
691 3049 889 3166 respicere,
919 3052 1039 3171 quim
1074 3055 1125 3138 ad
1154 3055 1300 3168 quaevis
1329 3048 1405 3137 alia
1424 3044 1629 3142 mirabilia,

211 3162 421 3267 nesciamus,
450 3190 545 3247 num
568 3168 650 3249 hac
675 3165 780 3251 dona
803 3166 827 3252 l
849 3175 961 3253 Patre
992 3164 1180 3253 luminum
1206 3164 1454 3254 descendant.
1511 3163 1632 3251 Chri·

212 3276 281 3378 llus,
301 3272 497 3393 Apostoli,
522 3284 562 3361 δε
586 3281 783 3367 Dodlores
815 3279 989 3367 Ecclesiae
1010 3278 1107 3369 nihil
1134 3308 1203 3368 aut
1226 3308 1360 3396 parum
1382 3282 1434 3367 de
1462 3286 1632 3385 ejusmo-

211 3390 461 3479 divifionibus
483 3395 756 3506 ptaedicaruntr
793 3394 1036 3509 scripserunt,
1076 3423 1143 3483 aut
1171 3394 1434 3483 inculcaruntr
1477 3388 1545 3479 sed
1566 3414 1632 3477 to·

211 3530 271 3595 tam
291 3508 494 3595 Christiani
512 3506 661 3593 aedificii
679 3508 784 3595 bafin
805 3516 845 3595 in
867 3515 1062 3610 charitate,
1077 3508 1306 3612 humilitate,
1327 3507 1636 3598 mortificationi·-

207 3618 278 3723 bus,
304 3629 346 3709 dc
371 3616 703 3735 persecutionibus
723 3624 964 3738 perferendis
987 3630 1275 3713 constituerunt.¹
1329 3633 1510 3714 Rariores
1530 3652 1636 3741 quo·

208 3762 271 3851 que
290 3734 405 3826 sancii
427 3732 587 3823 fluerunt
607 3739 917 3826 extraordinariis
942 3742 1016 3826 istis
1039 3739 1239 3828 fauoribus
1265 3744 1428 3855 prediti,
1449 3768 1493 3828 ut
1515 3745 1636 3828 disce·

208 3880 313 3939 remus
336 3856 475 3971 potius
495 3854 579 3937 haec
608 3852 832 3940 admiranda
863 3853 984 3970 quim
1008 3858 1204 3942 imitanda.
1263 3860 1355 3943 Nec
1378 3858 1635 3945 ordinarie&

207 3964 411 4085 monerer
436 3989 661 4081 perentam
685 3972 815 4071 uitam,
836 3976 876 4053 &
899 3996 1134 4086 quacunque
1160 3968 1294 4057 oblata
1315 3972 1522 4058 occasune
1536 3966 1636 4059 deli·

208 4084 254 4172 d'u
270 4080 498 4199 huiusmodi
526 4077 768 4186 fruebantur,
796 4088 836 4171 dr
854 4084 906 4171 ad
923 4111 988 4285 ea}
1008 4114 1092 4171 non
1109 4081 1216 4173 illico
1235 4087 1550 4190 admittebantur,
1567 4080 1639 4284 υἱὲ

1016 4218 1041 4287 8
1551 4226 1608 4321 po
