<?xml version="1.0" encoding="UTF-8"?>
<!DOCTYPE html PUBLIC "-//W3C//DTD XHTML 1.0 Transitional//EN"
    "http://www.w3.org/TR/xhtml1/DTD/xhtml1-transitional.dtd">
<html xmlns="http://www.w3.org/1999/xhtml" xml:lang="en" lang="en">
 <head>
  <title>
</title>
<meta http-equiv="Content-Type" content="text/html;charset=utf-8" />
  <meta name='ocr-system' content='tesseract 3.04.00' />
  <meta name='ocr-capabilities' content='ocr_page ocr_carea ocr_par ocr_line ocrx_word'/>
</head>
<body>
  <div class='ocr_page' id='page_1' title='image "./derevelationibu00amorgoog_0518.png"; bbox 0 0 3796 4994; ppageno 0'>
   <div class='ocr_carea' id='block_1_1' title="bbox 212 288 1347 439">
    <p class='ocr_par' dir='ltr' id='par_1_1' title="bbox 212 288 1347 439">
     <span class='ocr_line' id='line_1_1' title="bbox 212 288 1347 439; baseline -0.007 -35"><span class='ocrx_word' id='word_1_1' title='bbox 212 332 314 429; x_wconf 80' lang='lat'>214</span> <span class='ocrx_word' id='word_1_2' title='bbox 524 300 723 398; x_wconf 81' lang='lat' dir='ltr'>Revelat.</span> <span class='ocrx_word' id='word_1_3' title='bbox 751 304 806 439; x_wconf 87' lang='grc' dir='ltr'>Β.</span> <span class='ocrx_word' id='word_1_4' title='bbox 831 300 1045 395; x_wconf 78' lang='lat' dir='ltr'>Veronicae</span> <span class='ocrx_word' id='word_1_5' title='bbox 1069 291 1121 394; x_wconf 79' lang='lat' dir='ltr'>de</span> <span class='ocrx_word' id='word_1_6' title='bbox 1149 288 1347 424; x_wconf 85' lang='lat' dir='ltr'>Binasro.</span> 
     </span>
    </p>
   </div>
   <div class='ocr_carea' id='block_1_2' title="bbox 211 490 1703 4017">
    <p class='ocr_par' dir='ltr' id='par_1_2' title="bbox 211 490 1703 3674">
     <span class='ocr_line' id='line_1_2' title="bbox 327 490 1663 612; baseline -0.001 -26"><span class='ocrx_word' id='word_1_7' title='bbox 327 504 369 586; x_wconf 69' lang='lat'>1,</span> <span class='ocrx_word' id='word_1_8' title='bbox 399 528 440 601; x_wconf 88' lang='lat'>4.</span> <span class='ocrx_word' id='word_1_9' title='bbox 469 500 521 586; x_wconf 88' lang='lat' dir='ltr'>C.</span> <span class='ocrx_word' id='word_1_10' title='bbox 561 529 624 599; x_wconf 80' lang='lat'>¹4.</span> <span class='ocrx_word' id='word_1_11' title='bbox 679 505 811 586; x_wconf 70' lang='lat' dir='ltr'>Nocte</span> <span class='ocrx_word' id='word_1_12' title='bbox 850 502 990 586; x_wconf 81' lang='lat' dir='ltr'>Coenae</span> <span class='ocrx_word' id='word_1_13' title='bbox 1015 490 1178 585; x_wconf 85' lang='lat' dir='ltr'>Domini</span> <span class='ocrx_word' id='word_1_14' title='bbox 1207 503 1403 584; x_wconf 86' lang='lat' dir='ltr'>Veronica</span> <span class='ocrx_word' id='word_1_15' title='bbox 1431 498 1663 612; x_wconf 81' lang='lat' dir='ltr'><strong>perducitur</strong></span> 
     </span>
     <span class='ocr_line' id='line_1_3' title="bbox 211 611 1680 725; baseline -0.001 -25"><span class='ocrx_word' id='word_1_16' title='bbox 211 617 435 700; x_wconf 83' lang='lat' dir='ltr'>Betltaniam</span> <span class='ocrx_word' id='word_1_17' title='bbox 452 618 493 696; x_wconf 90' lang='lat' dir='ltr'>in</span> <span class='ocrx_word' id='word_1_18' title='bbox 513 614 640 698; x_wconf 89' lang='lat' dir='ltr'>domo</span> <span class='ocrx_word' id='word_1_19' title='bbox 665 618 843 703; x_wconf 80' lang='lat' dir='ltr'>Martbaer</span> <span class='ocrx_word' id='word_1_20' title='bbox 881 614 1041 725; x_wconf 79' lang='lat' dir='ltr'>postam</span> <span class='ocrx_word' id='word_1_21' title='bbox 1067 618 1162 697; x_wconf 82' lang='lat' dir='ltr'>verb</span> <span class='ocrx_word' id='word_1_22' title='bbox 1191 614 1357 696; x_wconf 89' lang='lat' dir='ltr'>mensam</span> <span class='ocrx_word' id='word_1_23' title='bbox 1388 611 1600 725; x_wconf 83' lang='lat' dir='ltr'>conspexit</span> <span class='ocrx_word' id='word_1_24' title='bbox 1625 619 1680 699; x_wconf 87' lang='lat' dir='ltr'>in-</span> 
     </span>
     <span class='ocr_line' id='line_1_4' title="bbox 216 725 1667 841; baseline -0.001 -29"><span class='ocrx_word' id='word_1_25' title='bbox 216 725 424 812; x_wconf 86' lang='lat' dir='ltr'>coenaculo</span> <span class='ocrx_word' id='word_1_26' title='bbox 440 734 640 841; x_wconf 89' lang='lat' dir='ltr'>quopiam,</span> <span class='ocrx_word' id='word_1_27' title='bbox 667 726 925 841; x_wconf 81' lang='lat' dir='ltr'>sedentesque</span> <span class='ocrx_word' id='word_1_28' title='bbox 944 729 1138 811; x_wconf 79' lang='lat' dir='ltr'>Christum</span> <span class='ocrx_word' id='word_1_29' title='bbox 1163 754 1209 811; x_wconf 92' lang='lat' dir='ltr'>ac</span> <span class='ocrx_word' id='word_1_30' title='bbox 1227 732 1267 810; x_wconf 83' lang='lat' dir='ltr'>B.</span> <span class='ocrx_word' id='word_1_31' title='bbox 1290 730 1494 838; x_wconf 84' lang='lat' dir='ltr'>Virginem</span> <span class='ocrx_word' id='word_1_32' title='bbox 1521 730 1667 819; x_wconf 71' lang='lat' dir='ltr'>ceteris,</span> 
     </span>
     <span class='ocr_line' id='line_1_5' title="bbox 216 836 1667 953; baseline -0.002 -26"><span class='ocrx_word' id='word_1_33' title='bbox 216 836 388 935; x_wconf 84' lang='lat' dir='ltr'>exclufis,</span> <span class='ocrx_word' id='word_1_34' title='bbox 409 842 522 953; x_wconf 91' lang='lat' dir='ltr'>quod</span> <span class='ocrx_word' id='word_1_35' title='bbox 539 842 713 925; x_wconf 83' lang='lat' dir='ltr'>secretius</span> <span class='ocrx_word' id='word_1_36' title='bbox 730 839 849 924; x_wconf 81' lang='lat' dir='ltr'>essent</span> <span class='ocrx_word' id='word_1_37' title='bbox 872 838 1113 924; x_wconf 82' lang='lat' dir='ltr'><strong>collocuturi.</strong></span> <span class='ocrx_word' id='word_1_38' title='bbox 1169 843 1308 924; x_wconf 84' lang='lat' dir='ltr'>Sermo</span> <span class='ocrx_word' id='word_1_39' title='bbox 1344 866 1427 924; x_wconf 89' lang='lat' dir='ltr'>crat</span> <span class='ocrx_word' id='word_1_40' title='bbox 1450 844 1558 923; x_wconf 89' lang='lat' dir='ltr'>inter</span> <span class='ocrx_word' id='word_1_41' title='bbox 1582 844 1667 924; x_wconf 87' lang='lat' dir='ltr'>Ma·</span> 
     </span>
     <span class='ocr_line' id='line_1_6' title="bbox 216 951 1667 1064; baseline -0.002 -24"><span class='ocrx_word' id='word_1_42' title='bbox 216 979 314 1041; x_wconf 91' lang='lat' dir='ltr'>trem</span> <span class='ocrx_word' id='word_1_43' title='bbox 338 959 379 1034; x_wconf 86' lang='lat'>&amp;</span> <span class='ocrx_word' id='word_1_44' title='bbox 400 958 547 1036; x_wconf 89' lang='lat' dir='ltr'>Natum</span> <span class='ocrx_word' id='word_1_45' title='bbox 576 954 627 1037; x_wconf 91' lang='lat' dir='ltr'>de</span> <span class='ocrx_word' id='word_1_46' title='bbox 650 953 775 1038; x_wconf 86' lang='lat' dir='ltr'>futura</span> <span class='ocrx_word' id='word_1_47' title='bbox 806 951 873 1037; x_wconf 86' lang='lat' dir='ltr'>filii</span> <span class='ocrx_word' id='word_1_48' title='bbox 895 952 1076 1064; x_wconf 87' lang='lat' dir='ltr'>passione.</span> <span class='ocrx_word' id='word_1_49' title='bbox 1103 1000 1120 1018; x_wconf 93' lang='lat'><strong>·</strong></span> <span class='ocrx_word' id='word_1_50' title='bbox 1176 953 1321 1039; x_wconf 91' lang='lat' dir='ltr'>Videre</span> <span class='ocrx_word' id='word_1_51' title='bbox 1351 954 1420 1037; x_wconf 84' lang='lat' dir='ltr'>fibi</span> <span class='ocrx_word' id='word_1_52' title='bbox 1458 952 1667 1038; x_wconf 88' lang='lat' dir='ltr'>videbatur</span> 
     </span>
     <span class='ocr_line' id='line_1_7' title="bbox 216 1063 1666 1162; baseline -0.001 -10"><span class='ocrx_word' id='word_1_53' title='bbox 216 1071 411 1152; x_wconf 87' lang='lat' dir='ltr'>Vetonica</span> <span class='ocrx_word' id='word_1_54' title='bbox 433 1069 481 1148; x_wconf 89' lang='lat' dir='ltr'>D.</span> <span class='ocrx_word' id='word_1_55' title='bbox 501 1072 663 1150; x_wconf 86' lang='lat' dir='ltr'>Matrem</span> <span class='ocrx_word' id='word_1_56' title='bbox 684 1063 726 1151; x_wconf 87' lang='lat' dir='ltr'>sar</span> <span class='ocrx_word' id='word_1_57' title='bbox 757 1072 813 1151; x_wconf 84' lang='lat' dir='ltr'>ius</span> <span class='ocrx_word' id='word_1_58' title='bbox 835 1064 920 1151; x_wconf 90' lang='lat' dir='ltr'>solo</span> <span class='ocrx_word' id='word_1_59' title='bbox 946 1063 1202 1162; x_wconf 81' lang='lat' dir='ltr'>dilabentem,</span> <span class='ocrx_word' id='word_1_60' title='bbox 1236 1063 1327 1151; x_wconf 83' lang='lat' dir='ltr'>saeva</span> <span class='ocrx_word' id='word_1_61' title='bbox 1352 1093 1441 1149; x_wconf 88' lang='lat' dir='ltr'>cum</span> <span class='ocrx_word' id='word_1_62' title='bbox 1466 1088 1666 1151; x_wconf 87' lang='lat' dir='ltr'>tormenta</span> 
     </span>
     <span class='ocr_line' id='line_1_8' title="bbox 216 1174 1665 1293; baseline 0.001 -29"><span class='ocrx_word' id='word_1_63' title='bbox 216 1174 462 1290; x_wconf 80' lang='lat' dir='ltr'>intelligeret,</span> <span class='ocrx_word' id='word_1_64' title='bbox 487 1179 630 1291; x_wconf 82' lang='lat' dir='ltr'>quase</span> <span class='ocrx_word' id='word_1_65' title='bbox 651 1207 700 1293; x_wconf 92' lang='lat' dir='ltr'>pa</span> <span class='ocrx_word' id='word_1_66' title='bbox 731 1207 839 1264; x_wconf 91' lang='lat' dir='ltr'>utum</span> <span class='ocrx_word' id='word_1_67' title='bbox 866 1176 966 1263; x_wconf 85' lang='lat' dir='ltr'>filius</span> <span class='ocrx_word' id='word_1_68' title='bbox 996 1178 1231 1290; x_wconf 82' lang='lat' dir='ltr'>exponebat.</span> <span class='ocrx_word' id='word_1_69' title='bbox 1325 1184 1473 1263; x_wconf 83' lang='lat' dir='ltr'>&#39;soram</span> <span class='ocrx_word' id='word_1_70' title='bbox 1506 1188 1665 1265; x_wconf 77' lang='lat' dir='ltr'>nostem</span> 
     </span>
     <span class='ocr_line' id='line_1_9' title="bbox 217 1288 1665 1409; baseline 0 -32"><span class='ocrx_word' id='word_1_71' title='bbox 217 1290 357 1377; x_wconf 87' lang='lat' dir='ltr'>talibus</span> <span class='ocrx_word' id='word_1_72' title='bbox 386 1297 525 1377; x_wconf 91' lang='lat' dir='ltr'>intenti</span> <span class='ocrx_word' id='word_1_73' title='bbox 551 1291 760 1409; x_wconf 88' lang='lat' dir='ltr'>colloquiis</span> <span class='ocrx_word' id='word_1_74' title='bbox 782 1298 910 1378; x_wconf 88' lang='lat' dir='ltr'>Mater</span> <span class='ocrx_word' id='word_1_75' title='bbox 947 1318 993 1376; x_wconf 89' lang='lat' dir='ltr'>ac</span> <span class='ocrx_word' id='word_1_76' title='bbox 1024 1290 1125 1376; x_wconf 88' lang='lat' dir='ltr'>silius</span> <span class='ocrx_word' id='word_1_77' title='bbox 1150 1288 1388 1407; x_wconf 69' lang='lat' dir='ltr'>transegere,</span> <span class='ocrx_word' id='word_1_78' title='bbox 1415 1318 1567 1407; x_wconf 85' lang='lat' dir='ltr'>neque·</span> <span class='ocrx_word' id='word_1_79' title='bbox 1591 1293 1665 1377; x_wconf 88' lang='lat' dir='ltr'>cibi</span> 
     </span>
     <span class='ocr_line' id='line_1_10' title="bbox 215 1401 1665 1525; baseline 0.003 -38"><span class='ocrx_word' id='word_1_80' title='bbox 215 1407 434 1525; x_wconf 81' lang='lat' dir='ltr'>quidquam</span> <span class='ocrx_word' id='word_1_81' title='bbox 466 1401 763 1517; x_wconf 82' lang='lat' dir='ltr'>desumpserunt.</span> <span class='ocrx_word' id='word_1_82' title='bbox 859 1408 964 1490; x_wconf 89' lang='lat' dir='ltr'>Cum</span> <span class='ocrx_word' id='word_1_83' title='bbox 999 1407 1022 1491; x_wconf 81' lang='grc' dir='ltr'>ὲ</span> <span class='ocrx_word' id='word_1_84' title='bbox 1056 1406 1184 1489; x_wconf 91' lang='lat' dir='ltr'>mensa</span> <span class='ocrx_word' id='word_1_85' title='bbox 1213 1408 1370 1489; x_wconf 89' lang='lat' dir='ltr'>tandem</span> <span class='ocrx_word' id='word_1_86' title='bbox 1411 1403 1665 1506; x_wconf 85' lang='lat' dir='ltr'>surrexissent,</span> 
     </span>
     <span class='ocr_line' id='line_1_11' title="bbox 217 1520 1664 1631; baseline 0.001 -28"><span class='ocrx_word' id='word_1_87' title='bbox 217 1526 453 1631; x_wconf 87' lang='lat' dir='ltr'>conspicatur</span> <span class='ocrx_word' id='word_1_88' title='bbox 491 1524 684 1604; x_wconf 89' lang='lat' dir='ltr'>Veronica</span> <span class='ocrx_word' id='word_1_89' title='bbox 715 1520 909 1605; x_wconf 84' lang='lat' dir='ltr'>Christum</span> <span class='ocrx_word' id='word_1_90' title='bbox 946 1542 1035 1602; x_wconf 88' lang='lat' dir='ltr'>ante</span> <span class='ocrx_word' id='word_1_91' title='bbox 1075 1522 1240 1602; x_wconf 86' lang='lat' dir='ltr'>Matrem</span> <span class='ocrx_word' id='word_1_92' title='bbox 1270 1544 1395 1631; x_wconf 86' lang='lat' dir='ltr'>genua</span> <span class='ocrx_word' id='word_1_93' title='bbox 1427 1525 1664 1623; x_wconf 74' lang='lat' dir='ltr'>flectentem,</span> 
     </span>
     <span class='ocr_line' id='line_1_12' title="bbox 218 1631 1678 1747; baseline 0.001 -30"><span class='ocrx_word' id='word_1_94' title='bbox 218 1658 514 1745; x_wconf 81' lang='lat' dir='ltr'>maternamque</span> <span class='ocrx_word' id='word_1_95' title='bbox 535 1634 852 1717; x_wconf 65' lang='lat' dir='ltr'>benedictionem</span> <span class='ocrx_word' id='word_1_96' title='bbox 869 1657 1092 1744; x_wconf 79' lang='lat' dir='ltr'>rogantcms</span> <span class='ocrx_word' id='word_1_97' title='bbox 1126 1657 1166 1716; x_wconf 87' lang='lat' dir='ltr'>at</span> <span class='ocrx_word' id='word_1_98' title='bbox 1189 1631 1344 1716; x_wconf 88' lang='lat' dir='ltr'>humilis</span> <span class='ocrx_word' id='word_1_99' title='bbox 1371 1637 1499 1718; x_wconf 88' lang='lat' dir='ltr'>Mater</span> <span class='ocrx_word' id='word_1_100' title='bbox 1525 1639 1678 1747; x_wconf 86' lang='lat' dir='ltr'>pariter.</span> 
     </span>
     <span class='ocr_line' id='line_1_13' title="bbox 215 1740 1676 1861; baseline 0.001 -31"><span class='ocrx_word' id='word_1_101' title='bbox 215 1750 440 1861; x_wconf 82' lang='lat' dir='ltr'>genuflexo</span> <span class='ocrx_word' id='word_1_102' title='bbox 459 1748 565 1830; x_wconf 89' lang='lat' dir='ltr'>idem</span> <span class='ocrx_word' id='word_1_103' title='bbox 588 1740 761 1830; x_wconf 87' lang='lat' dir='ltr'>obsecrat</span> <span class='ocrx_word' id='word_1_104' title='bbox 777 1743 809 1831; x_wconf 69' lang='lat' dir='ltr'>a.</span> <span class='ocrx_word' id='word_1_105' title='bbox 823 1750 913 1832; x_wconf 84' lang='lat' dir='ltr'>Deo</span> <span class='ocrx_word' id='word_1_106' title='bbox 931 1749 1070 1830; x_wconf 90' lang='lat' dir='ltr'>donari</span> <span class='ocrx_word' id='word_1_107' title='bbox 1095 1762 1124 1813; x_wconf 90' lang='lat'>-·</span> <span class='ocrx_word' id='word_1_108' title='bbox 1171 1752 1211 1827; x_wconf 77' lang='grc' dir='ltr'>δι</span> <span class='ocrx_word' id='word_1_109' title='bbox 1243 1748 1387 1847; x_wconf 61' lang='lat' dir='ltr'>ors.</span> <span class='ocrx_word' id='word_1_110' title='bbox 1415 1748 1562 1833; x_wconf 84' lang='lat' dir='ltr'>Postea</span> <span class='ocrx_word' id='word_1_111' title='bbox 1586 1752 1676 1835; x_wconf 80' lang='lat' dir='ltr'>ve·-</span> 
     </span>
     <span class='ocr_line' id='line_1_14' title="bbox 216 1854 1664 1972; baseline 0.001 -27"><span class='ocrx_word' id='word_1_112' title='bbox 216 1864 357 1945; x_wconf 86' lang='lat' dir='ltr'>ronicae</span> <span class='ocrx_word' id='word_1_113' title='bbox 372 1858 520 1971; x_wconf 86' lang='lat' dir='ltr'>spiritus</span> <span class='ocrx_word' id='word_1_114' title='bbox 537 1860 587 1943; x_wconf 92' lang='lat' dir='ltr'>ad</span> <span class='ocrx_word' id='word_1_115' title='bbox 611 1861 806 1943; x_wconf 83' lang='lat' dir='ltr'>Christum</span> <span class='ocrx_word' id='word_1_116' title='bbox 837 1854 1072 1943; x_wconf 81' lang='lat' dir='ltr'>Hierusalem</span> <span class='ocrx_word' id='word_1_117' title='bbox 1095 1856 1396 1972; x_wconf 84' lang='lat' dir='ltr'>proficiscentem</span> <span class='ocrx_word' id='word_1_118' title='bbox 1418 1865 1552 1953; x_wconf 65' lang='lat' dir='ltr'>venit,</span> <span class='ocrx_word' id='word_1_119' title='bbox 1618 1862 1664 1947; x_wconf 80' lang='lat' dir='ltr'>E·</span> 
     </span>
     <span class='ocr_line' id='line_1_15' title="bbox 215 1966 1665 2089; baseline 0.001 -32"><span class='ocrx_word' id='word_1_120' title='bbox 215 1997 274 2057; x_wconf 90' lang='lat' dir='ltr'>rat</span> <span class='ocrx_word' id='word_1_121' title='bbox 290 1998 420 2056; x_wconf 91' lang='lat' dir='ltr'>autem</span> <span class='ocrx_word' id='word_1_122' title='bbox 437 1995 533 2054; x_wconf 93' lang='lat' dir='ltr'>tunc</span> <span class='ocrx_word' id='word_1_123' title='bbox 551 1998 637 2055; x_wconf 92' lang='lat' dir='ltr'>cum</span> <span class='ocrx_word' id='word_1_124' title='bbox 664 1970 762 2070; x_wconf 85' lang='lat' dir='ltr'>JEsu</span> <span class='ocrx_word' id='word_1_125' title='bbox 782 1966 884 2055; x_wconf 89' lang='lat' dir='ltr'>socia</span> <span class='ocrx_word' id='word_1_126' title='bbox 916 1967 1128 2056; x_wconf 90' lang='lat' dir='ltr'>multitudo</span> <span class='ocrx_word' id='word_1_127' title='bbox 1164 1968 1459 2085; x_wconf 89' lang='lat' dir='ltr'>discipulorum,</span> <span class='ocrx_word' id='word_1_128' title='bbox 1488 1978 1665 2089; x_wconf 85' lang='lat' dir='ltr'>quamvis</span> 
     </span>
     <span class='ocr_line' id='line_1_16' title="bbox 216 2080 1662 2174; baseline 0.001 -5"><span class='ocrx_word' id='word_1_129' title='bbox 216 2112 267 2169; x_wconf 87' lang='lat' dir='ltr'>ex</span> <span class='ocrx_word' id='word_1_130' title='bbox 286 2086 412 2167; x_wconf 94' lang='lat' dir='ltr'>domo</span> <span class='ocrx_word' id='word_1_131' title='bbox 429 2086 588 2167; x_wconf 79' lang='lat' dir='ltr'>Marthae</span> <span class='ocrx_word' id='word_1_132' title='bbox 608 2080 730 2166; x_wconf 92' lang='lat' dir='ltr'>solum</span> <span class='ocrx_word' id='word_1_133' title='bbox 755 2086 949 2167; x_wconf 88' lang='lat' dir='ltr'>Christum</span> <span class='ocrx_word' id='word_1_134' title='bbox 974 2082 1152 2169; x_wconf 80' lang='lat' dir='ltr'>recessisse</span> <span class='ocrx_word' id='word_1_135' title='bbox 1183 2090 1375 2169; x_wconf 87' lang='lat' dir='ltr'>Veronica</span> <span class='ocrx_word' id='word_1_136' title='bbox 1397 2087 1558 2174; x_wconf 81' lang='lat' dir='ltr'>viderit.</span> <span class='ocrx_word' id='word_1_137' title='bbox 1606 2090 1662 2172; x_wconf 91' lang='lat' dir='ltr'>ln·</span> 
     </span>
     <span class='ocr_line' id='line_1_17' title="bbox 216 2191 1662 2309; baseline 0.004 -29"><span class='ocrx_word' id='word_1_138' title='bbox 216 2193 358 2309; x_wconf 81' lang='lat' dir='ltr'>gressus</span> <span class='ocrx_word' id='word_1_139' title='bbox 386 2191 563 2280; x_wconf 85' lang='lat' dir='ltr'>Salvator</span> <span class='ocrx_word' id='word_1_140' title='bbox 589 2191 825 2296; x_wconf 78' lang='lat' dir='ltr'>Hierusalem</span> <span class='ocrx_word' id='word_1_141' title='bbox 840 2200 940 2281; x_wconf 91' lang='lat' dir='ltr'>inter</span> <span class='ocrx_word' id='word_1_142' title='bbox 962 2224 1095 2282; x_wconf 82' lang='lat' dir='ltr'>caetera</span> <span class='ocrx_word' id='word_1_143' title='bbox 1118 2201 1313 2283; x_wconf 88' lang='lat' dir='ltr'>mandavit</span> <span class='ocrx_word' id='word_1_144' title='bbox 1330 2202 1492 2283; x_wconf 84' lang='lat' dir='ltr'>dicens:</span> <span class='ocrx_word' id='word_1_145' title='bbox 1524 2202 1662 2286; x_wconf 81' lang='lat' dir='ltr'>Euntes</span> 
     </span>
     <span class='ocr_line' id='line_1_18' title="bbox 216 2308 1662 2424; baseline 0.003 -29"><span class='ocrx_word' id='word_1_146' title='bbox 216 2335 353 2424; x_wconf 90' lang='lat' dir='ltr'>parate</span> <span class='ocrx_word' id='word_1_147' title='bbox 377 2309 508 2406; x_wconf 87' lang='lat' dir='ltr'>nobis,</span> <span class='ocrx_word' id='word_1_148' title='bbox 536 2332 579 2393; x_wconf 93' lang='lat' dir='ltr'>ut</span> <span class='ocrx_word' id='word_1_149' title='bbox 603 2309 878 2394; x_wconf 77' lang='lat' dir='ltr'>manducemus</span> <span class='ocrx_word' id='word_1_150' title='bbox 895 2308 1060 2413; x_wconf 81' lang='lat' dir='ltr'>Pascba3</span> <span class='ocrx_word' id='word_1_151' title='bbox 1087 2313 1368 2397; x_wconf 87' lang='lat' dir='ltr'>introeuntibus</span> <span class='ocrx_word' id='word_1_152' title='bbox 1389 2336 1528 2399; x_wconf 88' lang='lat' dir='ltr'>autem</span> <span class='ocrx_word' id='word_1_153' title='bbox 1550 2316 1662 2399; x_wconf 75' lang='lat' dir='ltr'>²vobit</span> 
     </span>
     <span class='ocr_line' id='line_1_19' title="bbox 221 2422 1675 2540; baseline 0.003 -31"><span class='ocrx_word' id='word_1_154' title='bbox 221 2429 412 2510; x_wconf 85' lang='lat' dir='ltr'>civitatem</span> <span class='ocrx_word' id='word_1_155' title='bbox 447 2448 625 2508; x_wconf 89' lang='lat' dir='ltr'>occurret</span> <span class='ocrx_word' id='word_1_156' title='bbox 659 2424 774 2508; x_wconf 82' lang='lat' dir='ltr'>vobit</span> <span class='ocrx_word' id='word_1_157' title='bbox 813 2426 938 2508; x_wconf 88' lang='lat' dir='ltr'>bomo</span> <span class='ocrx_word' id='word_1_158' title='bbox 976 2431 1052 2511; x_wconf 77' lang='lat' dir='ltr'>dac.</span> <span class='ocrx_word' id='word_1_159' title='bbox 1089 2472 1104 2493; x_wconf 92' lang='lat'><strong>·</strong></span> <span class='ocrx_word' id='word_1_160' title='bbox 1165 2427 1374 2536; x_wconf 82' lang='lat' dir='ltr'>Postquam</span> <span class='ocrx_word' id='word_1_161' title='bbox 1411 2422 1512 2512; x_wconf 88' lang='lat' dir='ltr'>lavit</span> <span class='ocrx_word' id='word_1_162' title='bbox 1545 2430 1675 2540; x_wconf 82' lang='lat' dir='ltr'>pedet·</span> 
     </span>
     <span class='ocr_line' id='line_1_20' title="bbox 221 2534 1662 2648; baseline 0.003 -25"><span class='ocrx_word' id='word_1_163' title='bbox 221 2565 382 2627; x_wconf 80' lang='lat' dir='ltr'>eorumr</span> <span class='ocrx_word' id='word_1_164' title='bbox 398 2565 485 2623; x_wconf 91' lang='lat' dir='ltr'>cum</span> <span class='ocrx_word' id='word_1_165' title='bbox 513 2534 767 2636; x_wconf 85' lang='lat' dir='ltr'>recubuisset,</span> <span class='ocrx_word' id='word_1_166' title='bbox 790 2541 939 2646; x_wconf 85' lang='lat' dir='ltr'>aceepit</span> <span class='ocrx_word' id='word_1_167' title='bbox 957 2564 1098 2648; x_wconf 90' lang='lat' dir='ltr'>panem</span> <span class='ocrx_word' id='word_1_168' title='bbox 1125 2543 1164 2621; x_wconf 84' lang='grc' dir='ltr'>δι</span> <span class='ocrx_word' id='word_1_169' title='bbox 1194 2539 1396 2623; x_wconf 85' lang='lat' dir='ltr'>benedixit</span> <span class='ocrx_word' id='word_1_170' title='bbox 1417 2544 1496 2623; x_wconf 77' lang='lat' dir='ltr'>&amp;o</span> <span class='ocrx_word' id='word_1_171' title='bbox 1523 2544 1662 2629; x_wconf 90' lang='lat' dir='ltr'>deinde</span> 
     </span>
     <span class='ocr_line' id='line_1_21' title="bbox 220 2651 1661 2765; baseline 0.003 -31"><span class='ocrx_word' id='word_1_172' title='bbox 220 2651 341 2734; x_wconf 84' lang='lat' dir='ltr'>dixit:</span> <span class='ocrx_word' id='word_1_173' title='bbox 369 2651 511 2748; x_wconf 85' lang='lat' dir='ltr'>Amen,</span> <span class='ocrx_word' id='word_1_174' title='bbox 532 2653 663 2736; x_wconf 90' lang='lat' dir='ltr'>Amen</span> <span class='ocrx_word' id='word_1_175' title='bbox 691 2652 782 2735; x_wconf 90' lang='lat' dir='ltr'>dico</span> <span class='ocrx_word' id='word_1_176' title='bbox 798 2651 926 2748; x_wconf 84' lang='lat' dir='ltr'>vobis,</span> <span class='ocrx_word' id='word_1_177' title='bbox 952 2655 1044 2765; x_wconf 89' lang='lat' dir='ltr'>quia</span> <span class='ocrx_word' id='word_1_178' title='bbox 1070 2680 1167 2735; x_wconf 86' lang='lat' dir='ltr'>unns</span> <span class='ocrx_word' id='word_1_179' title='bbox 1192 2680 1240 2736; x_wconf 87' lang='lat' dir='ltr'>ex</span> <span class='ocrx_word' id='word_1_180' title='bbox 1261 2653 1374 2735; x_wconf 89' lang='lat' dir='ltr'>vobis</span> <span class='ocrx_word' id='word_1_181' title='bbox 1388 2654 1523 2741; x_wconf 87' lang='lat' dir='ltr'>tradet</span> <span class='ocrx_word' id='word_1_182' title='bbox 1548 2686 1623 2739; x_wconf 87' lang='lat' dir='ltr'>me.</span> <span class='ocrx_word' id='word_1_183' title='bbox 1644 2703 1661 2724; x_wconf 90' lang='lat'><strong>·</strong></span> 
     </span>
     <span class='ocr_line' id='line_1_22' title="bbox 218 2763 1662 2876; baseline 0.004 -30"><span class='ocrx_word' id='word_1_184' title='bbox 218 2763 342 2865; x_wconf 86' lang='lat' dir='ltr'>Judari</span> <span class='ocrx_word' id='word_1_185' title='bbox 364 2769 402 2846; x_wconf 89' lang='lat' dir='ltr'>in</span> <span class='ocrx_word' id='word_1_186' title='bbox 428 2767 621 2849; x_wconf 86' lang='lat' dir='ltr'>Christum</span> <span class='ocrx_word' id='word_1_187' title='bbox 653 2768 822 2860; x_wconf 91' lang='lat' dir='ltr'>irruunt,</span> <span class='ocrx_word' id='word_1_188' title='bbox 848 2765 982 2867; x_wconf 80' lang='lat' dir='ltr'>Jfisum</span> <span class='ocrx_word' id='word_1_189' title='bbox 1016 2765 1068 2848; x_wconf 89' lang='lat' dir='ltr'>ad</span> <span class='ocrx_word' id='word_1_190' title='bbox 1099 2790 1239 2848; x_wconf 91' lang='lat' dir='ltr'>terram</span> <span class='ocrx_word' id='word_1_191' title='bbox 1266 2770 1394 2876; x_wconf 84' lang='lat' dir='ltr'>primb</span> <span class='ocrx_word' id='word_1_192' title='bbox 1429 2767 1662 2875; x_wconf 83' lang='lat' dir='ltr'>dejecerunt,</span> 
     </span>
     <span class='ocr_line' id='line_1_23' title="bbox 216 2873 1662 2993; baseline 0.004 -32"><span class='ocrx_word' id='word_1_193' title='bbox 216 2880 358 2993; x_wconf 79' lang='lat' dir='ltr'>pugnis</span> <span class='ocrx_word' id='word_1_194' title='bbox 380 2873 518 2962; x_wconf 87' lang='lat' dir='ltr'>fatiem</span> <span class='ocrx_word' id='word_1_195' title='bbox 543 2885 636 2985; x_wconf 88' lang='lat' dir='ltr'>ejus,</span> <span class='ocrx_word' id='word_1_196' title='bbox 657 2905 859 2991; x_wconf 88' lang='lat' dir='ltr'>omneque</span> <span class='ocrx_word' id='word_1_197' title='bbox 881 2905 1022 2989; x_wconf 83' lang='lat' dir='ltr'>corpus</span> <span class='ocrx_word' id='word_1_198' title='bbox 1036 2885 1309 2992; x_wconf 87' lang='lat' dir='ltr'>percutientes.</span> <span class='ocrx_word' id='word_1_199' title='bbox 1363 2885 1470 2965; x_wconf 88' lang='lat' dir='ltr'>Tum</span> <span class='ocrx_word' id='word_1_200' title='bbox 1493 2910 1662 2969; x_wconf 85' lang='lat' dir='ltr'>catenam</span> 
     </span>
     <span class='ocr_line' id='line_1_24' title="bbox 217 2987 1662 3111; baseline 0.005 -36"><span class='ocrx_word' id='word_1_201' title='bbox 217 2989 382 3077; x_wconf 89' lang='lat' dir='ltr'>ferream</span> <span class='ocrx_word' id='word_1_202' title='bbox 417 2987 526 3079; x_wconf 90' lang='lat' dir='ltr'>collo</span> <span class='ocrx_word' id='word_1_203' title='bbox 560 2992 695 3077; x_wconf 89' lang='lat' dir='ltr'>divino</span> <span class='ocrx_word' id='word_1_204' title='bbox 727 2990 1014 3103; x_wconf 84' lang='lat' dir='ltr'>imposuerunts</span> <span class='ocrx_word' id='word_1_205' title='bbox 1066 2991 1209 3077; x_wconf 75' lang='lat' dir='ltr'>ensium</span> <span class='ocrx_word' id='word_1_206' title='bbox 1246 2993 1393 3078; x_wconf 89' lang='lat' dir='ltr'>deinde</span> <span class='ocrx_word' id='word_1_207' title='bbox 1423 3021 1567 3106; x_wconf 91' lang='lat' dir='ltr'>parte,</span> <span class='ocrx_word' id='word_1_208' title='bbox 1591 3022 1662 3111; x_wconf 82' lang='lat' dir='ltr'>qut</span> 
     </span>
     <span class='ocr_line' id='line_1_25' title="bbox 220 3103 1663 3225; baseline 0.003 -35"><span class='ocrx_word' id='word_1_209' title='bbox 220 3132 338 3191; x_wconf 92' lang='lat' dir='ltr'>manu</span> <span class='ocrx_word' id='word_1_210' title='bbox 357 3130 523 3203; x_wconf 89' lang='lat' dir='ltr'>tenetur,</span> <span class='ocrx_word' id='word_1_211' title='bbox 544 3107 809 3216; x_wconf 88' lang='lat' dir='ltr'>percutiebant</span> <span class='ocrx_word' id='word_1_212' title='bbox 828 3103 983 3209; x_wconf 84' lang='lat' dir='ltr'>JEsum,</span> <span class='ocrx_word' id='word_1_213' title='bbox 1012 3106 1106 3189; x_wconf 92' lang='lat' dir='ltr'>dum</span> <span class='ocrx_word' id='word_1_214' title='bbox 1134 3108 1368 3204; x_wconf 84' lang='lat' dir='ltr'>traheretur,</span> <span class='ocrx_word' id='word_1_215' title='bbox 1395 3134 1445 3191; x_wconf 91' lang='lat' dir='ltr'>ac</span> <span class='ocrx_word' id='word_1_216' title='bbox 1475 3106 1663 3225; x_wconf 81' lang='lat' dir='ltr'>lapidibus</span> 
     </span>
     <span class='ocr_line' id='line_1_26' title="bbox 219 3219 1662 3337; baseline 0.006 -34"><span class='ocrx_word' id='word_1_217' title='bbox 219 3221 449 3320; x_wconf 88' lang='lat' dir='ltr'>atterebant,</span> <span class='ocrx_word' id='word_1_218' title='bbox 473 3221 603 3304; x_wconf 89' lang='lat' dir='ltr'>donec</span> <span class='ocrx_word' id='word_1_219' title='bbox 626 3221 676 3304; x_wconf 88' lang='lat' dir='ltr'>ad</span> <span class='ocrx_word' id='word_1_220' title='bbox 699 3244 910 3303; x_wconf 89' lang='lat' dir='ltr'>torrentem</span> <span class='ocrx_word' id='word_1_221' title='bbox 933 3219 1093 3303; x_wconf 80' lang='lat' dir='ltr'>Cedron</span> <span class='ocrx_word' id='word_1_222' title='bbox 1115 3244 1316 3317; x_wconf 88' lang='lat' dir='ltr'>venerunt,</span> <span class='ocrx_word' id='word_1_223' title='bbox 1342 3220 1412 3303; x_wconf 94' lang='lat' dir='ltr'>ubi</span> <span class='ocrx_word' id='word_1_224' title='bbox 1432 3230 1662 3337; x_wconf 84' lang='lat' dir='ltr'>praecipitent</span> 
     </span>
     <span class='ocr_line' id='line_1_27' title="bbox 220 3328 1664 3443; baseline 0.007 -28"><span class='ocrx_word' id='word_1_225' title='bbox 220 3328 382 3416; x_wconf 84' lang='lat' dir='ltr'>illumin</span> <span class='ocrx_word' id='word_1_226' title='bbox 408 3358 619 3417; x_wconf 87' lang='lat' dir='ltr'>torrentem</span> <span class='ocrx_word' id='word_1_227' title='bbox 641 3334 780 3415; x_wconf 84' lang='lat' dir='ltr'>dantes</span> <span class='ocrx_word' id='word_1_228' title='bbox 798 3329 933 3416; x_wconf 70' lang='lat' dir='ltr'>careni</span> <span class='ocrx_word' id='word_1_229' title='bbox 957 3338 1023 3416; x_wconf 91' lang='lat' dir='ltr'>diu</span> <span class='ocrx_word' id='word_1_230' title='bbox 1047 3331 1208 3418; x_wconf 69' lang='lat' dir='ltr'>traxsre.</span> <span class='ocrx_word' id='word_1_231' title='bbox 1291 3331 1502 3435; x_wconf 85' lang='lat' dir='ltr'>observo,</span> <span class='ocrx_word' id='word_1_232' title='bbox 1534 3336 1664 3443; x_wconf 75' lang='lat' dir='ltr'>Jfism</span> 
     </span>
     <span class='ocr_line' id='line_1_28' title="bbox 219 3440 1703 3567; baseline 0.009 -42"><span class='ocrx_word' id='word_1_233' title='bbox 219 3450 304 3551; x_wconf 35' lang='lat' dir='ltr'>jam,</span> <span class='ocrx_word' id='word_1_234' title='bbox 317 3442 518 3556; x_wconf 83' lang='lat' dir='ltr'>ingressum</span> <span class='ocrx_word' id='word_1_235' title='bbox 533 3440 814 3556; x_wconf 84' lang='lat' dir='ltr'>Jcrosolymam</span> <span class='ocrx_word' id='word_1_236' title='bbox 839 3472 921 3529; x_wconf 93' lang='lat' dir='ltr'>non</span> <span class='ocrx_word' id='word_1_237' title='bbox 940 3440 1102 3560; x_wconf 91' lang='lat' dir='ltr'>amplius</span> <span class='ocrx_word' id='word_1_238' title='bbox 1121 3442 1287 3560; x_wconf 87' lang='lat' dir='ltr'>potuisse</span> <span class='ocrx_word' id='word_1_239' title='bbox 1309 3449 1444 3534; x_wconf 85' lang='lat' dir='ltr'>dicere</span> <span class='ocrx_word' id='word_1_240' title='bbox 1468 3448 1662 3567; x_wconf 76' lang='lat' dir='ltr'>discipulis</span> <span class='ocrx_word' id='word_1_241' title='bbox 1697 3538 1703 3553; x_wconf 79' lang='grc'>,</span> 
     </span>
     <span class='ocr_line' id='line_1_29' title="bbox 219 3554 948 3674; baseline 0.003 -32"><span class='ocrx_word' id='word_1_242' title='bbox 219 3554 522 3674; x_wconf 72' lang='lat' dir='ltr'>[egredientibus</span> <span class='ocrx_word' id='word_1_243' title='bbox 540 3555 655 3644; x_wconf 81' lang='lat' dir='ltr'>vobis</span> <span class='ocrx_word' id='word_1_244' title='bbox 678 3570 852 3645; x_wconf 79' lang='lat' dir='ltr'>occurres</span> <span class='ocrx_word' id='word_1_245' title='bbox 872 3565 948 3644; x_wconf 74' lang='lat' dir='ltr'>&amp;n</span> 
     </span>
    </p>

    <p class='ocr_par' dir='ltr' id='par_1_3' title="bbox 219 3670 1661 4017">
     <span class='ocr_line' id='line_1_30' title="bbox 334 3670 1661 3790; baseline 0.008 -33"><span class='ocrx_word' id='word_1_246' title='bbox 334 3674 380 3757; x_wconf 78' lang='lat' dir='ltr'>t..</span> <span class='ocrx_word' id='word_1_247' title='bbox 413 3701 454 3771; x_wconf 67' lang='lat' dir='ltr'>a</span> <span class='ocrx_word' id='word_1_248' title='bbox 481 3673 533 3754; x_wconf 84' lang='lat' dir='ltr'>C.</span> <span class='ocrx_word' id='word_1_249' title='bbox 567 3699 633 3772; x_wconf 72' lang='grc' dir='ltr'>ις.</span> <span class='ocrx_word' id='word_1_250' title='bbox 690 3670 856 3759; x_wconf 85' lang='lat' dir='ltr'>Asseruit</span> <span class='ocrx_word' id='word_1_251' title='bbox 882 3678 922 3759; x_wconf 82' lang='lat' dir='ltr'>S.</span> <span class='ocrx_word' id='word_1_252' title='bbox 950 3676 1158 3773; x_wconf 82' lang='lat' dir='ltr'>veronica,</span> <span class='ocrx_word' id='word_1_253' title='bbox 1187 3680 1335 3774; x_wconf 85' lang='lat' dir='ltr'>virum,</span> <span class='ocrx_word' id='word_1_254' title='bbox 1362 3680 1504 3790; x_wconf 84' lang='lat' dir='ltr'>quiin</span> <span class='ocrx_word' id='word_1_255' title='bbox 1533 3678 1661 3765; x_wconf 83' lang='lat' dir='ltr'>facitu</span> 
     </span>
     <span class='ocr_line' id='line_1_31' title="bbox 219 3782 1659 3897; baseline 0.007 -29"><span class='ocrx_word' id='word_1_256' title='bbox 219 3782 395 3897; x_wconf 84' lang='lat' dir='ltr'>percussit</span> <span class='ocrx_word' id='word_1_257' title='bbox 422 3786 637 3885; x_wconf 81' lang='lat' dir='ltr'>Christum,</span> <span class='ocrx_word' id='word_1_258' title='bbox 667 3814 821 3872; x_wconf 91' lang='lat' dir='ltr'>manum</span> <span class='ocrx_word' id='word_1_259' title='bbox 861 3785 1030 3872; x_wconf 87' lang='lat' dir='ltr'>habuisse</span> <span class='ocrx_word' id='word_1_260' title='bbox 1068 3796 1208 3873; x_wconf 76' lang='lat' dir='ltr'>teclam</span> <span class='ocrx_word' id='word_1_261' title='bbox 1253 3792 1500 3877; x_wconf 89' lang='lat' dir='ltr'>Chirotheca</span> <span class='ocrx_word' id='word_1_262' title='bbox 1534 3792 1659 3893; x_wconf 83' lang='lat' dir='ltr'>ferrea,</span> 
     </span>
     <span class='ocr_line' id='line_1_32' title="bbox 220 3895 1657 4017; baseline 0.003 -34"><span class='ocrx_word' id='word_1_263' title='bbox 220 3895 409 4013; x_wconf 84' lang='lat' dir='ltr'>fulsitque</span> <span class='ocrx_word' id='word_1_264' title='bbox 436 3927 520 3984; x_wconf 82' lang='lat' dir='ltr'>eant</span> <span class='ocrx_word' id='word_1_265' title='bbox 547 3897 822 4012; x_wconf 84' lang='lat' dir='ltr'>percussionem</span> <span class='ocrx_word' id='word_1_266' title='bbox 845 3907 1074 4013; x_wconf 87' lang='lat' dir='ltr'>graviorem,</span> <span class='ocrx_word' id='word_1_267' title='bbox 1100 3907 1151 3986; x_wconf 92' lang='lat' dir='ltr'>ita</span> <span class='ocrx_word' id='word_1_268' title='bbox 1176 3928 1218 3988; x_wconf 95' lang='lat' dir='ltr'>ut</span> <span class='ocrx_word' id='word_1_269' title='bbox 1238 3901 1387 4017; x_wconf 85' lang='lat' dir='ltr'>sanguis</span> <span class='ocrx_word' id='word_1_270' title='bbox 1413 3903 1581 4009; x_wconf 87' lang='lat' dir='ltr'>stillaret,</span> <span class='ocrx_word' id='word_1_271' title='bbox 1600 3908 1657 3988; x_wconf 86' lang='lat' dir='ltr'>de·</span> 
     </span>
    </p>
   </div>
   <div class='ocr_carea' id='block_1_3' title="bbox 221 4010 1650 4215">
    <p class='ocr_par' dir='ltr' id='par_1_4' title="bbox 221 4010 1650 4215">
     <span class='ocr_line' id='line_1_33' title="bbox 221 4010 1650 4215; baseline 0.003 -116"><span class='ocrx_word' id='word_1_272' title='bbox 221 4011 500 4130; x_wconf 88' lang='lat' dir='ltr'>scenderetquc</span> <span class='ocrx_word' id='word_1_273' title='bbox 522 4020 563 4102; x_wconf 91' lang='lat' dir='ltr'>in</span> <span class='ocrx_word' id='word_1_274' title='bbox 589 4015 749 4099; x_wconf 90' lang='lat' dir='ltr'>barbam</span> <span class='ocrx_word' id='word_1_275' title='bbox 772 4040 827 4147; x_wconf 9' lang='lat' dir='ltr'>ac,</span> <span class='ocrx_word' id='word_1_276' title='bbox 844 4010 990 4100; x_wconf 89' lang='lat' dir='ltr'>collum</span> <span class='ocrx_word' id='word_1_277' title='bbox 1013 4012 1220 4103; x_wconf 84' lang='lat' dir='ltr'>Salvatoris</span> <span class='ocrx_word' id='word_1_278' title='bbox 1252 4065 1270 4083; x_wconf 91' lang='lat'><strong>·</strong></span> <span class='ocrx_word' id='word_1_279' title='bbox 1324 4017 1454 4125; x_wconf 82' lang='lat' dir='ltr'>ajebat</span> <span class='ocrx_word' id='word_1_280' title='bbox 1478 4025 1650 4215; x_wconf 51' lang='grc' dir='ltr'>νετὲἓιέ</span> 
     </span>
    </p>
   </div>
   <div class='ocr_carea' id='block_1_4' title="bbox 0 0 1902 4994">
    <p class='ocr_par' dir='ltr' id='par_1_5' title="bbox 0 0 1902 4994">
     <span class='ocr_line' id='line_1_34' title="bbox 0 0 1902 4994; baseline 0 0"><span class='ocrx_word' id='word_1_281' title='bbox 0 0 1902 4994; x_wconf 95' lang='lat' dir='ltr'> </span> 
     </span>
    </p>
   </div>
  </div>
 </body>
</html>
