3796 4994
612 198 1000 311 amentiores&
1040 206 1285 315 Gerirurlis.
1335 134 1339 149 Ι
1567 134 1680 350 ῐόςγ,

329 418 388 505 νζ
439 412 707 518 Luc-15·
764 415 941 513 Accidit,
981 415 1097 528 quod
1133 411 1350 502 Gettrudet
1375 414 1577 531 quodam
1605 421 1668 509 eb

213 529 369 646 'culpam
396 533 619 642 corriperet,
637 529 730 614 inde
751 534 887 633 verita,
903 554 955 612 ne
978 524 1105 613 suisset
1123 532 1236 613 nimis
1254 524 1397 629 severa,
1415 528 1593 647 confugit
1611 536 1664 623 ad

213 644 448 741 Dominum,
476 648 546 756 qui
577 640 794 753 respondite
830 635 930 726 Noli
952 643 1114 731 timeret
1152 635 1329 753 lingulati
1358 645 1462 728 enini
1486 644 1566 731 boc
1585 640 1663 759 pti'·

213 756 359 872 vilegio
393 784 433 843 te
464 752 654 868 praefero,
688 779 731 840 ut
765 757 992 866 quicunque
1012 754 1065 838 de
1087 758 1251 867 negotio
1277 759 1392 839 etiam
1417 785 1664 874 quocunque

213 867 409 958 humiliter
433 897 479 953 ac
500 862 665 951 fideliter
690 867 902 980 requisierit
921 891 985 965 te,
1008 891 1052 950 tu
1071 872 1114 954 in
1134 867 1223 952 luce
1250 872 1418 953 ueritatis
1438 898 1534 956 meae
1550 874 1660 981 huius

214 987 367 1098 negotii
388 988 522 1068 intima
539 977 767 1094 perspicies,
796 979 1092 1093 discernesque,
1124 983 1338 1094 quomodo
1366 1010 1444 1097 ego
1471 979 1570 1069 illud
1599 987 1660 1071 di·
1713 972 1721 997 ‘
1834 1036 1837 1041 ·

213 1097 347 1193 scerno
372 1102 413 1183 dc
428 1095 560 1203 judico
576 1099 682 1200 juxta
710 1100 765 1178 rei
798 1097 838 1177 ur
862 1095 1031 1178 bominis
1061 1094 1351 1186 conditionemr
1379 1102 1420 1180 dc
1446 1104 1550 1205 cuijus
1564 1125 1659 1193 ¹cip.

214 1213 293 1298 sam
324 1238 401 1327 ego
432 1208 656 1317 judicavero
685 1210 901 1320 graviorem
913 1262 928 1304 ,
962 1209 1056 1293 huic
1071 1230 1116 1295 tu
1135 1234 1228 1292 meo
1251 1213 1413 1295 nomine
1440 1211 1571 1295 durius
1594 1222 1682 1299 re·'

213 1321 440 1436 spondebis,
466 1327 506 1407 dc
534 1321 557 1406 ὲ
584 1318 735 1406 diuerso
761 1347 836 1431 pio
857 1314 1069 1407 levioribus
1091 1319 1208 1407 caiifis
1235 1317 1413 1408 blandius
1438 1320 1682 1436 responsum·

213 1438 337 1523 dabis.
402 1441 602 1532 Praeterea,
626 1438 855 1547 quicunque
882 1435 1038 1534 tristitia,
1066 1434 1314 1548 pressuiaque
1343 1431 1472 1550 aliqua
1495 1434 1655 1524 affectui

212 1547 408 1637 humiliter
434 1545 673 1660 simplicique
701 1550 860 1632 veritate
878 1551 919 1630 iii
946 1546 1073 1631 verbis
1096 1552 1171 1632 tuit
1197 1542 1395 1633 consilium
1423 1574 1490 1636 aut
1519 1547 1656 1637 conso·
1747 1618 1751 1623 .

213 1661 400 1750 lationem
433 1660 641 1774 quesierit,
679 1658 871 1745 desiderio
891 1657 967 1759 suo
998 1686 1198 1773 nunquam
1235 1658 1483 1749 frustrabitur.
1565 1671 1658 1751 llaec

213 1775 525 2003 {uultui
542 1775 1016 2000 ‘installatus‘
1025 1798 1089 1971 l?
1101 1773 1657 1975 nllzlil¹lltllblf

215 2029 315 2091 trum
350 1997 566 2087 volentium
595 1999 769 2085 dividere
797 1998 1079 2098 hereditatem,
1115 2026 1183 2084 cur
1211 2000 1362 2085 donum
1392 2002 1590 2108 judicandi
1616 2007 1657 2089 iii

217 2122 325 2203 omni
342 2119 504 2229 negotio
528 2113 713 2200 tribueret
737 2108 876 2199 alteri?
912 2113 1006 2211 Sed,
1030 2138 1074 2197 ut
1097 2113 1257 2213 dictum,
1280 2110 1477 2226 generales
1494 2121 1659 2228 promis·
1748 2166 1766 2177 -

215 2230 338 2318 fiones
367 2232 456 2311 DEI
483 2224 630 2338 semper
656 2233 698 2311 in
725 2230 956 2312 executione
990 2224 1211 2338 supponunt
1232 2227 1479 2314 conditiones
1516 2231 1660 2315 decen·

216 2346 482 2545 teeffffiubisi
535 2343 627 2427 binc
651 2345 695 2427 iii
731 2343 972 2429 executione
993 2337 1286 2455 promiffiooum
1319 2369 1405 2427 non
1443 2344 1658 2431 timeriduiii

375 2485 419 2542 ur
449 2483 526 2541 uni.

334 2685 402 2769 Vl
458 2685 502 2768 L.
532 2710 568 2768 i.
590 2685 636 2765 C.
667 2707 733 2783 15.
791 2679 900 2765 Dum
929 2678 1144 2765 Gertrudes
1173 2706 1247 2791 pro
1280 2677 1351 2765 ibi
1377 2679 1661 2769 commendarit

220 2817 373 2894 oraret,
402 2797 481 2879 hoc
508 2793 737 2895 ilboiiiino
764 2798 939 2907 accipere
966 2799 1104 2879 meruit
1132 2789 1386 2904 responsum.»
1433 2795 1661 2906 Quomodo

218 2908 314 2995 olim
339 2905 530 3022 sublege,
560 2913 787 3022 quicunque
812 2934 932 3007 corpu
955 2903 1081 2992 altaris
1104 2906 1441 3019 apprehendebat,
1465 2936 1602 3021 pacem
1619 2913 1660 2993 dt

218 3028 498 3113 immunitatem
524 3019 562 3108 se
592 3022 788 3135 gaudebat
808 3016 1013 3117 invenisse,
1034 3019 1084 3106 fic
1101 3021 1250 3118 modo,
1271 3025 1497 3136 quicunque
1522 3017 1564 3106 se·
1585 3027 1661 3108 tuit

218 3136 460 3235 orationibus
482 3135 660 3219 fiduciam
689 3133 834 3219 habens
863 3135 1214 3233 commendaverit,
1234 3160 1314 3246 per
1342 3139 1502 3248 gratiam
1532 3160 1661 3220 nicam

219 3245 342 3337 salvus
363 3254 447 3337 erit.
536 3248 852 3334 confirmabatur
877 3252 987 3353 liujus
1016 3244 1270 3359 promisionis
1293 3254 1430 3332 veritas
1462 3250 1579 3333 etiam
1610 3275 1659 3333 ex

218 3366 441 3451 testimonio
455 3363 650 3448 Dominae
678 3355 898 3445 Mechtildis
924 3366 1112 3459 cantricis,
1141 3365 1204 3445 cui
1230 3388 1304 3472 pro
1335 3360 1660 3449 Geitrudeoran·

218 3482 250 3562 ti
276 3471 465 3577 ostensum
506 3478 560 3559 est
595 3502 663 3561 cor
696 3474 870 3580 ejusdem
894 3478 934 3558 in
965 3466 1250 3559 similitudinem
1282 3471 1474 3559 firmissimi
1517 3479 1662 3587 pontit,

219 3584 491 3702 intellexitque
519 3590 734 3673 Dominum
765 3585 834 3672 sibi
867 3587 1073 3675 dicentem.
1155 3592 1397 3701 Quicunque
1424 3587 1476 3675 ad
1504 3616 1569 3675 me
1591 3616 1661 3701 pet

221 3704 324 3786 hunc
349 3726 513 3814 pontem
547 3726 736 3787 conantur
760 3705 906 3799 venire,
931 3725 1131 3814 nunquam
1154 3702 1294 3789 cadere
1320 3696 1477 3810 pollunt
1494 3727 1561 3787 tiit
1579 3697 1671 3789 hal-.-

221 3810 389 3900 lucinari.
475 3820 567 3899 Haec
603 3813 800 3926 promissio
840 3813 994 3899 videtur
1033 3812 1147 3899 'valde
1183 3811 1423 3925 periculosi,
1456 3821 1551 3927 quia
1591 3838 1665 3899 nec

226 3929 399 4014 Christus
426 3926 560 4011 habuit
575 3931 654 4011 hoc
671 3922 927 4039 privilegium,
951 3951 1016 4025 ut,
1039 3931 1109 4041 qui
1126 3923 1164 4014 se
1180 3922 1236 4011 illi
1260 3923 1376 4012 leniel
1395 3927 1664 4014 commendat·

321 4040 382 4130 D.
397 4040 512 4128 uA.
530 4038 574 4127 de
587 4037 763 4130 Revelal.
787 4040 891 4128 Pars
910 4040 965 4128 ll.
1157 4044 1197 4127 0
1597 4033 1665 4144 set,
