3796 4994
119 239 124 249 ι
213 290 318 427 276
532 348 535 355 ·
614 226 888 417 Regalalum
923 283 1250 382 Summanum.

326 488 484 610 Regula.
520 515 586 586 19·
643 488 754 573 Idem
777 487 989 573 dicendum
1013 484 1065 570 cle
1079 482 1380 573 revelationibus
1405 479 1672 599 personarum,

211 637 302 727 quae
334 616 415 715 iam
447 601 539 691 alias
565 603 908 717 deprehenduntur
943 597 1052 689 fraille
1090 597 1204 689 illusae
1235 600 1259 686 ai
1294 601 1496 687 doemone.
1567 604 1671 690 lbid.

213 728 310 839 Reg.
341 751 409 807 ιο.
747 771 753 778 -

255 906 262 921 „
327 831 485 951 Regula.
518 858 584 917 ao.
638 832 755 1032 Rem
784 832 994 917 dicendum
1019 833 1074 929 de
1097 826 1416 930 revelationibus,
1440 831 1584 942 quibus
1611 838 1670 916 in·

214 952 432 1039 traducitur
453 974 581 1031 novus
597 975 635 1029 m
657 1036 661 1045 ,
698 975 740 1032 us
762 953 933 1055 vivendi,
957 977 1040 1034 non
1062 944 1264 1033 consuetus
1282 944 1519 1031 observarii
1541 976 1672 1061 popu-

217 1064 263 1153 lo
289 1060 387 1150 Dei.¹
439 1063 611 1173 leeg.
638 1091 703 1147 η.

247 1290 250 1295 ,
334 1194 491 1316 Regula.
523 1227 592 1283 ar.
644 1190 915 1282 Revelationes
935 1193 999 1279 'de
1023 1191 1159 1279 futuris
1195 1192 1397 1278 eventibus
1418 1190 1670 1306 amphibolo-

219 1315 340 1427 gicae,
371 1339 502 1425 neque
531 1310 672 1396 vestirae
701 1309 978 1394 circumstantiai
1015 1306 1145 1423 aliqui
1176 1308 1469 1395 charaeienstr'ci
1495 1311 1675 1420 persona·

220 1455 322 1525 rum,
332 1423 395 1510 vel
415 1422 683 1523 locorumaut
698 1449 934 1536 temporum,
951 1423 1189 1534 probabil'us
1208 1423 1291 1506 lunt
1306 1419 1412 1508 falsa.
1470 1426 1527 1506 lb.
1542 1426 1584 1507 R.
1603 1442 1669 1509 26.

221 1544 336 1627 Ratio
368 1542 442 1639 est,
474 1545 570 1655 quia
596 1544 764 1625 veritatis
795 1541 992 1651 praedieiio
1023 1539 1143 1621 deber
1167 1535 1241 1620 elle
1260 1539 1514 1621 determinata
1543 1535 1673 1625 saltem

144 1718 151 1731 .
219 1682 292 1769 per
314 1652 485 1769 aliquam
509 1656 851 1750 circumstantiam,
878 1654 1029 1737 adhoc
1055 1678 1096 1735 ur
1120 1653 1164 1737 sit
1185 1655 1367 1849 prudens.
1425 1656 1489 1737 Sic
1514 1659 1551 1736 δι
1580 1684 1675 1764 prae·

223 1768 416 1875 dieiiones
445 1771 725 1884 prophetarum
750 1798 832 1854 non
860 1794 967 1852 erant
995 1767 1183 1881 amphibo
1201 1771 1343 1879 ogicae,
1368 1770 1459 1881 quia
1485 1777 1675 1880 exprime·

222 1884 320 1969 bant
337 1881 504 1999 aliquam
530 1882 865 1982 circumstamiam,‘
886 1878 955 1967 suo
981 1909 1160 1994 tempore
1181 1886 1406 1981 carituram,
1436 1911 1483 1967 ex
1504 1891 1610 1986 cuius
1636 1913 1675 1969 e-

151 1990 160 2007 *
223 2001 398 2085 xistentia
424 2019 580 2110 poterat
606 1998 697 2082 dein
719 1995 878 2082 formari
903 2022 1170 2105 argumentum
1197 1996 1248 2078 de
1274 2024 1427 2080 eventu.
1506 2001 1675 2083 Econtra

224 2110 381 2200 oracula
411 2117 642 2198 doemonum
675 2108 771 2223 sape
795 2137 930 2225 prater
962 2112 1253 2222 ambiguitatem
1282 2111 1492 2196 verborum
1530 2111 1674 2196 nullam

223 2229 483 2313 determinant
506 2227 822 2309 circumstantiam
846 2221 1147 2338 cognoscibilem
1169 2227 1190 2308 i
1215 2225 1352 2323 nobis,
1384 2229 1488 2311 unde
1515 2224 1675 2313 formari

123 2402 126 2413 ·
223 2348 375 2459 poterit
392 2364 660 2542 argulrprntum
678 2338 736 2424 de
752 2365 906 2426 eventu.
963 2343 1027 2425 Sic
1049 2335 1167 2425 illud:
1192 2335 1298 2440 llis,
1328 2336 1465 2427 redibis
1490 2371 1567 2430 non
1598 2371 1674 2428 mo·

208 2460 338 2551 ,neris
366 2460 407 2543 in
441 2456 485 2544 ie
514 2486 553 2543 a.

213 2606 216 2611 ’
242 2560 265 2601 f
334 2586 491 2705 Regula.
521 2619 585 2672 aa.
642 2583 914 2673 Revelariones
933 2593 1032 2673 circa
1047 2590 1277 2702 quaestiones
1297 2583 1572 2687 indifferentes,
1591 2593 1676 2703 pbi-

226 2698 462 2815 losophic'as,
486 2698 762 2814 Theologicas,
785 2728 851 2787 aut
871 2706 1091 2802 Historicas,
1114 2709 1211 2788 inter
1233 2707 1431 2788 Duriores
1450 2731 1676 2789 controver-

226 2824 297 2920 ras,
319 2815 556 2931 probabilius
583 2815 667 2901 sunt
685 2813 793 2900 falsa.
853 2820 958 2929 Quia
980 2820 1091 2902 Deus
1116 2847 1199 2902 non
1224 2815 1321 2902 solet
1347 2818 1484 2902 servire
1523 2820 1678 2904 'curiosi-

226 2937 297 3021 tati
316 2935 520 3016 hominum
536 2937 635 3015 circa
653 2936 828 3016 materias
848 2933 901 3018 acl
916 2929 1064 3019 cultum
1081 2930 1189 3019 suum
1208 2960 1253 3017 ac
1271 2930 1513 3047 Religionem
1536 2938 1678 3048 imper·

86 3168 88 3175 y
120 3074 123 3079 “
225 3051 405 3134 timentes.
462 3047 519 3131 lb.
536 3051 583 3130 R.
606 3074 674 3145 27.

341 3174 498 3296 Regula.
529 3205 595 3279 ²3·
655 3172 927 3262 Revelariones
975 3175 1206 3290 multiplices
1244 3183 1285 3263 in
1328 3181 1465 3263 eadem
1502 3173 1678 3288 persona,

226 3292 428 3410 praelerrim
452 3300 623 3405 repetitae
651 3298 748 3376 circa
783 3294 944 3375 eandem
975 3301 1200 3390 veritatem,
1221 3291 1460 3406 probabilius
1484 3296 1568 3377 lunt
1593 3323 1679 3405 per·

219 3416 355 3499 ,mixtae
381 3405 490 3493 fallis.
548 3409 663 3490 llario
691 3412 758 3502 est,
781 3411 872 3519 quia
891 3409 1001 3492 Deus
1022 3439 1105 3499 non
1127 3406 1224 3493 solet
1245 3412 1348 3492 idem
1371 3421 1577 3520 repetere,
1605 3435 1678 3492 nec

226 3518 482 3634 multiplicare
505 3516 686 3627 miracula
707 3522 784 3604 fine
804 3520 1031 3610 nece-ffirate,¹
1088 3524 1144 3606 lb.
1165 3525 1209 3606 R.
1236 3551 1300 3630 3¹·
1324 3526 1417 3608 llus.
1432 3523 1476 3611 ll.
1501 3554 1538 3608 2.

268 3686 272 3692 ’
340 3648 497 3770 Regula.
527 3683 608 3755 24·
651 3644 936 3753 Revelationes,
955 3682 1042 3766 quae
1056 3653 1243 3736 recedunt
1265 3653 1286 3738 ai
1307 3643 1498 3766 principiis
1519 3656 1557 3733 ἃ
1583 3680 1680 3737 con-

227 3764 340 3857 suetis
365 3767 494 3853 modis
513 3770 651 3851 divinae
684 3764 873 3877 sapientia
887 3829 900 3868 ‚
923 3763 1166 3878 probabilius
1190 3762 1274 3850 sunt
1298 3762 1405 3852 fallar.
1463 3774 1580 3851 Ratio
1611 3773 1677 3867 est,

225 3888 321 3999 qiria
338 3888 446 3969 Deus
462 3877 559 3968 lolet
580 3880 744 3969 insistere
766 3879 914 3995 semper
932 3883 1069 3968 iisdem
1092 3885 1284 3995 principiis
1304 3889 1341 3966 δι
1365 3887 1510 3973 modis.
1561 3880 1680 3968 Gerl.

224 4000 319 4114 Reg.
345 4026 380 4102 5.

1345 4256 1356 4271 ‘
1518 4222 1643 4347 Regni
1667 4293 1676 4313 .
