3796 4994
226 312 327 416 226
404 446 408 453 r
529 318 633 446 neg.
658 304 807 410 Prail.
832 343 890 408 ex
916 316 960 410 S.
978 314 1122 449 Joan.
1144 310 1199 410 de
1221 312 1393 474 Crater.⁸

222 545 304 604 rem
340 509 626 601 illustrationem
662 514 870 616 conserte,
910 515 1031 630 quim
1068 510 1149 631 illl.
1236 520 1382 599 Verum
1411 514 1579 628 quidem

221 630 336 744 quod
359 633 399 712 in
416 622 667 712 illustratione
686 633 738 715 ad
767 635 941 715 veritates
967 625 1048 712 illas
1080 623 1278 740 generales
1309 630 1419 712 Deus
1441 635 1579 714 anima

224 745 340 856 quod
363 736 494 825 lumen
513 739 703 841 conferat,
722 750 763 826 ἃ
787 742 903 855 quod
923 739 1137 856 aliquando
1169 751 1208 824 in
1239 744 1319 825 boc
1349 736 1499 827 lumine
1532 769 1596 828 um

222 860 334 955 duas,
354 879 483 938 tresve
513 859 691 939 veritates
715 863 872 968 aperiat,
892 854 958 940 sed
977 854 1106 939 lumen
1133 850 1230 938 illud
1247 861 1287 938 in
1313 859 1373 936 via
1393 853 1488 938 fidei
1500 860 1596 967 este

221 968 372 1063 feciius,
399 963 625 1080 generalius,
644 975 682 1051 δι
706 965 919 1080 fimplicius.
976 977 1080 1053 Hinc
1100 967 1125 1051 fi
1145 974 1270 1051 anima
1287 973 1327 1050 in
1351 964 1425 1050 illis
1443 973 1595 1053 veritati

222 1080 261 1168 se
289 1077 428 1165 affectu
454 1084 602 1164 detinet
625 1084 766 1195 coipsb
791 1091 866 1189 jam
888 1083 957 1167 fibi
977 1108 1107 1177 nocet,
1130 1085 1224 1165 dum
1243 1083 1464 1167 estimando
1484 1083 1527 1166 id
1551 1111 1596 1196 qr

223 1200 276 1283 cll
297 1191 428 1291 vilius,
452 1188 537 1277 finit
565 1192 611 1278 se
628 1197 806 1308 impediri
833 1195 857 1281 ὲ
891 1196 1195 1308 perfectioribus.
1254 1194 1516 1291 Cavendum,
1545 1223 1596 1285 ne

222 1309 413 1418 ejusmodi
442 1302 743 1394 allocutionibus
774 1314 931 1394 internis
961 1313 1148 1394 ordinatis
1184 1336 1254 1421 per
1287 1309 1450 1392 modum
1479 1305 1596 1393 discut

196 1472 200 1479 ·
223 1451 271 1507 ex
290 1424 461 1505 instituto
480 1424 701 1505 intendatur
724 1421 957 1511 intellectum
985 1451 1072 1506 nam
1097 1422 1125 1506 sr
1151 1427 1190 1504 in
1213 1421 1403 1526 ejusmodi
1426 1429 1596 1532 operati<

221 1538 295 1620 bus
327 1535 465 1617 divinis
500 1532 866 1645 supernaturalibus,
897 1538 1107 1651 inquibus
1138 1541 1264 1639 anima
1297 1532 1334 1619 sc
1363 1536 1512 1618 tantum
1548 1537 1596 1619 lta

219 1646 373 1762 passive,
398 1643 558 1731 facultas
581 1654 703 1731 atiiva
732 1647 945 1734 intellcclirs
983 1675 1049 1734 aut
1074 1645 1225 1732 alterius
1252 1655 1437 1760 potentie
1467 1652 1596 1734 anima

220 1766 417 1874 adjungat,
447 1767 649 1873 contingit,
671 1764 784 1876 quod
809 1769 935 1848 anima
954 1791 1017 1847 cas
1036 1767 1281 1872 operationes
1310 1762 1460 1845 divinas
1485 1758 1596 1847 sunu

223 1877 279 1958 do
306 1877 593 1972 accommodet,
619 1881 788 1973 minuat,
814 1874 945 1990 licque
967 1882 1156 1959 immutet.
1210 1877 1274 1957 Sic
1308 1899 1438 1959 autem
1468 1877 1596 1959 anima

223 2013 396 2096 exponet
421 1988 620 2071 manifesto
649 1987 823 2098 periculo
862 1996 1020 2088 erroris,
1049 1995 1087 2070 δι
1117 2016 1189 2096 pro
1217 1989 1345 2092 judieii
1373 1995 1519 2100 proprii
1544 1989 1597 2072 bc

95 2160 98 2164 -
222 2100 366 2212 placito
390 2127 604 2210 componet
625 2108 744 2184 varias
771 2108 1094 2199 ratiocinationes,
1123 2103 1235 2213 quod
1255 2125 1380 2183 totum
1409 2106 1485 2203 jam
1505 2128 1590 2186 non

222 2210 383 2323 amplius
409 2211 561 2329 aliquid
574 2211 875 2323 supernaturale,
901 2242 968 2299 aut
996 2211 1144 2328 aliquid
1164 2219 1218 2304 rei
1235 2211 1507 2324 supernaturali
1530 2215 1596 2301 suu

220 2327 286 2412 sed
312 2322 425 2409 valde
453 2324 622 2410 naturale
651 2333 689 2409 δι
717 2324 806 2411 vile.
892 2331 1148 2439 Reperiuntur
1174 2351 1305 2410 tamen
1341 2352 1419 2410 tam
1447 2333 1596 2413 vivacia

222 2465 333 2526 acuta
354 2444 521 2553 ingenia,
547 2469 646 2553 qua,
664 2440 757 2523 dum
776 2467 913 2525 vacant
935 2437 1201 2526 recolleciioni
1216 2435 1572 2550 contemplationis,

221 2551 404 2651 ruraliter,
425 2556 635 2664 modoque
649 2550 832 2638 facillimo
852 2580 1056 2639 excurrunt
1083 2558 1122 2636 in
1158 2557 1285 2635 varios
1315 2552 1524 2652 discursus,
1562 2582 1596 2669 qi

219 2666 454 2779 proponunt
468 2667 595 2749 verbis
612 2672 779 2766 internis,
801 2673 838 2750 δι
863 2668 1189 2752 raticinationibus
1208 2665 1435 2762 acutiffimts,
1452 2671 1506 2748 ira
1528 2690 1596 2753 ut<

221 2783 329 2873 dant,
358 2808 404 2862 ea
432 2781 501 2863 fibi
530 2781 607 2862 dici
634 2781 656 2865 a
684 2783 807 2878 Deo,
844 2808 930 2865 cum
973 2806 1103 2863 tamen
1131 2805 1177 2862 ea
1207 2779 1338 2862 omnia
1363 2807 1444 2861 non
1474 2781 1596 2866 cxced

219 2889 440 2979 facultatem
457 2890 668 2977 naturalem
681 2889 901 2978 intellecirls
916 2922 995 3007 ope
1007 2891 1161 2976 luminis
1179 2887 1359 2976 naturalis
1380 2893 1515 2994 adjuti,
1570 2922 1596 2979 u

220 3009 277 3091 do
299 3004 529 3119 relinquitur
552 3007 621 3090 libi
647 3004 747 3090 liber
773 3008 822 3090 ab
854 3008 1145 3118 operationibus
1175 3001 1372 3102 sensuum,
1402 3032 1477 3089 nec
1505 2920 1591 3092 ullo

217 3121 297 3205 hoc
324 3122 496 3235 indigeat
523 3116 671 3202 lumine
704 3117 986 3232 supernaturali.
1064 3116 1181 3203 Multi
1213 3123 1253 3199 in
1286 3121 1366 3203 hoc
1407 3119 1596 3232 decipiunt

219 3228 475 3319 existimantes
493 3231 632 3317 idelse.
657 3239 924 3344 operationem
948 3236 1116 3316 divinam
1139 3257 1327 3341 magnam.
1386 3238 1488 3316 Hinc
1518 3261 1596 3343 orni

220 3376 309 3459 qua
331 3352 434 3429 incus
453 3351 494 3429 in
521 3353 653 3431 animo
679 3350 926 3459 contingunt,
946 3347 1123 3440 scribunt,
1152 3370 1219 3427 aut
1244 3371 1378 3429 curant
1404 3347 1455 3426 ab
1476 3341 1596 3432 aliiss

216 3460 271 3558 bi,
289 3461 375 3543 ctlm
395 3463 527 3544 omnia
548 3485 676 3543 tamen
700 3486 783 3542 non
810 3461 863 3542 ad
888 3465 1067 3543 virtutem
1090 3453 1250 3540 solidam
1275 3454 1450 3558 serviant,
1474 3457 1544 3543 sed
1571 3489 1596 3573 p

218 3573 295 3656 cisi
315 3570 386 3657 fint
408 3570 625 3656 fomentum
647 3574 833 3656 vanitatis.
890 3577 981 3656 Nec
1006 3570 1129 3656 solium
1156 3574 1255 3654 ratio
1281 3575 1322 3654 in
1344 3575 1423 3655 hoc
1444 3599 1591 3684 genere

216 3689 461 3770 locutionum
480 3690 711 3768 internamm
731 3683 769 3768 se
796 3684 1000 3780 immiscet,
1023 3683 1088 3768 led
1112 3689 1226 3768 etiam
1254 3684 1443 3782 doemon,
1461 3683 1596 3796 praeser

215 3800 319 3910 apud
343 3825 405 3880 eas
425 3798 629 3908 personas,
657 3804 744 3910 qua
762 3825 902 3911 gerunt
927 3791 1194 3883 affcciumaut
1219 3799 1522 3908 propensionem
1547 3803 1596 3884 ad

212 3907 267 3995 las
291 3907 572 4003 allocutioness
611 3938 698 3993 nam
725 3939 776 3995 eo
799 3938 1001 4025 tempore„
1016 3940 1100 4026 quo
1126 3909 1220 3996 tales
1246 3909 1418 4020 personat
1435 3909 1474 3995 se
1501 3920 1596 3999 intus

213 4030 344 4111 animo
367 4022 491 4110 solent
514 4018 754 4138 recolligere,
781 4026 948 4113 doemon
963 4020 1037 4111 illis
1064 4029 1203 4139 ingerit
1232 4027 1432 4139 ingentem
1461 4035 1596 4113 mareri

1486 4216 1491 4225 .
1523 4139 1596 4229 disc

1259 4370 1263 4379 ι
