3796 4994
162 318 236 434 ”3
252 297 319 433 36
468 310 473 390 ἶ
567 256 771 420 anelli.
793 304 846 407 de
868 304 1061 445 Agreda.
1091 310 1218 408 Pars.
1239 307 1342 404 ll·
1670 446 1681 457 ἱ

329 514 426 622 ⁶443
466 510 511 598 In
534 514 643 602 aditu
667 519 834 630 AEgypti
858 516 1033 602 Christus
1054 511 1275 601 elevatisin
1298 501 1445 594 coelunt
1472 496 1606 594 oculis
1632 511 1677 607 '9-

54 606 58 613 '
213 622 326 713 tabat
347 655 421 739 pro
440 625 558 715 salute
582 636 889 747 AEgyptioruma
919 656 1012 716 tunc
1036 627 1122 714 usus
1150 632 1202 712 est
1223 625 1286 711 sua
1310 625 1441 710 divina
1467 626 1679 739 potestate,

217 746 259 827 dt
277 741 372 848 julsrt
398 743 623 844 doemones,
650 751 721 860 qui
742 771 852 832 etant
867 750 908 830 in
934 743 1066 840 idolis,
1091 740 1271 828 secedere
1293 746 1332 825 in
1354 767 1520 831 orcumt
1549 745 1590 824 δι
1615 741 1683 827 ut·

216 863 288 943 tim
309 859 422 942 instar
439 854 609 944 fulminis
629 864 853 975 praecipitati
874 864 960 948 sunt
986 865 1025 945 in
1049 856 1259 944 infernum.
1316 856 1474 941 Eodem
1497 879 1680 970 tempore

218 997 364 1085 magno
383 970 553 1060 tumultu
574 982 740 1062 contrita
758 972 841 1061 sunt
858 977 981 1075 idola,
1000 970 1161 1086 templa,
1180 977 1220 1056 δι
1248 967 1394 1058 altaria.
1452 972 1709 1076 Daemones.
1735 1054 1742 1091 ,

220 1108 353 1172 tamen
369 1114 454 1175 non
471 1115 717 1207 agnoverunt
730 1094 851 1200 :hujus
871 1116 1031 1179 eventus
1054 1085 1214 1189 causam,
1235 1113 1301 1174 aut
1318 1085 1428 1172 unde
1445 1113 1494 1172 ea
1513 1092 1684 1211 vispro·

21 1194 25 1203 '
219 1204 383 1289 venerit.

123 1413 127 1421 ,
341 1330 439 1423 645.
472 1325 654 1437 Pdgyptii
677 1318 965 1408 admirabantur
994 1321 1063 1405 has
1090 1322 1297 1404 novitates.
1363 1319 1471 1405 Nam
1505 1318 1689 1436 quamvis

214 1454 275 1517 -ex
292 1432 343 1517 ed
362 1460 557 1549 tempore,
572 1452 659 1555 quo
680 1441 869 1542 Jeremias
895 1433 967 1521 fuit
984 1440 1024 1520 in
1043 1439 1238 1549 aegypto,
1257 1437 1359 1518 inter
1375 1436 1589 1546 Sapientes
1605 1431 1688 1519 sue·

224 1548 276 1631 tit
295 1549 469 1649 traditio,
486 1576 692 1639 venturum
713 1546 930 1667 aliquando
949 1558 1100 1665 Regem
1120 1551 1361 1652 Judaeotum,
1377 1552 1449 1662 qui
1472 1549 1690 1634 destrueret

226 1659 339 1777 idola
354 1671 535 1782 AEgypti,
559 1663 779 1753 nesciebant
795 1693 941 1765 tamen,
959 1695 1050 1751 eum
1074 1672 1259 1773 tuncjam
1281 1658 1491 1761 advenisse.
1549 1667 1689 1780 ltaque

210 1798 354 1866 vterror
378 1789 418 1864 dt
442 1783 683 1896 perturbatio
706 1809 786 1870 erat
807 1778 1044 1871 universalist
1072 1777 1238 1895 quilibet
1258 1778 1524 1893 interrogabat
1544 1778 1601 1877 de
1620 1783 1690 1891 bac

227 1917 271 1979 re
290 1890 467 1985 alterum.
535 1893 675 2014 Aliqui
696 1899 907 1985 veniebant
931 1904 1046 1996 etiarn
1069 1895 1119 1981 ad
1139 1900 1301 1982 Mariam
1325 1902 1364 1980 dc
1388 1891 1624 2010 Josephum,
1652 1901 1689 1980 dc
1721 1980 1730 1992 ,

230 2014 438 2098 narrabant
472 2008 546 2098 illis
581 2019 778 2099 interitum
814 2010 969 2100 suorum
1011 2015 1251 2128 templorum
1293 2018 1332 2096 &
1362 2007 1601 2103 idolorumt
1642 2039 1692 2100 cx

82 2221 85 2227 ,
229 2149 318 2241 quo
338 2134 380 2214 B.
397 2131 522 2240 Virgo
548 2123 701 2240 sumpfit
729 2129 973 2215 occasionem
1005 2157 1074 2214 eos
1094 2128 1305 2214 instruendi
1328 2128 1380 2212 de
1402 2155 1502 2212 vero
1524 2129 1638 2215 Deo.

196 2250 203 2261 '
354 2258 451 2347 646.
479 2242 588 2329 Cum
608 2249 650 2327 B.
670 2248 720 2330 V.
751 2241 867 2328 fuerit
891 2245 1006 2331 valde
1027 2271 1182 2330 amoena
1204 2249 1243 2328 δι
1267 2240 1415 2357 sapiens
1443 2238 1585 2331 insuit
1610 2238 1690 2330 col·

164 2404 166 2408 ·
188 2454 190 2459 y
232 2349 395 2470 loquis,
412 2356 507 2445 ideo
524 2357 643 2443 fiebat
660 2358 712 2444 de
728 2356 793 2447 illa
812 2359 942 2474 palsrm
964 2356 1111 2459 sermo,
1137 2364 1177 2443 &
1202 2358 1271 2444 ubi
1293 2360 1473 2472 advenit,
1495 2363 1692 2446 concurrit

235 2497 377 2586 magna
394 2468 621 2573 multitudo,
645 2481 725 2583 eius
743 2476 928 2564 videnda
959 2473 1086 2562 causd.
1143 2482 1341 2588 operante
1360 2479 1478 2560 etiam
1499 2480 1542 2560 in
1562 2479 1694 2562 animis

128 2640 132 2657 ι
235 2590 476 2674 audiemium
492 2592 631 2676 Verbo
651 2588 762 2678 multi
780 2593 1106 2680 convertebantur
1121 2591 1173 2675 ad
1193 2617 1326 2676 verum
1346 2596 1490 2676 Deum.
1548 2593 1693 2696 JESUS

163 2716 186 2753 -“
236 2706 279 2788 dt
304 2708 427 2789 Maria
452 2707 668 2819 pergebant
692 2711 732 2793 in
759 2713 870 2823 pagis
893 2713 976 2821 lug
1003 2711 1059 2822 pti
1092 2730 1244 2819 patrare
1269 2704 1391 2791 multa
1417 2703 1631 2807 miracula,
1656 2712 1708 2806 &4

237 2844 322 2903 non
343 2820 466 3016 lolpm
489 2826 626 2932 ejicere
648 2820 856 2910 doemones
875 2851 923 2910 ex
944 2738 1083 2925 itsblis,
1110 2818 1179 2908 sed
1200 2826 1315 2909 etiam
1334 2848 1383 2907 ex
1404 2824 1628 2925 animabus,
1657 2827 1693 2911 dc

238 2956 288 3019 co
337 2962 395 3019 un
426 2961 480 3019 us.

290 2961 333 3048 φ
358 3069 456 3155 ⁶47·
481 3053 664 3138 Pervenit
684 3046 974 3166 Hermopolim,
1002 3080 1088 3165 quae
1112 3050 1179 3140 sua
1198 3054 1252 3140 est
1272 3049 1421 3139 versum
1436 3052 1695 3152 Thebaidem,

239 3167 281 3250 dc
308 3160 400 3252 alias
417 3171 533 3263 etiam
553 3193 715 3254 vocatur
732 3168 824 3254 urbs
852 3173 1047 3257 Mercurii.
1129 3172 1175 3254 ln
1198 3196 1244 3257 ea
1274 3170 1372 3255 urbe
1398 3167 1552 3283 slabant
1580 3167 1696 3254 multa

238 3275 373 3380 idola,
409 3286 449 3367 δι
478 3307 661 3396 potentes
693 3284 916 3371 doemones.
980 3291 1091 3372 Unus
1117 3284 1258 3371 horum
1289 3289 1438 3371 eratin
1462 3284 1609 3372 arbone
1636 3284 1697 3372 stta

239 3394 294 3481 a'd
317 3400 516 3483 introitum
544 3399 664 3499 urbis,
695 3405 759 3486 cui
783 3400 1031 3487 deferebatur
1048 3427 1211 3515 magnus
1230 3396 1367 3486 cultus.
1426 3401 1608 3514 Quando
1631 3399 1694 3486 ad·

240 3515 407 3596 venitin
427 3516 596 3600 vicinum
619 3516 807 3616 Christus,
828 3543 910 3600 non
928 3512 1053 3604 solum
1077 3513 1178 3629 fugit
1204 3515 1386 3614 doemon,
1408 3514 1620 3602 sedetiam
1642 3543 1697 3601 ar·

221 3621 320 3723 bot
344 3620 383 3711 se
405 3622 601 3714 inclinavit
623 3657 667 3715 us
700 3655 750 3716 ue
775 3633 826 3717 ad
846 3656 997 3718 tertam.
1052 3636 1144 3715 Hoc
1163 3627 1414 3731 miraculum,
1445 3635 1564 3748 quod
1584 3632 1698 3719 arbo·

241 3766 303 3825 res
321 3735 359 3826 se
381 3736 647 3829 inclinaverint
667 3659 739 3831 suo
766 3750 973 3846 Creatori,
1007 3745 1171 3832 durante
1192 3751 1330 3832 itinere
1356 3744 1488 3860 saepius
1520 3752 1698 3862 contigit,

243 3851 313 3941 etst
329 3885 413 3942 non
435 3853 584 3975 semper
605 3858 721 3947 suerit
744 3886 987 3950 annotatum.
1041 3867 1134 3947 Hoc
1151 3862 1263 3960 vetd,
1279 3863 1394 3975 quod
1416 3868 1585 3979 contigit
1602 3870 1698 3951 Her·
1733 3930 1736 3945 .

243 3967 413 4105 mopoli,
429 3969 603 4088 pluribus
625 3969 766 4062 seculis
787 3977 931 4062 inhaesit
953 3983 1162 4076 memoriae,
1192 3982 1285 4092 quia
1305 3973 1401 4062 solia
1421 3983 1461 4064 dt
1487 3977 1637 4066 fruuus
1657 3976 1700 4064 il·

116 4103 119 4109 ’
242 4080 316 4174 ltus
336 4088 485 4178 arboris
502 4088 679 4179 sanarunt
693 4089 838 4179 multos
857 4093 1031 4181 morbos.
1091 4094 1156 4179 De
1174 4096 1254 4180 ltoc
1268 4090 1456 4181 miraculo
1477 4090 1701 4212 scripsemnt

1585 4207 1701 4327 aliqui
