3796 4994
512 318 846 454 Observationes
865 317 926 415 ad
941 286 1092 417 Reorl.
1111 318 1164 413 de
1182 322 1374 450 Agreda.
1557 272 1659 444 58¹7

760 525 1103 665 Conclufio

394 743 477 850 De
511 738 927 851 Revelationibus
963 737 1143 844 Mariae
1178 737 1240 848 de
1273 736 1482 882 Agreda.

296 939 543 1049 xhucusque
574 934 842 1021 demonstratis
868 932 919 1017 ad
948 936 1149 1019 minimum
1177 929 1361 1050 sequitur,
1384 933 1662 1028 Revelationet

325 1056 455 1139 Mariae
472 1051 525 1151 de
542 1051 699 1162 Agreda
717 1046 792 1133 esse
814 1047 965 1131 dubias.
990 1049 1140 1133 Exinde
1158 1074 1288 1133 aurem
1306 1051 1391 1137 duo
1405 1050 1546 1139 infero.
1580 1059 1661 1141 Pri·

214 1174 298 1268 mb,
321 1167 435 1282 quod
461 1165 666 1251 videantur
684 1152 796 1249 falsae.
849 1166 966 1245 Ratio
987 1164 1054 1261 est,
1076 1166 1169 1274 quia
1187 1166 1297 1250 Deus
1313 1169 1352 1249 in
1372 1166 1431 1250 his
1453 1165 1660 1254 revelatio-

212 1286 328 1372 nibus
350 1289 393 1366 P.
414 1312 448 1366 1.
464 1284 519 1365 N.
531 1310 568 1378 9·
586 1279 725 1362 dicitur
744 1271 980 1389 precepisse,
1001 1299 1043 1359 ut
1060 1275 1272 1365 habeantur
1294 1306 1370 1391 pro
1389 1289 1496 1367 certa
1512 1289 1662 1372 verita·

214 1409 265 1488 se.
314 1394 601 1482 Hocstverum
625 1390 729 1489 esset,
749 1385 1034 1502 praeordinasset
1054 1394 1191 1503 utique
1210 1394 1340 1477 media
1364 1399 1402 1478 dr
1423 1422 1661 1508 argumenta,

216 1511 425 1626 exquibus
447 1503 628 1621 potuisset
655 1505 869 1616 prudenter
893 1530 938 1588 ea
964 1507 1157 1589 certitudo
1183 1501 1349 1593 stabiliri.
1404 1512 1665 1622 Imprudentia

215 1629 318 1714 enim
340 1627 408 1721 est,
429 1627 584 1735 exigere
605 1615 787 1706 assensum
806 1643 967 1717 certum,
987 1623 1027 1701 δι
1055 1644 1137 1702 non
1154 1621 1366 1732 providere
1386 1623 1439 1706 de
1462 1650 1667 1736 tegumen.

215 1747 266 1828 tis
288 1745 411 1824 certis.
471 1742 577 1823 Cum
601 1764 697 1848 ergo
733 1763 817 1819 non
845 1735 1157 1846 praeordinaverit
1194 1759 1419 1847 argumenta
1450 1763 1578 1840 certa,
1599 1737 1665 1828 sed

218 1854 466 1942 consideratis
485 1851 668 1940 omnibus
687 1847 945 1935 revelationes
975 1843 1042 1931 reli
1077 1850 1173 1932 uerit
1193 1849 1232 1933 in
1257 1850 1353 1934 statu
1372 1851 1512 1948 dubio,
1530 1848 1665 1941 falsum

218 1970 387 2064 videtur,
412 1969 544 2051 Deum
564 1960 794 2077 praecepisse,
815 1988 858 2048 ut
880 1966 940 2046 hae
963 1875 1221 2048 revelationes
1237 1964 1453 2051 habeantur
1471 1994 1545 2079 pro
1564 1993 1666 2058 certa

170 2110 173 2114 ’
218 2086 391 2170 veritate.
448 2077 624 2166 Alterum
641 2082 787 2177 est‚has
804 2075 1058 2164 revelationes
1072 2077 1569 2192 eoipsoquodfintdubiae,
1584 2109 1667 2173 non

221 2195 296 2285 esse
313 2191 614 2312 promulgandas
633 2220 700 2279 aut
712 2190 1147 2307 permittendaspopulo
1162 2216 1205 2278 ut
1215 2194 1408 2281 indubias.
1464 2197 1580 2282 Ratio
1599 2201 1667 2302 est,
1769 2190 1777 2199 ’

221 2319 315 2426 quia
335 2338 416 2394 non
437 2315 491 2394 est
503 2309 762 2393 honorificum
786 2303 971 2406 Ecclesiae,
986 2306 1139 2419 pascere
1156 2304 1293 2393 fideles
1313 2310 1504 2419 ejusmodi
1522 2314 1667 2401 doetri-

223 2434 282 2509 nis
298 2420 541 2511 fallibilibuss
570 2450 643 2505 nec
665 2417 772 2506 saluti
792 2425 1001 2505 animarum
1023 2419 1297 2534 proficuum,st
1315 2423 1471 2537 pretioh
1483 2434 1671 2540 temporis

223 2536 411 2625 talentum
427 2531 622 2621 collocent
632 2541 671 2620 in
683 2536 919 2620 ruminandis
933 2538 1671 2655 principiisincettis,attentionenegle·

226 2663 286 2740 ola
303 2655 354 2738 ad
370 2655 549 2736 veritates
568 2646 841 2763 Evangelicas5
873 2644 1028 2763 aliaque
1055 2646 1276 2736 inconcussa
1298 2656 1452 2737 Panum
1470 2655 1669 2769 dogmata.

224 2769 405 2863 Accedit,
417 2767 529 2880 quod
544 2767 624 2850 hac
636 2766 756 2849 dubia
767 2769 962 2850 versentur
976 2769 1016 2848 in
1027 2792 1069 2850 re
1084 2769 1195 2849 nimis
1219 2771 1350 2880 magni
1375 2776 1580 2870 momenti,
1601 2773 1671 2858 ubi

226 2890 349 2995 agitur
363 2884 414 2964 de
426 2884 681 2964 innovatione
696 2883 736 2962 in
754 2883 910 2962 materia
929 2877 1021 2963 fidei
1040 2885 1078 2961 ἃ
1095 2907 1262 2978 morum,
1275 2907 1393 2993 prout
1409 2880 1599 2970 ostensum
1618 2889 1673 2973 est

226 2994 438 3106 Propos.4.
456 3023 488 3090 ς.
502 3009 592 3089 ms.
621 2998 662 3078 ln
675 3022 716 3077 re
726 3019 852 3076 tutem
864 3017 968 3076 tanta
981 2988 1154 3078 absolute
1168 3022 1367 3107 nunquam
1377 2999 1673 3106 periclitandum

229 3114 296 3210 est,
308 3112 400 3194 dum
411 3104 629 3194 adsalutem
643 3108 758 3194 nobis
771 3103 1519 3223 sufficiunt&abundantcerta,tutaquc
1530 3114 1673 3229 media.

230 3362 235 3377 ,
345 3285 492 3367 Verum
512 3280 593 3365 haec
609 3283 740 3363 omnia
756 3274 890 3390 scripta
912 3277 984 3364 fint
1010 3278 1156 3366 tannim
1177 3280 1308 3366 animd
1328 3279 1568 3373 difficultates
1589 3288 1675 3374 infi-

231 3399 400 3493 nuandi‚
432 3422 475 3479 ut
505 3398 573 3509 qui
596 3396 786 3501 ejusmodi
814 3388 1084 3479 Revelationes
1115 3391 1274 3509 legunt,
1292 3424 1358 3483 aut
1384 3404 1676 3507 commendant,

231 3515 334 3595 cauti
358 3510 441 3606 svnt,
459 3536 530 3592 nec
549 3510 732 3594 invehant
753 3515 793 3593 in
816 3533 963 3593 mentes
984 3506 1157 3594 fidelium
1182 3514 1398 3622 praejudicia
1419 3539 1509 3599 ante
1528 3511 1677 3601 senten·
1756 3535 1761 3544 '

232 3630 324 3712 uam
346 3628 559 3708 llomanam
583 3625 761 3732 Supremi
781 3625 950 3727 judicis,
975 3631 1078 3730 cujus
1099 3629 1137 3706 δι
1153 3625 1300 3730 judicio
1314 3629 1395 3712 haec
1415 3657 1502 3714 mea
1524 3627 1680 3747 aliaque

294 3743 426 3824 omnia
440 3740 587 3849 Scripta
602 3733 774 3844 subjicio.
828 3736 945 3848 lpsrus
962 3761 1091 3821 autem
1112 3743 1213 3824 Ven.
1234 3744 1364 3826 Maria
1377 3738 1509 3828 sanctis
1533 3773 1621 3832 mo·

399 3851 505 3939 tibus
527 3846 581 3938 nil
604 3852 831 3963 derogatum
853 3855 982 3961 cupio,
996 3879 1084 3934 cum
1103 3879 1177 3937 nec
1197 3850 1309 3939 sandi
1327 3851 1516 3946 alevibus

576 3961 687 4051 subin
705 3962 979 4163 defeaffig
1001 3961 1241 4165 isdtutfmmbus
1265 3971 1340 4057 im·

704 4257 771 4367 o.
815 4259 874 4367 n.
915 4260 993 4430 m.
1040 4259 1108 4369 o.
1152 4260 1217 4374 o.
