3796 4994
596 262 814 409 exempla
844 268 998 384 Revel.
1011 298 1018 307 '
1017 262 1329 421 probabihum}
1536 318 1551 429 ’δ
1626 305 1694 437 ’77
1794 440 1801 457 x

254 506 294 525 ··
382 517 465 595 ro.
501 480 771 596 Revelatio
801 494 879 600 'est
912 493 1213 634 probabilis,
1250 530 1364 642 quae
1398 501 1691 623 manifestat

158 648 162 663 ’
232 662 414 741 arcana
467 622 707 739 cordium
756 632 820 742 ad
881 641 1335 769 emendationem,
1392 675 1483 757 aut
1527 648 1688 769 finem
1832 720 1839 731 -

229 775 459 883 sanstum
494 774 665 882 alium
808 801 873 887 Sic
898 812 939 888 in
967 804 1044 886 vita
1072 801 1111 886 S.
1139 804 1303 891 Thomae
1327 802 1538 921 Aquiuaris
1566 817 1617 902 Ο
1646 839 1691 918 8.·

227 913 371 1032 legitur
391 920 471 1002 hoc
490 917 639 1002 modo:
676 916 784 1003 Cum
806 913 978 1031 Neapoli
999 913 1091 1002 eiiet
1120 922 1162 1004 in
1184 919 1327 1005 Choro
1339 976 1354 1020 ‚
1378 925 1473 1009 dum
1494 928 1688 1023 diceretur

226 1030 338 1123 Marsa
367 1033 628 1134 Conventus„
642 1036 839 1146 Portarius
868 1034 1023 1119 vocavit
1063 1027 1239 1146 aliquem
1265 1035 1424 1122 fratrem
1462 1039 1515 1127 de
1542 1047 1689 1151 Chora

227 1150 281 1235 ad
307 1172 476 1262 portam.
560 1149 641 1233 Cui
680 1176 768 1232 cum
798 1149 966 1233 donatus
993 1141 1086 1233 ciict
1111 1142 1308 1261 pastillus,
1337 1153 1545 1269 postquam
1573 1157 1688 1273 illum
1815 1204 1822 1209 ·

227 1272 267 1361 in
295 1257 393 1351 cella
421 1257 613 1374 deposuit,
642 1265 758 1349 rediit
784 1264 835 1349 ad
867 1263 1060 1350 Chorum.
1143 1262 1223 1347 Ubi
1248 1291 1337 1348 curn
1365 1294 1415 1352 co
1447 1275 1556 1360 'taret
1578 1304 1686 1392 quoe
1834 1324 1839 1381 .:

225 1380 355 1468 modo
375 1374 477 1464 solus
497 1372 687 1489 pastillum
715 1378 958 1479 comederet,
989 1383 1030 1462 dr
1057 1403 1140 1463 non
1162 1400 1360 1467 teneretur
1427 1387 1487 1470 ios
1504 1392 1685 1503 invitare,-
1724 1438 1727 1443 ·

176 1513 182 1522 ’
224 1502 382 1611 quietus
404 1495 606 1578 inChoro
629 1490 704 1576 effe
729 1521 811 1578 non
829 1518 1006 1605 poterat,
1037 1498 1129 1606 quia
1154 1487 1277 1606 ipsum
1303 1502 1470 1584 tentatio
1500 1532 1685 1624 perurge*

223 1611 307 1712 bat,
334 1615 438 1709 cujus
462 1609 743 1722 inquietudinis
773 1609 922 1694 causam
941 1612 981 1695 S.
999 1609 1173 1694 Thomas
1194 1609 1331 1694 videns
1355 1614 1398 1697 in
1420 1613 1571 1727 spiritu,
1595 1650 1684 1713 ten·

222 1751 349 1813 tatum
377 1720 536 1808 fratrem
563 1727 722 1811 vocavit
751 1724 801 1808 ad
829 1721 893 1823 se,
927 1729 968 1808 dr
996 1727 1033 1808 ei
1055 1723 1175 1808 dixit:
1217 1727 1372 1830 Frater,
1392 1733 1553 1820 attende
1579 1740 1683 1853 quid
1759 1758 1761 1763 ’

223 1846 398 1954 cogitant
440 1832 538 1921 illud
573 1837 626 1935 de
664 1865 749 1952 quo
776 1842 934 1925 tentaris
971 1864 1055 1923 non
1087 1831 1261 1950 impleas.
1345 1846 1428 1954 Qui
1456 1873 1545 1933 cunr
1573 1855 1715 1942 dicor'
1776 1935 1781 1943 .

223 1982 298 2055 tet,
320 1948 424 2039 nihil·
435 1949 541 2037 aliud
568 1957 718 2066 cogito,
745 1957 867 2068 quim
889 1956 1024 2039 audire
1041 1949 1218 2054 Miffam,
1244 1979 1333 2066 quac
1360 1959 1487 2046 modo
1514 1964 1679 2063 dicitura
1772 1992 1775 1997 ·

220 2072 406 2168 Mntster
424 2069 545 2152 dixit:
574 2070 652 2153 Dic
673 2070 780 2170 mihi,
801 2070 854 2154 ad
879 2068 978 2183 quid
997 2064 1098 2153 fuisti
1117 2067 1171 2152 de
1190 2069 1316 2154 choro
1339 2081 1536 2164 vocatur?
1565 2087 1680 2173 Tunc

221 2166 448 2273 eiierirtrn
478 2188 640 2268 narravit
666 2180 758 2269 frat
787 2180 948 2283 seriem,
985 2189 1026 2268 dr
1055 2186 1325 2275 tentationem·
1440 2194 1552 2279 Tunc
1583 2203 1680 2297 Ma·¹

222 2304 356 2418 gista,
375 2299 621 2402 doemonem,
647 2303 804 2413 inquit,
834 2300 916 2384 vidi
937 2325 1069 2395 coram
1092 2323 1134 2383 te
1157 2292 1384 2402 saltantem,
1406 2307 1679 2401 &ostendent

221 2440 303 2503 tem
319 2415 391 2502 tibi
410 2409 599 2527 pastillum
626 2439 751 2512 tuum,
775 2420 815 2498 δι
840 2441 948 2518 cave,
970 2442 1022 2506 ne
1039 2407 1143 2501 solua
1170 2415 1385 2521 comedas,
1409 2417 1478 2525 sed
1501 2419 1582 2515 aiis
1599 2425 1679 2518 frat

218 2533 342 2644 tribus
361 2559 410 2619 ex
429 2531 613 2617 charitate
635 2525 819 2643 dispensa.
892 2606 895 2612 .
1067 2619 1070 2623 ,
1663 2588 1667 2601 ·

221 2743 226 2751 ’
371 2801 450 2872 11.
506 2744 772 2872 Revelatio
817 2756 1095 2906 probabilis
1146 2762 1249 2885 est,
1295 2795 1420 2877 eum
1472 2805 1577 2916 qua
1617 2779 1677 2888 fi.

219 2905 333 3016 mul
375 2906 658 3015 infunditur
706 2907 913 3043 habitus
964 2906 1202 3014 constans
1230 3030 1236 3039 ,
1264 2911 1475 3023 scientia:
1528 2924 1680 3034 sactae

155 3149 162 3165 ,
217 3040 434 3158 homini·
465 3052 582 3160 alias
629 3048 693 3158 ad
737 3086 821 3159 eas
855 3046 1089 3158 'scientias
1124 3049 1389 3177 inidoneo,
1426 3062 1516 3168 aut'
1556 3099 1677 3205 pro.
1800 3188 1804 3193 Ι

217 3192 378 3302 fedus
433 3194 855 3301 extraordinarius
914 3216 1219 3299 conatuum.
1324 3222 1382 3305 ira
1435 3212 1577 3336 iegitur
1631 3232 1676 3320 fn

214 3342 294 3422 vita
321 3337 359 3419 S.
383 3333 545 3448 -Josephi
582 3336 882 3450 Hymnographi
918 3335 970 3420 ad
1010 3358 1049 3436 3.
1079 3329 1235 3447 Aprilis.
1271 3336 1321 3424 C.
1351 3364 1390 3443 ,ε
1475 3343 1582 3427 Cum
1611 3350 1672 3432 in·
1800 3366 1803 3371 ·

214 3456 322 3566 genti
349 3450 543 3536 desiderio
566 3475 788 3550 teneretur,
816 3454 855 3536 S.
884 3443 1242 3549 Bartholomaum,
1269 3454 1331 3537 cui
1360 3448 1549 3567 tempium
1582 3461 1674 3551 redi·
1780 3491 1794 3503 ·

211 3567 330 3654 ficare
350 3568 621 3664 constituerat,
648 3566 818 3651 versibus
841 3563 1080 3665 exornandi,
1097 3588 1240 3650 'tamen
1265 3566 1493 3654 continebat
1514 3568 1670 3670 same·

198 3707 325 3775 ‚tuens
351 3709 403 3766 ne
431 3679 536 3766 fo‘rte
564 3685 692 3767 minus
720 3705 871 3795 gratum
902 3673 992 3763 dse
1021 3674 1077 3761 ilii
1109 3685 1296 3766 eveniret.
1408 3683 1546 3799 Itaque
1572 3713 1677 3804 qua-r

212 3799 391 3903 draginta
424 3795 563 3881 diebus
587 3822 742 3882 carnem
772 3820 969 3879 macerans
1000 3817 1144 3904 corpus
1167 3787 1351 3905 Apostoli
1387 3797 1677 3914 compiediitut,

213 3915 302 3999 Nec
322 3909 522 3996 fruſtratus
551 3913 606 3994 est
631 3914 831 3996 hominem
865 3904 952 3994 suus
977 3901 1119 3993 lobon
1190 3911 1296 3995 Nam
1346 3910 1445 3996 ridie
1469 3922 1549 4024 ejus
1577 3918 1673 4031 diei,
1818 4029 1821 4035 Ι

210 4052 294 4144 quo
334 4025 476 4115 festum
510 4026 693 4140 Apostoli
732 4020 972 4124 celebratur,
993 4023 1125 4232 1{rdet-
1156 4048 1282 4137 uuum
1374 4048 1422 4114 ea
1440 4039 1449 4090 ³
1465 4032 1570 4141 veste
1595 4036 1673 4124 ciri

1058 4167 1079 4247 3
1251 4181 1259 4198 ·
1561 4177 1671 4239 cum·
1847 4192 1853 4199 ·
