<?xml version="1.0" encoding="UTF-8"?>
<!DOCTYPE html PUBLIC "-//W3C//DTD XHTML 1.0 Transitional//EN"
    "http://www.w3.org/TR/xhtml1/DTD/xhtml1-transitional.dtd">
<html xmlns="http://www.w3.org/1999/xhtml" xml:lang="en" lang="en">
 <head>
  <title>
</title>
<meta http-equiv="Content-Type" content="text/html;charset=utf-8" />
  <meta name='ocr-system' content='tesseract 3.04.00' />
  <meta name='ocr-capabilities' content='ocr_page ocr_carea ocr_par ocr_line ocrx_word'/>
</head>
<body>
  <div class='ocr_page' id='page_1' title='image "./derevelationibu00amorgoog_0176.png"; bbox 0 0 3796 4994; ppageno 0'>
   <div class='ocr_carea' id='block_1_1' title="bbox 34 280 1371 452">
    <p class='ocr_par' dir='ltr' id='par_1_1' title="bbox 34 280 1371 452">
     <span class='ocr_line' id='line_1_1' title="bbox 34 280 1371 452; baseline -0.01 -24"><span class='ocrx_word' id='word_1_1' title='bbox 34 352 38 365; x_wconf 84' lang='lat'><strong>·</strong></span> <span class='ocrx_word' id='word_1_2' title='bbox 64 413 65 417; x_wconf 17' lang='lat' dir='ltr'>r</span> <span class='ocrx_word' id='word_1_3' title='bbox 218 304 327 452; x_wconf 47' lang='lat'>&#39;156</span> <span class='ocrx_word' id='word_1_4' title='bbox 532 310 706 452; x_wconf 71' lang='lat' dir='ltr'>Regula</span> <span class='ocrx_word' id='word_1_5' title='bbox 727 280 783 415; x_wconf 79' lang='lat' dir='ltr'>err</span> <span class='ocrx_word' id='word_1_6' title='bbox 808 324 863 417; x_wconf 91' lang='grc' dir='ltr'>Β.</span> <span class='ocrx_word' id='word_1_7' title='bbox 881 323 1018 416; x_wconf 84' lang='lat' dir='ltr'>Henr.</span> <span class='ocrx_word' id='word_1_8' title='bbox 1043 312 1098 414; x_wconf 78' lang='lat' dir='ltr'>ab</span> <span class='ocrx_word' id='word_1_9' title='bbox 1130 314 1371 418; x_wconf 81' lang='lat' dir='ltr'>Vrimaria.</span> 
     </span>
    </p>
   </div>
   <div class='ocr_carea' id='block_1_2' title="bbox 26 504 1676 644">
    <p class='ocr_par' dir='ltr' id='par_1_2' title="bbox 26 504 1676 644">
     <span class='ocr_line' id='line_1_2' title="bbox 26 504 1676 644; baseline 0.001 -31"><span class='ocrx_word' id='word_1_10' title='bbox 26 504 34 511; x_wconf 38' lang='lat'>⁵</span> <span class='ocrx_word' id='word_1_11' title='bbox 112 552 115 557; x_wconf 86' lang='lat'>·</span> <span class='ocrx_word' id='word_1_12' title='bbox 215 551 389 644; x_wconf 83' lang='lat' dir='ltr'>queunt,</span> <span class='ocrx_word' id='word_1_13' title='bbox 414 523 627 641; x_wconf 85' lang='lat' dir='ltr'>quomodo</span> <span class='ocrx_word' id='word_1_14' title='bbox 653 521 801 631; x_wconf 69' lang='lat' dir='ltr'>Jusus</span> <span class='ocrx_word' id='word_1_15' title='bbox 830 531 871 613; x_wconf 91' lang='lat' dir='ltr'>in</span> <span class='ocrx_word' id='word_1_16' title='bbox 896 519 1038 639; x_wconf 67' lang='lat' dir='ltr'>*spiritu</span> <span class='ocrx_word' id='word_1_17' title='bbox 1073 523 1225 643; x_wconf 81' lang='lat' dir='ltr'>absque</span> <span class='ocrx_word' id='word_1_18' title='bbox 1267 525 1519 613; x_wconf 84' lang='lat' dir='ltr'>Sacramento</span> <span class='ocrx_word' id='word_1_19' title='bbox 1543 518 1676 644; x_wconf 82' lang='lat' dir='ltr'>suscipi</span> 
     </span>
    </p>
   </div>
   <div class='ocr_carea' id='block_1_3' title="bbox 214 643 1152 983">
    <p class='ocr_par' dir='ltr' id='par_1_3' title="bbox 214 643 1152 983">
     <span class='ocr_line' id='line_1_3' title="bbox 214 643 349 773; baseline -0.022 -40"><span class='ocrx_word' id='word_1_20' title='bbox 214 643 349 773; x_wconf 60' lang='lat' dir='ltr'>pone</span> 
     </span>
     <span class='ocr_line' id='line_1_4' title="bbox 755 834 1152 983; baseline 0.003 -2"><span class='ocrx_word' id='word_1_21' title='bbox 755 848 885 983; x_wconf 84' lang='lat' dir='ltr'>CA</span> <span class='ocrx_word' id='word_1_22' title='bbox 910 834 988 979; x_wconf 83' lang='grc' dir='ltr'>Ρ.</span> <span class='ocrx_word' id='word_1_23' title='bbox 1067 844 1152 982; x_wconf 89' lang='grc' dir='ltr'>Χ.</span> 
     </span>
    </p>
   </div>
   <div class='ocr_carea' id='block_1_4' title="bbox 216 1043 1532 1442">
    <p class='ocr_par' dir='ltr' id='par_1_4' title="bbox 216 1043 1532 1442">
     <span class='ocr_line' id='line_1_5' title="bbox 358 1043 1532 1283; baseline 0.001 -46"><span class='ocrx_word' id='word_1_24' title='bbox 358 1043 644 1283; x_wconf 71' lang='lat' dir='ltr'>Regula</span> <span class='ocrx_word' id='word_1_25' title='bbox 686 1100 757 1234; x_wconf 88' lang='grc' dir='ltr'>Β.</span> <span class='ocrx_word' id='word_1_26' title='bbox 801 1098 1061 1236; x_wconf 88' lang='lat' dir='ltr'>Henrici</span> <span class='ocrx_word' id='word_1_27' title='bbox 1105 1100 1183 1235; x_wconf 84' lang='lat' dir='ltr'>ab</span> <span class='ocrx_word' id='word_1_28' title='bbox 1236 1097 1532 1238; x_wconf 83' lang='lat' dir='ltr'>Vrimaria</span> 
     </span>
     <span class='ocr_line' id='line_1_6' title="bbox 216 1293 1223 1442; baseline 0.013 -48"><span class='ocrx_word' id='word_1_29' title='bbox 216 1302 220 1309; x_wconf 85' lang='lat'>&#39;</span> <span class='ocrx_word' id='word_1_30' title='bbox 245 1302 248 1307; x_wconf 82' lang='grc'><strong>’</strong></span> <span class='ocrx_word' id='word_1_31' title='bbox 670 1295 807 1401; x_wconf 73' lang='grc' dir='ltr'>Οτά.</span> <span class='ocrx_word' id='word_1_32' title='bbox 827 1293 991 1405; x_wconf 84' lang='lat' dir='ltr'>Etem.</span> <span class='ocrx_word' id='word_1_33' title='bbox 1024 1296 1072 1406; x_wconf 87' lang='lat' dir='ltr'>S.</span> <span class='ocrx_word' id='word_1_34' title='bbox 1097 1299 1223 1442; x_wconf 84' lang='lat' dir='ltr'>Aug.</span> 
     </span>
    </p>
   </div>
   <div class='ocr_carea' id='block_1_5' title="bbox 223 1552 1669 1786">
    <p class='ocr_par' dir='ltr' id='par_1_5' title="bbox 223 1552 1669 1786">
     <span class='ocr_line' id='line_1_7' title="bbox 223 1552 1669 1673; baseline -0.017 -24"><span class='ocrx_word' id='word_1_35' title='bbox 223 1558 269 1649; x_wconf 90' lang='lat' dir='ltr'>In</span> <span class='ocrx_word' id='word_1_36' title='bbox 295 1552 364 1646; x_wconf 88' lang='lat' dir='ltr'>suo</span> <span class='ocrx_word' id='word_1_37' title='bbox 389 1559 434 1644; x_wconf 80' lang='lat' dir='ltr'>I..</span> <span class='ocrx_word' id='word_1_38' title='bbox 463 1555 531 1640; x_wconf 90' lang='lat' dir='ltr'>De</span> <span class='ocrx_word' id='word_1_39' title='bbox 559 1554 763 1669; x_wconf 71' lang='lat' dir='ltr'>spiritibus</span> <span class='ocrx_word' id='word_1_40' title='bbox 789 1580 1010 1666; x_wconf 89' lang='lat' dir='ltr'>eorumque</span> <span class='ocrx_word' id='word_1_41' title='bbox 1040 1554 1294 1642; x_wconf 90' lang='lat' dir='ltr'>Discretione.</span> <span class='ocrx_word' id='word_1_42' title='bbox 1354 1552 1537 1673; x_wconf 73' lang='lat' dir='ltr'>impresso</span> <span class='ocrx_word' id='word_1_43' title='bbox 1573 1561 1669 1645; x_wconf 79' lang='lat' dir='ltr'>Ant.</span> 
     </span>
     <span class='ocr_line' id='line_1_8' title="bbox 544 1666 1350 1786; baseline -0.002 -30"><span class='ocrx_word' id='word_1_44' title='bbox 544 1676 683 1785; x_wconf 86' lang='lat' dir='ltr'>verpiae</span> <span class='ocrx_word' id='word_1_45' title='bbox 700 1687 775 1776; x_wconf 80' lang='lat'>165</span> <span class='ocrx_word' id='word_1_46' title='bbox 788 1680 824 1757; x_wconf 79' lang='lat' dir='ltr'>a:</span> <span class='ocrx_word' id='word_1_47' title='bbox 837 1669 953 1754; x_wconf 88' lang='lat' dir='ltr'>tradit</span> <span class='ocrx_word' id='word_1_48' title='bbox 967 1666 1172 1785; x_wconf 83' lang='lat' dir='ltr'><strong>sequentes</strong></span> <span class='ocrx_word' id='word_1_49' title='bbox 1185 1668 1350 1786; x_wconf 83' lang='lat' dir='ltr'>regulas.</span> 
     </span>
    </p>
   </div>
   <div class='ocr_carea' id='block_1_6' title="bbox 62 1881 1670 2319">
    <p class='ocr_par' dir='ltr' id='par_1_6' title="bbox 62 1881 1670 2319">
     <span class='ocr_line' id='line_1_9' title="bbox 62 1881 1670 2277; baseline 0.003 -243"><span class='ocrx_word' id='word_1_50' title='bbox 62 1892 90 1989; x_wconf 48' lang='lat' dir='ltr'><em>s</em></span> <span class='ocrx_word' id='word_1_51' title='bbox 211 1900 525 2277; x_wconf 64' lang='lat' dir='ltr'>Rigula</span> <span class='ocrx_word' id='word_1_52' title='bbox 569 1968 611 2040; x_wconf 90' lang='lat'>1.-</span> <span class='ocrx_word' id='word_1_53' title='bbox 661 1957 714 2044; x_wconf 82' lang='lat' dir='ltr'>e.</span> <span class='ocrx_word' id='word_1_54' title='bbox 741 1985 781 2042; x_wconf 70' lang='grc' dir='ltr'>ι.</span> <span class='ocrx_word' id='word_1_55' title='bbox 841 1929 1104 2041; x_wconf 71' lang='grc' dir='ltr'>Ιηῆίηᾶυε</span> <span class='ocrx_word' id='word_1_56' title='bbox 1141 1881 1343 2041; x_wconf 84' lang='lat' dir='ltr'>divinus</span> <span class='ocrx_word' id='word_1_57' title='bbox 1381 1931 1670 2074; x_wconf 87' lang='lat' dir='ltr'>quadrupli-</span> 
     </span>
     <span class='ocr_line' id='line_1_10' title="bbox 134 2072 1668 2215; baseline 0.003 -36"><span class='ocrx_word' id='word_1_58' title='bbox 134 2072 145 2080; x_wconf 75' lang='grc'><strong>’</strong></span> <span class='ocrx_word' id='word_1_59' title='bbox 222 2112 225 2116; x_wconf 94' lang='grc'><strong><em>·</em></strong></span> <span class='ocrx_word' id='word_1_60' title='bbox 417 2087 462 2180; x_wconf 92' lang='lat' dir='ltr'>ci</span> <span class='ocrx_word' id='word_1_61' title='bbox 493 2077 632 2215; x_wconf 84' lang='lat' dir='ltr'>figno</span> <span class='ocrx_word' id='word_1_62' title='bbox 671 2075 1003 2213; x_wconf 82' lang='lat' dir='ltr'>cognoscitur.</span> <span class='ocrx_word' id='word_1_63' title='bbox 1080 2130 1118 2187; x_wconf 82' lang='lat'>1.</span> <span class='ocrx_word' id='word_1_64' title='bbox 1145 2097 1187 2186; x_wconf 80' lang='lat' dir='ltr'>si</span> <span class='ocrx_word' id='word_1_65' title='bbox 1216 2098 1266 2182; x_wconf 84' lang='lat' dir='ltr'>ad</span> <span class='ocrx_word' id='word_1_66' title='bbox 1284 2094 1504 2210; x_wconf 79' lang='lat' dir='ltr'>exemplum</span> <span class='ocrx_word' id='word_1_67' title='bbox 1526 2100 1668 2184; x_wconf 79' lang='lat' dir='ltr'>christi</span> 
     </span>
     <span class='ocr_line' id='line_1_11' title="bbox 418 2211 1668 2319; baseline -0.001 -19"><span class='ocrx_word' id='word_1_68' title='bbox 418 2221 705 2317; x_wconf 75' lang='lat' dir='ltr'>&amp;Sanctorum</span> <span class='ocrx_word' id='word_1_69' title='bbox 727 2220 876 2300; x_wconf 87' lang='lat' dir='ltr'>invitet.</span> <span class='ocrx_word' id='word_1_70' title='bbox 912 2245 952 2302; x_wconf 85' lang='lat' dir='ltr'>a.</span> <span class='ocrx_word' id='word_1_71' title='bbox 979 2219 1019 2301; x_wconf 85' lang='lat' dir='ltr'>Si</span> <span class='ocrx_word' id='word_1_72' title='bbox 1042 2218 1179 2302; x_wconf 87' lang='lat' dir='ltr'>invitet</span> <span class='ocrx_word' id='word_1_73' title='bbox 1196 2215 1245 2297; x_wconf 93' lang='lat' dir='ltr'>ad</span> <span class='ocrx_word' id='word_1_74' title='bbox 1264 2211 1550 2299; x_wconf 55' lang='lat' dir='ltr'>humilitatem.</span> <span class='ocrx_word' id='word_1_75' title='bbox 1575 2245 1613 2319; x_wconf 83' lang='lat'>3.</span> <span class='ocrx_word' id='word_1_76' title='bbox 1627 2216 1668 2299; x_wconf 83' lang='lat' dir='ltr'>Si</span> 
     </span>
    </p>
   </div>
   <div class='ocr_carea' id='block_1_7' title="bbox 187 2324 1669 2442">
    <p class='ocr_par' dir='ltr' id='par_1_7' title="bbox 187 2324 1669 2442">
     <span class='ocr_line' id='line_1_12' title="bbox 187 2324 1669 2442; baseline 0.006 -24"><span class='ocrx_word' id='word_1_77' title='bbox 187 2426 190 2431; x_wconf 88' lang='lat'>.</span> <span class='ocrx_word' id='word_1_78' title='bbox 211 2336 274 2424; x_wconf 78' lang='lat' dir='ltr'>ab</span> <span class='ocrx_word' id='word_1_79' title='bbox 291 2332 548 2420; x_wconf 87' lang='lat' dir='ltr'>exterioribus</span> <span class='ocrx_word' id='word_1_80' title='bbox 570 2331 623 2415; x_wconf 83' lang='lat' dir='ltr'>ad</span> <span class='ocrx_word' id='word_1_81' title='bbox 643 2336 829 2417; x_wconf 88' lang='lat' dir='ltr'>interiora</span> <span class='ocrx_word' id='word_1_82' title='bbox 844 2354 1015 2418; x_wconf 89' lang='lat' dir='ltr'>mentem</span> <span class='ocrx_word' id='word_1_83' title='bbox 1033 2324 1206 2441; x_wconf 84' lang='lat' dir='ltr'>colligat,</span> <span class='ocrx_word' id='word_1_84' title='bbox 1229 2340 1396 2442; x_wconf 80' lang='lat' dir='ltr'>eamque</span> <span class='ocrx_word' id='word_1_85' title='bbox 1415 2328 1465 2412; x_wconf 77' lang='lat' dir='ltr'>ad</span> <span class='ocrx_word' id='word_1_86' title='bbox 1480 2332 1669 2416; x_wconf 63' lang='lat' dir='ltr'>un&#39;ionem</span> 
     </span>
    </p>
   </div>
   <div class='ocr_carea' id='block_1_8' title="bbox 55 2440 1668 2561">
    <p class='ocr_par' dir='ltr' id='par_1_8' title="bbox 55 2440 1668 2561">
     <span class='ocr_line' id='line_1_13' title="bbox 55 2440 1668 2561; baseline 0 -30"><span class='ocrx_word' id='word_1_87' title='bbox 55 2526 59 2531; x_wconf 88' lang='lat'>.</span> <span class='ocrx_word' id='word_1_88' title='bbox 212 2479 310 2539; x_wconf 74' lang='lat' dir='ltr'>rcurn</span> <span class='ocrx_word' id='word_1_89' title='bbox 336 2452 452 2534; x_wconf 84' lang='lat' dir='ltr'>DEO</span> <span class='ocrx_word' id='word_1_90' title='bbox 473 2444 665 2561; x_wconf 84' lang='lat' dir='ltr'>disponat.</span> <span class='ocrx_word' id='word_1_91' title='bbox 719 2477 761 2552; x_wconf 89' lang='lat'>4.</span> <span class='ocrx_word' id='word_1_92' title='bbox 787 2448 829 2533; x_wconf 83' lang='lat' dir='ltr'>si</span> <span class='ocrx_word' id='word_1_93' title='bbox 854 2450 1022 2536; x_wconf 81' lang='lat' dir='ltr'>rumam</span> <span class='ocrx_word' id='word_1_94' title='bbox 1058 2451 1205 2556; x_wconf 83' lang='lat' dir='ltr'>majore</span> <span class='ocrx_word' id='word_1_95' title='bbox 1234 2440 1431 2530; x_wconf 76' lang='lat' dir='ltr'>ftusiuum</span> <span class='ocrx_word' id='word_1_96' title='bbox 1464 2441 1668 2560; x_wconf 84' lang='lat' dir='ltr'>opulentia</span> 
     </span>
    </p>
   </div>
   <div class='ocr_carea' id='block_1_9' title="bbox 216 2559 662 2677">
    <p class='ocr_par' dir='ltr' id='par_1_9' title="bbox 216 2559 662 2677">
     <span class='ocr_line' id='line_1_14' title="bbox 216 2559 662 2677; baseline -0.02 -20"><span class='ocrx_word' id='word_1_97' title='bbox 216 2564 427 2657; x_wconf 83' lang='lat' dir='ltr'>reficiat&amp;</span> <span class='ocrx_word' id='word_1_98' title='bbox 455 2559 662 2677; x_wconf 80' lang='lat' dir='ltr'>compleat.</span> 
     </span>
    </p>
   </div>
   <div class='ocr_carea' id='block_1_10' title="bbox 135 2695 1668 2843">
    <p class='ocr_par' dir='ltr' id='par_1_10' title="bbox 135 2695 1668 2843">
     <span class='ocr_line' id='line_1_15' title="bbox 135 2695 1668 2843; baseline -0.005 -30"><span class='ocrx_word' id='word_1_99' title='bbox 135 2808 138 2813; x_wconf 81' lang='grc'><strong>.</strong></span> <span class='ocrx_word' id='word_1_100' title='bbox 193 2836 197 2843; x_wconf 85' lang='lat'>.</span> <span class='ocrx_word' id='word_1_101' title='bbox 325 2706 497 2837; x_wconf 81' lang='lat' dir='ltr'>Regula</span> <span class='ocrx_word' id='word_1_102' title='bbox 538 2737 580 2807; x_wconf 90' lang='lat'>2.</span> <span class='ocrx_word' id='word_1_103' title='bbox 634 2725 686 2812; x_wconf 89' lang='lat' dir='ltr'>c.</span> <span class='ocrx_word' id='word_1_104' title='bbox 712 2748 751 2826; x_wconf 77' lang='lat'>3.</span> <span class='ocrx_word' id='word_1_105' title='bbox 805 2697 1068 2806; x_wconf 71' lang='lat' dir='ltr'>lnstindus</span> <span class='ocrx_word' id='word_1_106' title='bbox 1108 2695 1315 2839; x_wconf 80' lang='lat' dir='ltr'>angelici</span> <span class='ocrx_word' id='word_1_107' title='bbox 1360 2717 1585 2839; x_wconf 86' lang='lat' dir='ltr'>quatuor</span> <span class='ocrx_word' id='word_1_108' title='bbox 1615 2698 1668 2806; x_wconf 88' lang='lat' dir='ltr'>st·</span> 
     </span>
    </p>
   </div>
   <div class='ocr_carea' id='block_1_11' title="bbox 213 2846 1669 3214">
    <p class='ocr_par' dir='ltr' id='par_1_11' title="bbox 213 2846 1669 3214">
     <span class='ocr_line' id='line_1_16' title="bbox 213 2846 1669 2989; baseline 0.005 -38"><span class='ocrx_word' id='word_1_109' title='bbox 213 2877 315 2989; x_wconf 80' lang='lat' dir='ltr'>gna</span> <span class='ocrx_word' id='word_1_110' title='bbox 329 2976 335 2988; x_wconf 89' lang='lat'>.</span> <span class='ocrx_word' id='word_1_111' title='bbox 351 2846 479 2948; x_wconf 85' lang='lat' dir='ltr'>sunt.</span> <span class='ocrx_word' id='word_1_112' title='bbox 554 2896 593 2954; x_wconf 80' lang='lat' dir='ltr'>r.</span> <span class='ocrx_word' id='word_1_113' title='bbox 621 2867 820 2951; x_wconf 75' lang='lat' dir='ltr'>mfflnuus</span> <span class='ocrx_word' id='word_1_114' title='bbox 865 2852 1064 2981; x_wconf 74' lang='lat' dir='ltr'>angelicus</span> <span class='ocrx_word' id='word_1_115' title='bbox 1103 2873 1216 2955; x_wconf 89' lang='lat' dir='ltr'>initio</span> <span class='ocrx_word' id='word_1_116' title='bbox 1258 2872 1489 2974; x_wconf 88' lang='lat' dir='ltr'>conturbat,</span> <span class='ocrx_word' id='word_1_117' title='bbox 1517 2875 1559 2955; x_wconf 92' lang='lat' dir='ltr'>in</span> <span class='ocrx_word' id='word_1_118' title='bbox 1587 2870 1669 2958; x_wconf 84' lang='lat' dir='ltr'>fine</span> 
     </span>
     <span class='ocr_line' id='line_1_17' title="bbox 213 2976 1666 3096; baseline -0.001 -21"><span class='ocrx_word' id='word_1_119' title='bbox 213 2981 527 3075; x_wconf 84' lang='lat' dir='ltr'>consolationem</span> <span class='ocrx_word' id='word_1_120' title='bbox 555 2976 698 3068; x_wconf 79' lang='lat' dir='ltr'>adfert.</span> <span class='ocrx_word' id='word_1_121' title='bbox 752 3009 792 3066; x_wconf 79' lang='lat' dir='ltr'>r.</span> <span class='ocrx_word' id='word_1_122' title='bbox 819 2978 997 3096; x_wconf 83' lang='lat' dir='ltr'>Angelus</span> <span class='ocrx_word' id='word_1_123' title='bbox 1016 2983 1148 3070; x_wconf 82' lang='lat' dir='ltr'>bonus</span> <span class='ocrx_word' id='word_1_124' title='bbox 1171 2989 1283 3070; x_wconf 86' lang='lat' dir='ltr'>initio</span> <span class='ocrx_word' id='word_1_125' title='bbox 1312 2983 1514 3072; x_wconf 88' lang='lat' dir='ltr'>abscondit</span> <span class='ocrx_word' id='word_1_126' title='bbox 1535 2982 1596 3090; x_wconf 78' lang='lat' dir='ltr'>se&#39;,</span> <span class='ocrx_word' id='word_1_127' title='bbox 1624 2991 1666 3074; x_wconf 89' lang='lat' dir='ltr'>in</span> 
     </span>
     <span class='ocr_line' id='line_1_18' title="bbox 213 3095 1667 3214; baseline 0 -25"><span class='ocrx_word' id='word_1_128' title='bbox 213 3104 296 3190; x_wconf 82' lang='lat' dir='ltr'>fine</span> <span class='ocrx_word' id='word_1_129' title='bbox 313 3100 408 3186; x_wconf 79' lang='lat' dir='ltr'>veri&gt;</span> <span class='ocrx_word' id='word_1_130' title='bbox 432 3097 470 3184; x_wconf 89' lang='lat' dir='ltr'>se</span> <span class='ocrx_word' id='word_1_131' title='bbox 489 3097 658 3182; x_wconf 84' lang='lat' dir='ltr'>ostendlt</span> <span class='ocrx_word' id='word_1_132' title='bbox 678 3099 718 3178; x_wconf 84' lang='lat' dir='ltr'>dt</span> <span class='ocrx_word' id='word_1_133' title='bbox 736 3095 880 3209; x_wconf 86' lang='lat' dir='ltr'>prodit.</span> <span class='ocrx_word' id='word_1_134' title='bbox 939 3129 976 3203; x_wconf 80' lang='lat'>3.</span> <span class='ocrx_word' id='word_1_135' title='bbox 1002 3101 1202 3186; x_wconf 74' lang='lat' dir='ltr'>Iustinsius</span> <span class='ocrx_word' id='word_1_136' title='bbox 1222 3098 1419 3214; x_wconf 82' lang='lat' dir='ltr'>angelicus</span> <span class='ocrx_word' id='word_1_137' title='bbox 1439 3099 1589 3214; x_wconf 86' lang='lat' dir='ltr'>semper</span> <span class='ocrx_word' id='word_1_138' title='bbox 1608 3107 1667 3189; x_wconf 89' lang='lat' dir='ltr'>in·</span> 
     </span>
    </p>
   </div>
   <div class='ocr_carea' id='block_1_12' title="bbox 30 3207 1664 3326">
    <p class='ocr_par' dir='ltr' id='par_1_12' title="bbox 30 3207 1664 3326">
     <span class='ocr_line' id='line_1_19' title="bbox 30 3207 1664 3326; baseline -0.001 -22"><span class='ocrx_word' id='word_1_139' title='bbox 30 3221 34 3231; x_wconf 86' lang='grc'><strong>’</strong></span> <span class='ocrx_word' id='word_1_140' title='bbox 214 3222 313 3305; x_wconf 84' lang='lat' dir='ltr'>vitat</span> <span class='ocrx_word' id='word_1_141' title='bbox 331 3218 381 3300; x_wconf 89' lang='lat' dir='ltr'>ad</span> <span class='ocrx_word' id='word_1_142' title='bbox 397 3213 556 3298; x_wconf 84' lang='lat' dir='ltr'>bona&amp;</span> <span class='ocrx_word' id='word_1_143' title='bbox 572 3207 692 3297; x_wconf 84' lang='lat' dir='ltr'>utilia.</span> <span class='ocrx_word' id='word_1_144' title='bbox 751 3241 790 3311; x_wconf 86' lang='lat'>4.</span> <span class='ocrx_word' id='word_1_145' title='bbox 813 3208 1026 3326; x_wconf 83' lang='lat' dir='ltr'>Angelicus</span> <span class='ocrx_word' id='word_1_146' title='bbox 1040 3218 1235 3302; x_wconf 77' lang='lat' dir='ltr'>instindius</span> <span class='ocrx_word' id='word_1_147' title='bbox 1259 3219 1399 3301; x_wconf 82' lang='lat' dir='ltr'>excitat</span> <span class='ocrx_word' id='word_1_148' title='bbox 1422 3217 1570 3303; x_wconf 86' lang='lat' dir='ltr'>bonam</span> <span class='ocrx_word' id='word_1_149' title='bbox 1592 3246 1664 3303; x_wconf 85' lang='lat' dir='ltr'>vo·</span> 
     </span>
    </p>
   </div>
   <div class='ocr_carea' id='block_1_13' title="bbox 65 3321 1711 4359">
    <p class='ocr_par' dir='ltr' id='par_1_13' title="bbox 65 3321 1711 4359">
     <span class='ocr_line' id='line_1_20' title="bbox 215 3321 1678 3444; baseline -0.001 -25"><span class='ocrx_word' id='word_1_150' title='bbox 215 3329 403 3419; x_wconf 84' lang='lat' dir='ltr'>luntatem</span> <span class='ocrx_word' id='word_1_151' title='bbox 421 3329 686 3440; x_wconf 85' lang='lat' dir='ltr'>incipientium</span> <span class='ocrx_word' id='word_1_152' title='bbox 707 3324 760 3409; x_wconf 88' lang='lat' dir='ltr'>ad</span> <span class='ocrx_word' id='word_1_153' title='bbox 781 3334 930 3438; x_wconf 86' lang='lat' dir='ltr'>peccati</span> <span class='ocrx_word' id='word_1_154' title='bbox 950 3321 1276 3432; x_wconf 67' lang='lat' dir='ltr'>detestationem</span> <span class='ocrx_word' id='word_1_155' title='bbox 1304 3333 1589 3444; x_wconf 86' lang='lat' dir='ltr'>proficientium</span> <span class='ocrx_word' id='word_1_156' title='bbox 1613 3330 1678 3418; x_wconf 74' lang='lat' dir='ltr'>ad&#39;</span> 
     </span>
     <span class='ocr_line' id='line_1_21' title="bbox 213 3440 1711 3560; baseline 0.001 -27"><span class='ocrx_word' id='word_1_157' title='bbox 213 3445 412 3537; x_wconf 85' lang='lat' dir='ltr'>servorem</span> <span class='ocrx_word' id='word_1_158' title='bbox 431 3449 589 3540; x_wconf 76' lang='lat' dir='ltr'>interna</span> <span class='ocrx_word' id='word_1_159' title='bbox 614 3440 874 3531; x_wconf 81' lang='lat' dir='ltr'>devotionisr</span> <span class='ocrx_word' id='word_1_160' title='bbox 888 3441 1150 3560; x_wconf 76' lang='lat' dir='ltr'>perfesrorum</span> <span class='ocrx_word' id='word_1_161' title='bbox 1169 3447 1266 3532; x_wconf 83' lang='lat' dir='ltr'>verb</span> <span class='ocrx_word' id='word_1_162' title='bbox 1284 3447 1336 3532; x_wconf 90' lang='lat' dir='ltr'>ad</span> <span class='ocrx_word' id='word_1_163' title='bbox 1355 3448 1515 3535; x_wconf 88' lang='lat' dir='ltr'>internae</span> <span class='ocrx_word' id='word_1_164' title='bbox 1531 3444 1665 3535; x_wconf 88' lang='lat' dir='ltr'>dulce·</span> <span class='ocrx_word' id='word_1_165' title='bbox 1707 3516 1711 3522; x_wconf 71' lang='lat'><em>,</em></span> 
     </span>
     <span class='ocr_line' id='line_1_22' title="bbox 146 3559 1711 3684; baseline 0 -37"><span class='ocrx_word' id='word_1_166' title='bbox 146 3593 151 3603; x_wconf 94' lang='lat'>·</span> <span class='ocrx_word' id='word_1_167' title='bbox 213 3560 315 3649; x_wconf 84' lang='lat' dir='ltr'>dinis</span> <span class='ocrx_word' id='word_1_168' title='bbox 341 3559 688 3673; x_wconf 71' lang='lat' dir='ltr'>pregustationem.</span> <span class='ocrx_word' id='word_1_169' title='bbox 1704 3654 1711 3684; x_wconf 30' lang='lat' dir='ltr'>p</span> 
     </span>
     <span class='ocr_line' id='line_1_23' title="bbox 131 3689 1662 3839; baseline 0.008 -42"><span class='ocrx_word' id='word_1_170' title='bbox 131 3824 139 3829; x_wconf 10' lang='grc' dir='ltr'>ἢ</span> <span class='ocrx_word' id='word_1_171' title='bbox 318 3702 492 3831; x_wconf 55' lang='lat' dir='ltr'>⁴Regula</span> <span class='ocrx_word' id='word_1_172' title='bbox 521 3730 564 3819; x_wconf 79' lang='lat'>3.</span> <span class='ocrx_word' id='word_1_173' title='bbox 613 3717 664 3804; x_wconf 86' lang='lat' dir='ltr'>c.</span> <span class='ocrx_word' id='word_1_174' title='bbox 688 3746 729 3819; x_wconf 85' lang='lat'>4.</span> <span class='ocrx_word' id='word_1_175' title='bbox 787 3689 1049 3802; x_wconf 72' lang='lat' dir='ltr'>Instindlus</span> <span class='ocrx_word' id='word_1_176' title='bbox 1072 3690 1350 3804; x_wconf 87' lang='lat' dir='ltr'>diabolicus</span> <span class='ocrx_word' id='word_1_177' title='bbox 1372 3699 1566 3839; x_wconf 85' lang='lat' dir='ltr'>semper</span> <span class='ocrx_word' id='word_1_178' title='bbox 1587 3710 1662 3809; x_wconf 92' lang='lat' dir='ltr'>in·</span> 
     </span>
     <span class='ocr_line' id='line_1_24' title="bbox 215 3834 1661 3981; baseline 0.003 -34"><span class='ocrx_word' id='word_1_179' title='bbox 215 3839 363 3981; x_wconf 79' lang='lat' dir='ltr'>stiget</span> <span class='ocrx_word' id='word_1_180' title='bbox 393 3836 457 3942; x_wconf 82' lang='lat' dir='ltr'>ad</span> <span class='ocrx_word' id='word_1_181' title='bbox 502 3834 580 3958; x_wconf 89' lang='lat' dir='ltr'>id,</span> <span class='ocrx_word' id='word_1_182' title='bbox 624 3834 768 3974; x_wconf 93' lang='lat' dir='ltr'>quod</span> <span class='ocrx_word' id='word_1_183' title='bbox 799 3839 953 3974; x_wconf 90' lang='lat' dir='ltr'>reipsa</span> <span class='ocrx_word' id='word_1_184' title='bbox 986 3841 1229 3976; x_wconf 84' lang='lat' dir='ltr'>exemplis</span> <span class='ocrx_word' id='word_1_185' title='bbox 1256 3840 1437 3948; x_wconf 90' lang='lat' dir='ltr'>Christi</span> <span class='ocrx_word' id='word_1_186' title='bbox 1462 3843 1519 3950; x_wconf 80' lang='lat' dir='ltr'>dt</span> <span class='ocrx_word' id='word_1_187' title='bbox 1544 3856 1661 3952; x_wconf 80' lang='lat' dir='ltr'>vitae</span> 
     </span>
     <span class='ocr_line' id='line_1_25' title="bbox 213 3980 1660 4128; baseline 0.003 -38"><span class='ocrx_word' id='word_1_188' title='bbox 213 3980 524 4090; x_wconf 73' lang='lat' dir='ltr'>Sandorum</span> <span class='ocrx_word' id='word_1_189' title='bbox 556 3982 624 4085; x_wconf 86' lang='lat' dir='ltr'>est</span> <span class='ocrx_word' id='word_1_190' title='bbox 656 3989 994 4106; x_wconf 81' lang='lat' dir='ltr'>contrarium3</span> <span class='ocrx_word' id='word_1_191' title='bbox 1037 3986 1229 4090; x_wconf 85' lang='lat' dir='ltr'>etiamst</span> <span class='ocrx_word' id='word_1_192' title='bbox 1261 3985 1575 4128; x_wconf 86' lang='lat' dir='ltr'>quandoque</span> <span class='ocrx_word' id='word_1_193' title='bbox 1609 3989 1660 4094; x_wconf 91' lang='lat' dir='ltr'>id</span> 
     </span>
     <span class='ocr_line' id='line_1_26' title="bbox 65 4124 1662 4359; baseline 0.003 -126"><span class='ocrx_word' id='word_1_194' title='bbox 65 4274 70 4285; x_wconf 15' lang='grc' dir='ltr'>ἱ</span> <span class='ocrx_word' id='word_1_195' title='bbox 129 4151 133 4157; x_wconf 90' lang='grc'><strong><em>·</em></strong></span> <span class='ocrx_word' id='word_1_196' title='bbox 213 4158 328 4276; x_wconf 87' lang='lat' dir='ltr'>nou</span> <span class='ocrx_word' id='word_1_197' title='bbox 354 4124 583 4238; x_wconf 73' lang='lat' dir='ltr'>videatur</span> <span class='ocrx_word' id='word_1_198' title='bbox 614 4131 669 4229; x_wconf 91' lang='lat' dir='ltr'>in</span> <span class='ocrx_word' id='word_1_199' title='bbox 695 4128 1005 4319; x_wconf 75' lang='lat' dir='ltr'>apparentia</span> <span class='ocrx_word' id='word_1_200' title='bbox 1075 4124 1119 4243; x_wconf 73' lang='grc' dir='ltr'>ἰ.</span> <span class='ocrx_word' id='word_1_201' title='bbox 1158 4148 1207 4258; x_wconf 73' lang='lat' dir='ltr'>ld</span> <span class='ocrx_word' id='word_1_202' title='bbox 1241 4150 1295 4263; x_wconf 61' lang='lat' dir='ltr'>act</span> <span class='ocrx_word' id='word_1_203' title='bbox 1328 4146 1447 4267; x_wconf 75' lang='lat' dir='ltr'>quod</span> <span class='ocrx_word' id='word_1_204' title='bbox 1479 4148 1662 4359; x_wconf 56' lang='lat' dir='ltr'>diappppp</span> 
     </span>
    </p>
   </div>
   <div class='ocr_carea' id='block_1_14' title="bbox 0 0 1914 4994">
    <p class='ocr_par' dir='ltr' id='par_1_14' title="bbox 0 0 1914 4994">
     <span class='ocr_line' id='line_1_27' title="bbox 0 0 1914 4994; baseline 0 0"><span class='ocrx_word' id='word_1_205' title='bbox 0 0 1914 4994; x_wconf 95' lang='lat' dir='ltr'> </span> 
     </span>
    </p>
   </div>
  </div>
 </body>
</html>
