3796 4994
211 276 349 385 25⁸*
614 254 889 389 Regularum
925 255 1253 357 Summarium.

644 462 897 600 CAP.
983 462 1242 598 XXII·

214 684 724 847 Summarium
814 741 1075 844 earum
1174 686 1615 908 Regularun

316 951 461 1084 quae
499 909 563 1039 in
604 911 724 1043 hac
750 908 1008 1040 materia
1045 909 1571 1091 sunt'pr'aecipuae,

819 1112 880 1187 dc
925 1116 1067 1189 vetae.

216 1294 323 1381 cnm
352 1319 434 1376 non
464 1318 616 1389 omnes,
642 1315 739 1404 quas
765 1292 970 1405 hucusque
999 1321 1047 1377 ex
1075 1292 1320 1377 Authoribus
1347 1291 1519 1378 recensui
1543 1293 1615 1409 Res

216 1407 295 1506 las,
333 1411 513 1519 recipiam
548 1404 870 1490 indiscriminatim
890 1417 909 1495 1·
947 1405 1189 1521 colligendas
1223 1410 1320 1492 duxi·
1349 1411 1389 1492 in
1415 1412 1615 1492 Summani

215 1522 377 1636 ptaesens
407 1549 484 1618 eas,
514 1548 611 1636 quas
638 1548 730 1603 meo
754 1527 868 1605 etiam
896 1524 1062 1635 probem
1095 1519 1259 1606 calculo.
1332 1528 1470 1636 ltaque
1497 1526 1615 1605 Sumn

219 1643 317 1723 rium
345 1638 424 1721 hoc
444 1664 526 1720 non
552 1630 675 1720 solnm
714 1638 890 1720 continet
922 1662 1045 1721 totam
1073 1635 1197 1722 ferme
1232 1638 1462 1737 doditinam,
1492 1633 1615 1721 fusi!

218 1778 369 1866 cusque
403 1779 451 1835 ex
485 1750 723 1833 Authoribus
752 1750 946 1848 traditam,
972 1747 1038 1835 sed
1067 1757 1106 1834 dc
1139 1779 1265 1835 meam
1287 1750 1420 1836 additi
1448 1747 1615 1862 explicat

275 1895 341 1968 ne,
360 1892 425 1952 aut
440 1861 684 1964 limitatione,
701 1864 770 1947 ubi
786 1892 888 1976 opus
904 1862 1039 1951 fuerat.
1094 1862 1262 1979 Singulis
1280 1861 1436 1979 Regalis
1454 1892 1615 1979 appono

493 1974 701 2065 initialtbtis
740 1973 876 2063 litteris
920 1984 1121 2066 citationes
1155 1982 1395 2083 Admotum,

818 2117 863 2177 ut
889 2090 1071 2209 sequitur.

252 2362 288 2420 1.
319 2212 497 2416 Lam.
578 2328 1017 2433 marsicanos.

249 2478 288 2535 1.
318 2451 425 2535 Cast.
582 2445 784 2529 Castaidus
814 2447 866 2530 C.
892 2464 930 2539 8.
1016 2446 1021 2454 ’

252 2594 289 2669 3.
319 2568 413 2676 Reg.
431 2567 553 2647 Foem.
581 2554 739 2672 Regula
765 2588 813 2645 ex
841 2560 1088 2645 documentis
1114 2554 1377 2645 foeminarum.
1402 2557 1456 2645 C.
1479 2582 1551 2644 20.-

248 2714 290 2781 4.
319 2684 398 2762 Pic.
580 2671 792 2759 Franciscus
825 2678 935 2760 Picus
971 2679 1022 2763 C.
1049 2704 1089 2775 7.

254 2821 290 2893 5.
318 2793 414 2904 Syb.
578 2783 737 2901 sybille.
766 2793 819 2877 C.
853 2818 917 2895 13.

95 2934 98 2939 ·
253 2920 292 2991 6.
319 2908 457 3019 Script.
582 2905 788 3015 Scriptura.
817 2906 869 2992 C.
900 2933 937 2991 1.

34 3054 101 3128 Q
253 3050 293 3121 7.
321 3025 406 3105 Pat.
578 3023 722 3103 Patres.
751 3024 797 3102 c.
826 3048 864 3106 a.

253 3158 289 3236 8.
319 3136 440 3249 Thyr.
579 3134 776 3246 Thytaeus.
801 3136 847 3220 C.
875 3162 976 3235 ¹4·.

212 3296 224 3307 ·
252 3283 291 3352 9.
321 3255 359 3337 S.
376 3250 492 3336 Ther.
576 3252 617 3333 S.
644 3248 835 3333 Thctesta.
865 3250 917 3334 C.
954 3275 1017 3350 ¹5·

225 3394 289 3452 ιο.
318 3371 464 3475 Grav.¹
580 3366 751 3447 Gravina
772 3366 822 3448 C.
847 3394 883 3467 3·
906 3357 1060 3476 Regula
1086 3354 1327 3459 Genettles,
1351 3382 1419 3443 aut
1439 3358 1615 3471 predico

225 3509 294 3567 11.
323 3484 440 3564 Gcrs.
578 3471 732 3563 Getson
760 3479 811 3563 C.
841 3508 883 3578 4.
1388 3502 1390 3507 ·

226 3592 558 3700 12.Jot.dCruc.
582 3598 755 3696 Joanncs
780 3591 805 3677 i
831 3596 973 3678 Cruce.
1000 3592 1049 3675 C.
1072 3604 1137 3674 16.

226 3741 291 3813 13.
321 3703 422 3792 Boii.
577 3702 823 3792 Bollandistae
845 3710 895 3793 C.
923 3734 988 3791 11.

225 3852 293 3925 14.
324 3831 422 3907 Bon.
578 3827 685 3905 Bona
712 3828 762 3906 C.
791 3839 831 3907 6.

104 3984 110 3991 ·
226 3944 427 4044 15.Hen.
576 3939 767 4021 chricus
789 3937 839 4020 ab
866 3939 1052 4021 Vrimatia
1077 3935 1126 4019 C.
1152 3959 1216 4017 10.

227 4080 292 4141 1⁶.
323 4058 413 4141 iius.
572 4052 849 4138 Rusbtochius.
877 4054 928 4138 C.
950 4082 990 4151 9·
