<?xml version="1.0" encoding="UTF-8"?>
<!DOCTYPE html PUBLIC "-//W3C//DTD XHTML 1.0 Transitional//EN"
    "http://www.w3.org/TR/xhtml1/DTD/xhtml1-transitional.dtd">
<html xmlns="http://www.w3.org/1999/xhtml" xml:lang="en" lang="en">
 <head>
  <title>
</title>
<meta http-equiv="Content-Type" content="text/html;charset=utf-8" />
  <meta name='ocr-system' content='tesseract 3.04.00' />
  <meta name='ocr-capabilities' content='ocr_page ocr_carea ocr_par ocr_line ocrx_word'/>
</head>
<body>
  <div class='ocr_page' id='page_1' title='image "./derevelationibu00amorgoog_0163.png"; bbox 0 0 3772 4988; ppageno 0'>
   <div class='ocr_carea' id='block_1_1' title="bbox 665 255 1794 467">
    <p class='ocr_par' dir='ltr' id='par_1_1' title="bbox 665 255 1794 467">
     <span class='ocr_line' id='line_1_1' title="bbox 665 255 1794 467; baseline 0.027 -42"><span class='ocrx_word' id='word_1_1' title='bbox 665 332 844 466; x_wconf 79' lang='lat' dir='ltr'>Regulae</span> <span class='ocrx_word' id='word_1_2' title='bbox 865 361 922 429; x_wconf 81' lang='lat' dir='ltr'>ex</span> <span class='ocrx_word' id='word_1_3' title='bbox 941 338 992 431; x_wconf 91' lang='lat' dir='ltr'>P.</span> <span class='ocrx_word' id='word_1_4' title='bbox 1020 255 1224 467; x_wconf 68' lang='lat' dir='ltr'>Castalio.</span> <span class='ocrx_word' id='word_1_5' title='bbox 1257 312 1262 403; x_wconf 77' lang='grc' dir='ltr'><strong><em>Ῐ</em></strong></span> <span class='ocrx_word' id='word_1_6' title='bbox 1438 276 1440 287; x_wconf 25' lang='lat'><strong>⁴</strong></span> <span class='ocrx_word' id='word_1_7' title='bbox 1494 330 1501 341; x_wconf 73' lang='grc'><strong><em>’</em></strong></span> <span class='ocrx_word' id='word_1_8' title='bbox 1568 361 1665 465; x_wconf 78' lang='lat'>¹43</span> <span class='ocrx_word' id='word_1_9' title='bbox 1790 364 1794 367; x_wconf 79' lang='grc'><strong>’</strong></span> 
     </span>
    </p>
   </div>
   <div class='ocr_carea' id='block_1_2' title="bbox 208 536 1799 1231">
    <p class='ocr_par' dir='ltr' id='par_1_2' title="bbox 208 536 1799 1231">
     <span class='ocr_line' id='line_1_2' title="bbox 310 536 1703 678; baseline 0.005 -35"><span class='ocrx_word' id='word_1_10' title='bbox 310 545 500 677; x_wconf 79' lang='lat' dir='ltr'>Regula¹</span> <span class='ocrx_word' id='word_1_11' title='bbox 529 575 572 668; x_wconf 84' lang='lat'>3.</span> <span class='ocrx_word' id='word_1_12' title='bbox 618 536 773 646; x_wconf 81' lang='lat' dir='ltr'>DEus</span> <span class='ocrx_word' id='word_1_13' title='bbox 811 550 1067 646; x_wconf 84' lang='lat' dir='ltr'>concurrit</span> <span class='ocrx_word' id='word_1_14' title='bbox 1125 569 1508 678; x_wconf 87' lang='lat' dir='ltr'>nonnunquam</span> <span class='ocrx_word' id='word_1_15' title='bbox 1544 572 1703 650; x_wconf 80' lang='lat' dir='ltr'>cum¹</span> 
     </span>
     <span class='ocr_line' id='line_1_3' title="bbox 208 681 1793 823; baseline 0.001 -36"><span class='ocrx_word' id='word_1_16' title='bbox 208 693 379 823; x_wconf 90' lang='lat' dir='ltr'>pravis</span> <span class='ocrx_word' id='word_1_17' title='bbox 416 681 718 789; x_wconf 89' lang='lat' dir='ltr'>hominibus</span> <span class='ocrx_word' id='word_1_18' title='bbox 756 681 821 790; x_wconf 94' lang='lat' dir='ltr'>ad</span> <span class='ocrx_word' id='word_1_19' title='bbox 858 683 1102 790; x_wconf 91' lang='lat' dir='ltr'>miracula</span> <span class='ocrx_word' id='word_1_20' title='bbox 1138 718 1252 789; x_wconf 92' lang='lat' dir='ltr'>non</span> <span class='ocrx_word' id='word_1_21' title='bbox 1288 684 1467 794; x_wconf 79' lang='lat' dir='ltr'>solum,</span> <span class='ocrx_word' id='word_1_22' title='bbox 1507 718 1669 823; x_wconf 90' lang='lat' dir='ltr'>quan·</span> <span class='ocrx_word' id='word_1_23' title='bbox 1790 776 1793 789; x_wconf 84' lang='grc'>..</span> 
     </span>
     <span class='ocr_line' id='line_1_4' title="bbox 209 824 1799 968; baseline 0.001 -36"><span class='ocrx_word' id='word_1_24' title='bbox 209 827 275 932; x_wconf 93' lang='lat' dir='ltr'>do</span> <span class='ocrx_word' id='word_1_25' title='bbox 315 860 377 932; x_wconf 89' lang='lat' dir='ltr'>ea</span> <span class='ocrx_word' id='word_1_26' title='bbox 415 829 634 965; x_wconf 90' lang='lat' dir='ltr'>dirigunt</span> <span class='ocrx_word' id='word_1_27' title='bbox 669 835 723 968; x_wconf 86' lang='lat' dir='ltr'>in</span> <span class='ocrx_word' id='word_1_28' title='bbox 753 824 1206 932; x_wconf 88' lang='lat' dir='ltr'>confirmationem</span> <span class='ocrx_word' id='word_1_29' title='bbox 1242 861 1372 932; x_wconf 84' lang='lat' dir='ltr'>verae</span> <span class='ocrx_word' id='word_1_30' title='bbox 1408 824 1550 946; x_wconf 88' lang='lat' dir='ltr'>fidei,</span> <span class='ocrx_word' id='word_1_31' title='bbox 1586 827 1669 933; x_wconf 92' lang='lat' dir='ltr'>sed</span> <span class='ocrx_word' id='word_1_32' title='bbox 1711 948 1715 953; x_wconf 8' lang='lat' dir='ltr'>p</span> <span class='ocrx_word' id='word_1_33' title='bbox 1793 881 1799 897; x_wconf 84' lang='lat'>·</span> 
     </span>
     <span class='ocr_line' id='line_1_5' title="bbox 209 968 1777 1107; baseline 0.001 -32"><span class='ocrx_word' id='word_1_34' title='bbox 209 979 369 1076; x_wconf 91' lang='lat' dir='ltr'>etiam</span> <span class='ocrx_word' id='word_1_35' title='bbox 408 969 618 1107; x_wconf 89' lang='lat' dir='ltr'>quando</span> <span class='ocrx_word' id='word_1_36' title='bbox 660 978 718 1074; x_wconf 90' lang='lat' dir='ltr'>iis</span> <span class='ocrx_word' id='word_1_37' title='bbox 770 970 1055 1074; x_wconf 87' lang='lat' dir='ltr'>abutuntur</span> <span class='ocrx_word' id='word_1_38' title='bbox 1106 971 1169 1078; x_wconf 90' lang='lat' dir='ltr'>ad</span> <span class='ocrx_word' id='word_1_39' title='bbox 1206 979 1488 1075; x_wconf 89' lang='lat' dir='ltr'>vanitatem</span> <span class='ocrx_word' id='word_1_40' title='bbox 1525 968 1579 1075; x_wconf 82' lang='lat' dir='ltr'>dt</span> <span class='ocrx_word' id='word_1_41' title='bbox 1616 1005 1672 1076; x_wconf 93' lang='lat' dir='ltr'>u·</span> <span class='ocrx_word' id='word_1_42' title='bbox 1769 1012 1777 1026; x_wconf 56' lang='lat'>.</span> 
     </span>
     <span class='ocr_line' id='line_1_6' title="bbox 210 1109 1723 1231; baseline 0.001 -14"><span class='ocrx_word' id='word_1_43' title='bbox 210 1117 321 1218; x_wconf 87' lang='lat' dir='ltr'>ium</span> <span class='ocrx_word' id='word_1_44' title='bbox 358 1117 580 1231; x_wconf 88' lang='lat' dir='ltr'>malum,</span> <span class='ocrx_word' id='word_1_45' title='bbox 606 1109 910 1216; x_wconf 87' lang='lat' dir='ltr'>dummodo</span> <span class='ocrx_word' id='word_1_46' title='bbox 940 1143 1055 1218; x_wconf 91' lang='lat' dir='ltr'>non</span> <span class='ocrx_word' id='word_1_47' title='bbox 1091 1146 1151 1220; x_wconf 91' lang='lat' dir='ltr'>ea</span> <span class='ocrx_word' id='word_1_48' title='bbox 1188 1111 1425 1218; x_wconf 84' lang='lat' dir='ltr'>ordinent</span> <span class='ocrx_word' id='word_1_49' title='bbox 1459 1122 1514 1216; x_wconf 93' lang='lat' dir='ltr'>in</span> <span class='ocrx_word' id='word_1_50' title='bbox 1550 1142 1672 1219; x_wconf 88' lang='lat' dir='ltr'>con·</span> <span class='ocrx_word' id='word_1_51' title='bbox 1716 1145 1723 1159; x_wconf 80' lang='grc'><strong>’</strong></span> 
     </span>
    </p>
   </div>
   <div class='ocr_carea' id='block_1_3' title="bbox 176 1251 1872 2960">
    <p class='ocr_par' dir='ltr' id='par_1_3' title="bbox 176 1251 1872 2960">
     <span class='ocr_line' id='line_1_7' title="bbox 211 1251 1673 1387; baseline 0.005 -29"><span class='ocrx_word' id='word_1_52' title='bbox 211 1252 562 1359; x_wconf 83' lang='lat' dir='ltr'>firmationem</span> <span class='ocrx_word' id='word_1_53' title='bbox 598 1253 839 1358; x_wconf 68' lang='lat' dir='ltr'>doetrinae</span> <span class='ocrx_word' id='word_1_54' title='bbox 874 1251 1021 1360; x_wconf 82' lang='lat' dir='ltr'>salsae.</span> <span class='ocrx_word' id='word_1_55' title='bbox 1088 1284 1132 1366; x_wconf 84' lang='lat' dir='ltr'>L.</span> <span class='ocrx_word' id='word_1_56' title='bbox 1156 1281 1250 1366; x_wconf 84' lang='lat' dir='ltr'>cc.</span> <span class='ocrx_word' id='word_1_57' title='bbox 1279 1280 1365 1364; x_wconf 77' lang='lat' dir='ltr'>Art.</span> <span class='ocrx_word' id='word_1_58' title='bbox 1393 1311 1427 1383; x_wconf 88' lang='lat'>5.</span> <span class='ocrx_word' id='word_1_59' title='bbox 1455 1280 1673 1387; x_wconf 78' lang='lat' dir='ltr'>Quaestiun-</span> 
     </span>
     <span class='ocr_line' id='line_1_8' title="bbox 212 1391 1672 1505; baseline 0.004 -31"><span class='ocrx_word' id='word_1_60' title='bbox 212 1391 297 1475; x_wconf 86' lang='lat' dir='ltr'>cula</span> <span class='ocrx_word' id='word_1_61' title='bbox 330 1421 364 1475; x_wconf 87' lang='lat'>1.</span> <span class='ocrx_word' id='word_1_62' title='bbox 387 1391 437 1472; x_wconf 88' lang='lat' dir='ltr'>fic</span> <span class='ocrx_word' id='word_1_63' title='bbox 462 1391 605 1471; x_wconf 77' lang='lat' dir='ltr'>habet:</span> <span class='ocrx_word' id='word_1_64' title='bbox 659 1395 788 1495; x_wconf 79' lang='lat' dir='ltr'>Quod</span> <span class='ocrx_word' id='word_1_65' title='bbox 820 1397 939 1469; x_wconf 85' lang='lat' dir='ltr'>DEus</span> <span class='ocrx_word' id='word_1_66' title='bbox 970 1419 1173 1475; x_wconf 84' lang='lat' dir='ltr'>concurrat</span> <span class='ocrx_word' id='word_1_67' title='bbox 1198 1422 1287 1472; x_wconf 88' lang='lat' dir='ltr'>cum</span> <span class='ocrx_word' id='word_1_68' title='bbox 1310 1396 1515 1505; x_wconf 82' lang='lat' dir='ltr'>Prophetis</span> <span class='ocrx_word' id='word_1_69' title='bbox 1544 1401 1672 1505; x_wconf 83' lang='lat' dir='ltr'>pravis</span> 
     </span>
     <span class='ocr_line' id='line_1_9' title="bbox 176 1499 1836 1618; baseline 0.002 -30"><span class='ocrx_word' id='word_1_70' title='bbox 176 1574 178 1578; x_wconf 88' lang='lat'>.</span> <span class='ocrx_word' id='word_1_71' title='bbox 211 1499 568 1618; x_wconf 83' lang='lat' dir='ltr'>supernaturaliter,</span> <span class='ocrx_word' id='word_1_72' title='bbox 596 1499 868 1584; x_wconf 85' lang='lat' dir='ltr'>ordinantibus</span> <span class='ocrx_word' id='word_1_73' title='bbox 896 1500 939 1582; x_wconf 91' lang='lat' dir='ltr'>id</span> <span class='ocrx_word' id='word_1_74' title='bbox 969 1502 1021 1584; x_wconf 88' lang='lat' dir='ltr'>ad</span> <span class='ocrx_word' id='word_1_75' title='bbox 1045 1527 1206 1614; x_wconf 88' lang='lat' dir='ltr'>pravum</span> <span class='ocrx_word' id='word_1_76' title='bbox 1242 1503 1362 1584; x_wconf 86' lang='lat' dir='ltr'>finem</span> <span class='ocrx_word' id='word_1_77' title='bbox 1386 1506 1449 1584; x_wconf 91' lang='lat' dir='ltr'>vel</span> <span class='ocrx_word' id='word_1_78' title='bbox 1460 1513 1673 1614; x_wconf 52' lang='lat' dir='ltr'>‘proprium</span> <span class='ocrx_word' id='word_1_79' title='bbox 1831 1506 1836 1513; x_wconf 79' lang='grc'>’</span> 
     </span>
     <span class='ocr_line' id='line_1_10' title="bbox 211 1610 1773 1714; baseline 0.003 -11"><span class='ocrx_word' id='word_1_80' title='bbox 211 1618 485 1714; x_wconf 81' lang='lat' dir='ltr'>commodum,</span> <span class='ocrx_word' id='word_1_81' title='bbox 514 1615 758 1700; x_wconf 85' lang='lat' dir='ltr'>conceditur.</span> <span class='ocrx_word' id='word_1_82' title='bbox 821 1619 919 1699; x_wconf 92' lang='lat' dir='ltr'>Non</span> <span class='ocrx_word' id='word_1_83' title='bbox 955 1621 1058 1699; x_wconf 89' lang='lat' dir='ltr'>enirn</span> <span class='ocrx_word' id='word_1_84' title='bbox 1084 1619 1224 1698; x_wconf 89' lang='lat' dir='ltr'>mirum</span> <span class='ocrx_word' id='word_1_85' title='bbox 1249 1616 1326 1711; x_wconf 85' lang='lat' dir='ltr'>est,</span> <span class='ocrx_word' id='word_1_86' title='bbox 1353 1610 1402 1698; x_wconf 91' lang='lat' dir='ltr'>ali</span> <span class='ocrx_word' id='word_1_87' title='bbox 1435 1618 1501 1700; x_wconf 91' lang='lat' dir='ltr'>uid</span> <span class='ocrx_word' id='word_1_88' title='bbox 1529 1615 1673 1707; x_wconf 79' lang='lat' dir='ltr'>ficrial</span> <span class='ocrx_word' id='word_1_89' title='bbox 1755 1611 1773 1688; x_wconf 59' lang='lat' dir='ltr'><em>s</em></span> 
     </span>
     <span class='ocr_line' id='line_1_11' title="bbox 211 1645 1672 1846; baseline -0.005 -24"><span class='ocrx_word' id='word_1_90' title='bbox 211 1735 308 1822; x_wconf 90' lang='lat' dir='ltr'>Deo</span> <span class='ocrx_word' id='word_1_91' title='bbox 331 1732 462 1816; x_wconf 87' lang='lat' dir='ltr'>media</span> <span class='ocrx_word' id='word_1_92' title='bbox 490 1756 685 1827; x_wconf 84' lang='lat' dir='ltr'>ereatura,</span> <span class='ocrx_word' id='word_1_93' title='bbox 708 1734 750 1811; x_wconf 79' lang='grc' dir='ltr'>δι</span> <span class='ocrx_word' id='word_1_94' title='bbox 771 1728 820 1813; x_wconf 91' lang='lat' dir='ltr'>ab</span> <span class='ocrx_word' id='word_1_95' title='bbox 841 1732 915 1813; x_wconf 87' lang='lat' dir='ltr'>hac</span> <span class='ocrx_word' id='word_1_96' title='bbox 943 1730 1114 1818; x_wconf 79' lang='lat' dir='ltr'>ordinari</span> <span class='ocrx_word' id='word_1_97' title='bbox 1141 1729 1191 1813; x_wconf 86' lang='lat' dir='ltr'>ad</span> <span class='ocrx_word' id='word_1_98' title='bbox 1214 1755 1377 1840; x_wconf 85' lang='lat' dir='ltr'>pravum</span> <span class='ocrx_word' id='word_1_99' title='bbox 1405 1645 1526 1816; x_wconf 54' lang='lat' dir='ltr'>inem</span> <span class='ocrx_word' id='word_1_100' title='bbox 1553 1782 1571 1798; x_wconf 94' lang='lat'>-</span> <span class='ocrx_word' id='word_1_101' title='bbox 1600 1762 1672 1846; x_wconf 88' lang='lat' dir='ltr'>per</span> 
     </span>
     <span class='ocr_line' id='line_1_12' title="bbox 210 1838 1672 1958; baseline 0.001 -25"><span class='ocrx_word' id='word_1_102' title='bbox 210 1846 445 1933; x_wconf 81' lang='lat' dir='ltr'>hortamen</span> <span class='ocrx_word' id='word_1_103' title='bbox 469 1849 578 1930; x_wconf 87' lang='lat' dir='ltr'>Deus</span> <span class='ocrx_word' id='word_1_104' title='bbox 600 1873 685 1928; x_wconf 93' lang='lat' dir='ltr'>non</span> <span class='ocrx_word' id='word_1_105' title='bbox 705 1848 899 1928; x_wconf 88' lang='lat' dir='ltr'>concurrit</span> <span class='ocrx_word' id='word_1_106' title='bbox 920 1844 971 1928; x_wconf 87' lang='lat' dir='ltr'>ad</span> <span class='ocrx_word' id='word_1_107' title='bbox 993 1839 1137 1928; x_wconf 84' lang='lat' dir='ltr'>malurn</span> <span class='ocrx_word' id='word_1_108' title='bbox 1160 1838 1272 1942; x_wconf 86' lang='lat' dir='ltr'>illud,</span> <span class='ocrx_word' id='word_1_109' title='bbox 1297 1867 1339 1927; x_wconf 94' lang='lat' dir='ltr'>ut</span> <span class='ocrx_word' id='word_1_110' title='bbox 1372 1840 1480 1929; x_wconf 87' lang='lat' dir='ltr'>causa</span> <span class='ocrx_word' id='word_1_111' title='bbox 1504 1853 1672 1958; x_wconf 86' lang='lat' dir='ltr'>particu-</span> 
     </span>
     <span class='ocr_line' id='line_1_13' title="bbox 211 1955 1674 2072; baseline 0 -25"><span class='ocrx_word' id='word_1_112' title='bbox 211 1959 312 2062; x_wconf 83' lang='lat' dir='ltr'>laris,</span> <span class='ocrx_word' id='word_1_113' title='bbox 332 1959 400 2047; x_wconf 87' lang='lat' dir='ltr'>sed</span> <span class='ocrx_word' id='word_1_114' title='bbox 424 1960 475 2046; x_wconf 90' lang='lat' dir='ltr'>ad</span> <span class='ocrx_word' id='word_1_115' title='bbox 499 1957 727 2046; x_wconf 87' lang='lat' dir='ltr'>miraculum</span> <span class='ocrx_word' id='word_1_116' title='bbox 749 1955 887 2072; x_wconf 86' lang='lat' dir='ltr'>ipsum,</span> <span class='ocrx_word' id='word_1_117' title='bbox 909 1959 962 2043; x_wconf 86' lang='lat' dir='ltr'>ad</span> <span class='ocrx_word' id='word_1_118' title='bbox 978 1959 1093 2070; x_wconf 90' lang='lat' dir='ltr'>quod</span> <span class='ocrx_word' id='word_1_119' title='bbox 1120 1959 1231 2042; x_wconf 86' lang='lat' dir='ltr'>Deus</span> <span class='ocrx_word' id='word_1_120' title='bbox 1251 1964 1445 2043; x_wconf 86' lang='lat' dir='ltr'>concurrit</span> <span class='ocrx_word' id='word_1_121' title='bbox 1471 1986 1515 2044; x_wconf 94' lang='lat' dir='ltr'>ut</span> <span class='ocrx_word' id='word_1_122' title='bbox 1538 1962 1674 2047; x_wconf 89' lang='lat' dir='ltr'>instru-</span> 
     </span>
     <span class='ocr_line' id='line_1_14' title="bbox 214 2067 1801 2188; baseline -0.001 -24"><span class='ocrx_word' id='word_1_123' title='bbox 214 2101 414 2170; x_wconf 78' lang='lat' dir='ltr'>mentum3</span> <span class='ocrx_word' id='word_1_124' title='bbox 442 2100 482 2161; x_wconf 87' lang='lat' dir='ltr'>ar</span> <span class='ocrx_word' id='word_1_125' title='bbox 506 2076 705 2160; x_wconf 90' lang='lat' dir='ltr'>ordinaret</span> <span class='ocrx_word' id='word_1_126' title='bbox 728 2077 777 2158; x_wconf 85' lang='lat' dir='ltr'>ad</span> <span class='ocrx_word' id='word_1_127' title='bbox 801 2100 968 2185; x_wconf 87' lang='lat' dir='ltr'>pravum</span> <span class='ocrx_word' id='word_1_128' title='bbox 989 2074 1107 2159; x_wconf 86' lang='lat' dir='ltr'>finem</span> <span class='ocrx_word' id='word_1_129' title='bbox 1129 2080 1355 2186; x_wconf 70' lang='lat' dir='ltr'>peractum,</span> <span class='ocrx_word' id='word_1_130' title='bbox 1386 2079 1492 2182; x_wconf 89' lang='lat' dir='ltr'>cujus</span> <span class='ocrx_word' id='word_1_131' title='bbox 1516 2067 1671 2188; x_wconf 62' lang='lat' dir='ltr'>ipse&#39;est</span> <span class='ocrx_word' id='word_1_132' title='bbox 1799 2115 1801 2118; x_wconf 45' lang='lat'><strong><em>¹</em></strong></span> 
     </span>
     <span class='ocr_line' id='line_1_15' title="bbox 216 2183 1673 2305; baseline 0.003 -29"><span class='ocrx_word' id='word_1_133' title='bbox 216 2188 325 2278; x_wconf 78' lang='lat' dir='ltr'>eausa</span> <span class='ocrx_word' id='word_1_134' title='bbox 353 2185 590 2305; x_wconf 78' lang='lat' dir='ltr'>principalisr</span> <span class='ocrx_word' id='word_1_135' title='bbox 635 2214 675 2274; x_wconf 86' lang='lat' dir='ltr'>at</span> <span class='ocrx_word' id='word_1_136' title='bbox 697 2191 807 2275; x_wconf 84' lang='lat' dir='ltr'>Deus</span> <span class='ocrx_word' id='word_1_137' title='bbox 835 2188 985 2273; x_wconf 77' lang='lat' dir='ltr'>tanturn</span> <span class='ocrx_word' id='word_1_138' title='bbox 1014 2187 1210 2273; x_wconf 86' lang='lat' dir='ltr'>concurrit</span> <span class='ocrx_word' id='word_1_139' title='bbox 1239 2212 1283 2273; x_wconf 90' lang='lat' dir='ltr'>ut</span> <span class='ocrx_word' id='word_1_140' title='bbox 1306 2183 1415 2274; x_wconf 90' lang='lat' dir='ltr'>causa</span> <span class='ocrx_word' id='word_1_141' title='bbox 1439 2187 1673 2282; x_wconf 87' lang='lat' dir='ltr'>universalis.</span> 
     </span>
     <span class='ocr_line' id='line_1_16' title="bbox 215 2298 1808 2419; baseline -0.002 -25"><span class='ocrx_word' id='word_1_142' title='bbox 215 2310 360 2394; x_wconf 85' lang='lat' dir='ltr'>Moura</span> <span class='ocrx_word' id='word_1_143' title='bbox 389 2303 563 2419; x_wconf 83' lang='lat' dir='ltr'>pluribus</span> <span class='ocrx_word' id='word_1_144' title='bbox 597 2298 763 2419; x_wconf 87' lang='lat' dir='ltr'>probat,</span> <span class='ocrx_word' id='word_1_145' title='bbox 795 2298 1039 2417; x_wconf 85' lang='lat' dir='ltr'>peculiariter</span> <span class='ocrx_word' id='word_1_146' title='bbox 1068 2304 1122 2388; x_wconf 90' lang='lat' dir='ltr'>D.</span> <span class='ocrx_word' id='word_1_147' title='bbox 1151 2303 1347 2388; x_wconf 90' lang='lat' dir='ltr'>Thomam</span> <span class='ocrx_word' id='word_1_148' title='bbox 1376 2334 1414 2389; x_wconf 82' lang='lat'>2.</span> <span class='ocrx_word' id='word_1_149' title='bbox 1436 2332 1474 2388; x_wconf 83' lang='lat'>2.</span> <span class='ocrx_word' id='word_1_150' title='bbox 1497 2312 1679 2410; x_wconf 74' lang='lat' dir='ltr'>Q17sr</span> <span class='ocrx_word' id='word_1_151' title='bbox 1800 2376 1808 2399; x_wconf 88' lang='grc'><strong><em>,</em></strong></span> 
     </span>
     <span class='ocr_line' id='line_1_17' title="bbox 215 2412 1673 2531; baseline 0.001 -23"><span class='ocrx_word' id='word_1_152' title='bbox 215 2447 248 2509; x_wconf 86' lang='lat' dir='ltr'>a.</span> <span class='ocrx_word' id='word_1_153' title='bbox 279 2447 319 2507; x_wconf 88' lang='lat' dir='ltr'>r.</span> <span class='ocrx_word' id='word_1_154' title='bbox 340 2424 395 2506; x_wconf 89' lang='lat' dir='ltr'>ad</span> <span class='ocrx_word' id='word_1_155' title='bbox 418 2451 453 2523; x_wconf 82' lang='lat'>3.</span> <span class='ocrx_word' id='word_1_156' title='bbox 476 2426 516 2505; x_wconf 82' lang='lat' dir='ltr'>dt</span> <span class='ocrx_word' id='word_1_157' title='bbox 541 2451 578 2506; x_wconf 90' lang='lat'>1.</span> <span class='ocrx_word' id='word_1_158' title='bbox 603 2423 702 2506; x_wconf 90' lang='lat' dir='ltr'>Cor.</span> <span class='ocrx_word' id='word_1_159' title='bbox 731 2446 798 2503; x_wconf 86' lang='lat'>12.</span> <span class='ocrx_word' id='word_1_160' title='bbox 836 2420 943 2503; x_wconf 76' lang='lat' dir='ltr'>Leo.</span> <span class='ocrx_word' id='word_1_161' title='bbox 975 2414 1206 2531; x_wconf 84' lang='lat' dir='ltr'>supponere,</span> <span class='ocrx_word' id='word_1_162' title='bbox 1237 2416 1260 2503; x_wconf 75' lang='lat' dir='ltr'>a</span> <span class='ocrx_word' id='word_1_163' title='bbox 1297 2412 1406 2503; x_wconf 87' lang='lat' dir='ltr'>malis</span> <span class='ocrx_word' id='word_1_164' title='bbox 1440 2416 1550 2531; x_wconf 87' lang='lat' dir='ltr'>posse</span> <span class='ocrx_word' id='word_1_165' title='bbox 1586 2421 1673 2509; x_wconf 85' lang='lat' dir='ltr'>fieri</span> 
     </span>
     <span class='ocr_line' id='line_1_18' title="bbox 218 2527 1803 2636; baseline 0.001 -14"><span class='ocrx_word' id='word_1_166' title='bbox 218 2534 424 2636; x_wconf 84' lang='lat' dir='ltr'>miracula,</span> <span class='ocrx_word' id='word_1_167' title='bbox 454 2536 675 2622; x_wconf 89' lang='lat' dir='ltr'>dummodo</span> <span class='ocrx_word' id='word_1_168' title='bbox 706 2533 759 2620; x_wconf 89' lang='lat' dir='ltr'>ad</span> <span class='ocrx_word' id='word_1_169' title='bbox 787 2531 1123 2620; x_wconf 86' lang='lat' dir='ltr'>confirmationem</span> <span class='ocrx_word' id='word_1_170' title='bbox 1150 2527 1224 2619; x_wconf 86' lang='lat' dir='ltr'>suae</span> <span class='ocrx_word' id='word_1_171' title='bbox 1250 2528 1349 2620; x_wconf 84' lang='lat' dir='ltr'>salsae</span> <span class='ocrx_word' id='word_1_172' title='bbox 1378 2532 1563 2622; x_wconf 78' lang='lat' dir='ltr'>doetrnae</span> <span class='ocrx_word' id='word_1_173' title='bbox 1589 2565 1676 2625; x_wconf 90' lang='lat' dir='ltr'>non</span> <span class='ocrx_word' id='word_1_174' title='bbox 1720 2605 1730 2620; x_wconf 75' lang='grc'><strong><em>,</em></strong></span> <span class='ocrx_word' id='word_1_175' title='bbox 1794 2577 1803 2587; x_wconf 64' lang='grc'><em>’</em></span> 
     </span>
     <span class='ocr_line' id='line_1_19' title="bbox 219 2646 1872 2768; baseline -0.002 -30"><span class='ocrx_word' id='word_1_176' title='bbox 219 2653 442 2768; x_wconf 87' lang='lat' dir='ltr'>diriganntr.</span> <span class='ocrx_word' id='word_1_177' title='bbox 661 2646 664 2656; x_wconf 75' lang='grc'><strong>’</strong></span> <span class='ocrx_word' id='word_1_178' title='bbox 1821 2650 1872 2664; x_wconf 72' lang='grc'><em>”</em></span> 
     </span>
     <span class='ocr_line' id='line_1_20' title="bbox 322 2814 1677 2960; baseline 0.008 -36"><span class='ocrx_word' id='word_1_179' title='bbox 322 2827 494 2960; x_wconf 74' lang='lat' dir='ltr'>Regula</span> <span class='ocrx_word' id='word_1_180' title='bbox 527 2859 576 2955; x_wconf 89' lang='lat'>4.</span> <span class='ocrx_word' id='word_1_181' title='bbox 626 2815 831 2926; x_wconf 82' lang='lat' dir='ltr'>Etiamfi</span> <span class='ocrx_word' id='word_1_182' title='bbox 869 2819 991 2927; x_wconf 86' lang='lat' dir='ltr'>vifio</span> <span class='ocrx_word' id='word_1_183' title='bbox 1027 2814 1257 2925; x_wconf 88' lang='lat' dir='ltr'>videatur</span> <span class='ocrx_word' id='word_1_184' title='bbox 1292 2819 1567 2956; x_wconf 79' lang='lat' dir='ltr'>praseserre</span> <span class='ocrx_word' id='word_1_185' title='bbox 1604 2823 1677 2935; x_wconf 35' lang='lat' dir='ltr'>aba</span> 
     </span>
    </p>
   </div>
   <div class='ocr_carea' id='block_1_4' title="bbox 222 2946 1793 3106">
    <p class='ocr_par' dir='ltr' id='par_1_4' title="bbox 222 2946 1793 3106">
     <span class='ocr_line' id='line_1_21' title="bbox 222 2946 1793 3106; baseline 0.003 -34"><span class='ocrx_word' id='word_1_186' title='bbox 222 2971 365 3073; x_wconf 89' lang='lat' dir='ltr'>initio</span> <span class='ocrx_word' id='word_1_187' title='bbox 404 2962 563 3069; x_wconf 86' lang='lat' dir='ltr'>finem</span> <span class='ocrx_word' id='word_1_188' title='bbox 595 2960 821 3080; x_wconf 92' lang='lat' dir='ltr'>bonum,</span> <span class='ocrx_word' id='word_1_189' title='bbox 855 2963 1023 3099; x_wconf 91' lang='lat' dir='ltr'>potest</span> <span class='ocrx_word' id='word_1_190' title='bbox 1058 2946 1390 3071; x_wconf 85' lang='lat' dir='ltr'>nihilominus</span> <span class='ocrx_word' id='word_1_191' title='bbox 1427 2968 1701 3106; x_wconf 54' lang='lat' dir='ltr'>proveni?</span> <span class='ocrx_word' id='word_1_192' title='bbox 1791 3028 1793 3032; x_wconf 11' lang='grc' dir='ltr'><em>Α</em></span> 
     </span>
    </p>
   </div>
   <div class='ocr_carea' id='block_1_5' title="bbox 177 3104 1746 4368">
    <p class='ocr_par' dir='ltr' id='par_1_5' title="bbox 185 3104 1739 3824">
     <span class='ocr_line' id='line_1_22' title="bbox 222 3104 1676 3234; baseline 0.005 -19"><span class='ocrx_word' id='word_1_193' title='bbox 222 3106 583 3215; x_wconf 77' lang='lat' dir='ltr'>readoemone</span> <span class='ocrx_word' id='word_1_194' title='bbox 601 3106 896 3213; x_wconf 86' lang='lat' dir='ltr'>intendente</span> <span class='ocrx_word' id='word_1_195' title='bbox 913 3104 1073 3211; x_wconf 87' lang='lat' dir='ltr'>finem</span> <span class='ocrx_word' id='word_1_196' title='bbox 1096 3108 1362 3215; x_wconf 88' lang='lat' dir='ltr'>exitialem.</span> <span class='ocrx_word' id='word_1_197' title='bbox 1434 3135 1494 3220; x_wconf 86' lang='lat' dir='ltr'>lb.</span> <span class='ocrx_word' id='word_1_198' title='bbox 1521 3141 1605 3220; x_wconf 74' lang='lat' dir='ltr'>Art.</span> <span class='ocrx_word' id='word_1_199' title='bbox 1636 3158 1676 3234; x_wconf 59' lang='grc' dir='ltr'>ς.»</span> 
     </span>
     <span class='ocr_line' id='line_1_23' title="bbox 223 3243 1739 3366; baseline -0.003 -30"><span class='ocrx_word' id='word_1_200' title='bbox 223 3248 367 3358; x_wconf 78' lang='lat' dir='ltr'>lefine</span> <span class='ocrx_word' id='word_1_201' title='bbox 394 3249 563 3360; x_wconf 79' lang='lat' dir='ltr'>vlfiorris.</span> <span class='ocrx_word' id='word_1_202' title='bbox 620 3251 670 3336; x_wconf 83' lang='lat' dir='ltr'>Et</span> <span class='ocrx_word' id='word_1_203' title='bbox 698 3246 900 3333; x_wconf 86' lang='lat' dir='ltr'>confirmat</span> <span class='ocrx_word' id='word_1_204' title='bbox 933 3250 1013 3332; x_wconf 90' lang='lat' dir='ltr'>hoc</span> <span class='ocrx_word' id='word_1_205' title='bbox 1041 3243 1239 3358; x_wconf 84' lang='lat' dir='ltr'>exemplo.</span> <span class='ocrx_word' id='word_1_206' title='bbox 1294 3246 1376 3348; x_wconf 82' lang='lat' dir='ltr'>sta,</span> <span class='ocrx_word' id='word_1_207' title='bbox 1406 3253 1558 3366; x_wconf 84' lang='lat' dir='ltr'>inquit,</span> <span class='ocrx_word' id='word_1_208' title='bbox 1578 3245 1674 3341; x_wconf 76' lang='lat' dir='ltr'>,suc-</span> <span class='ocrx_word' id='word_1_209' title='bbox 1728 3271 1739 3283; x_wconf 76' lang='grc'><strong>“</strong></span> 
     </span>
     <span class='ocr_line' id='line_1_24' title="bbox 185 3359 1674 3469; baseline -0.001 -19"><span class='ocrx_word' id='word_1_210' title='bbox 185 3462 187 3466; x_wconf 20' lang='lat'><strong>⁴</strong></span> <span class='ocrx_word' id='word_1_211' title='bbox 225 3367 321 3452; x_wconf 83' lang='lat' dir='ltr'>teffit</span> <span class='ocrx_word' id='word_1_212' title='bbox 339 3369 467 3452; x_wconf 90' lang='lat' dir='ltr'>Beato</span> <span class='ocrx_word' id='word_1_213' title='bbox 492 3363 671 3469; x_wconf 85' lang='lat' dir='ltr'>Jordano</span> <span class='ocrx_word' id='word_1_214' title='bbox 707 3359 893 3451; x_wconf 85' lang='lat' dir='ltr'>Generali</span> <span class='ocrx_word' id='word_1_215' title='bbox 924 3359 1096 3447; x_wconf 89' lang='lat' dir='ltr'>secundo</span> <span class='ocrx_word' id='word_1_216' title='bbox 1127 3365 1287 3447; x_wconf 85' lang='lat' dir='ltr'>Ordinis</span> <span class='ocrx_word' id='word_1_217' title='bbox 1318 3367 1464 3464; x_wconf 85' lang='lat' dir='ltr'>nostri,</span> <span class='ocrx_word' id='word_1_218' title='bbox 1496 3363 1674 3468; x_wconf 77' lang='lat' dir='ltr'>febribus</span> 
     </span>
     <span class='ocr_line' id='line_1_25' title="bbox 224 3472 1673 3594; baseline -0.001 -30"><span class='ocrx_word' id='word_1_219' title='bbox 224 3479 434 3566; x_wconf 85' lang='lat' dir='ltr'>acutiffimis</span> <span class='ocrx_word' id='word_1_220' title='bbox 454 3472 659 3565; x_wconf 84' lang='lat' dir='ltr'>laboranti.</span> <span class='ocrx_word' id='word_1_221' title='bbox 716 3482 807 3564; x_wconf 87' lang='lat' dir='ltr'>Erat</span> <span class='ocrx_word' id='word_1_222' title='bbox 827 3477 1021 3563; x_wconf 85' lang='lat' dir='ltr'>Coenobii</span> <span class='ocrx_word' id='word_1_223' title='bbox 1040 3483 1153 3564; x_wconf 88' lang='lat' dir='ltr'>Prior</span> <span class='ocrx_word' id='word_1_224' title='bbox 1171 3478 1347 3592; x_wconf 85' lang='lat' dir='ltr'>quidam,</span> <span class='ocrx_word' id='word_1_225' title='bbox 1367 3486 1437 3594; x_wconf 93' lang='lat' dir='ltr'>qui</span> <span class='ocrx_word' id='word_1_226' title='bbox 1457 3476 1673 3594; x_wconf 88' lang='lat' dir='ltr'>aliquando</span> 
     </span>
     <span class='ocr_line' id='line_1_26' title="bbox 223 3590 1677 3707; baseline 0 -27"><span class='ocrx_word' id='word_1_227' title='bbox 223 3595 423 3681; x_wconf 75' lang='lat' dir='ltr'>Medicina</span> <span class='ocrx_word' id='word_1_228' title='bbox 438 3621 599 3707; x_wconf 86' lang='lat' dir='ltr'>operam</span> <span class='ocrx_word' id='word_1_229' title='bbox 618 3594 793 3681; x_wconf 87' lang='lat' dir='ltr'>dederat.</span> <span class='ocrx_word' id='word_1_230' title='bbox 851 3596 887 3676; x_wconf 85' lang='lat' dir='ltr'>Is</span> <span class='ocrx_word' id='word_1_231' title='bbox 901 3595 1022 3679; x_wconf 89' lang='lat' dir='ltr'>sciens</span> <span class='ocrx_word' id='word_1_232' title='bbox 1040 3593 1259 3698; x_wconf 88' lang='lat' dir='ltr'>Jordanum</span> <span class='ocrx_word' id='word_1_233' title='bbox 1282 3598 1321 3682; x_wconf 91' lang='lat' dir='ltr'>in</span> <span class='ocrx_word' id='word_1_234' title='bbox 1343 3597 1488 3681; x_wconf 91' lang='lat' dir='ltr'>morbo</span> <span class='ocrx_word' id='word_1_235' title='bbox 1506 3595 1576 3681; x_wconf 83' lang='lat' dir='ltr'>libi</span> <span class='ocrx_word' id='word_1_236' title='bbox 1599 3590 1677 3681; x_wconf 88' lang='lat' dir='ltr'>csse</span> 
     </span>
     <span class='ocr_line' id='line_1_27' title="bbox 227 3704 1676 3824; baseline 0.001 -32"><span class='ocrx_word' id='word_1_237' title='bbox 227 3709 496 3824; x_wconf 78' lang='lat' dir='ltr'>rigidissimum,</span> <span class='ocrx_word' id='word_1_238' title='bbox 520 3704 649 3794; x_wconf 66' lang='lat' dir='ltr'>dixin</span> <span class='ocrx_word' id='word_1_239' title='bbox 675 3716 812 3809; x_wconf 85' lang='lat' dir='ltr'>Pater,</span> <span class='ocrx_word' id='word_1_240' title='bbox 839 3733 1001 3822; x_wconf 90' lang='lat' dir='ltr'>oportet</span> <span class='ocrx_word' id='word_1_241' title='bbox 1023 3733 1211 3823; x_wconf 74' lang='lat' dir='ltr'>agrotum</span> <span class='ocrx_word' id='word_1_242' title='bbox 1233 3704 1272 3792; x_wconf 92' lang='lat' dir='ltr'>se</span> <span class='ocrx_word' id='word_1_243' title='bbox 1295 3711 1453 3797; x_wconf 88' lang='lat' dir='ltr'>medico</span> <span class='ocrx_word' id='word_1_244' title='bbox 1478 3706 1676 3820; x_wconf 75' lang='lat' dir='ltr'>subjicere.</span> 
     </span>
    </p>

    <p class='ocr_par' dir='ltr' id='par_1_6' title="bbox 177 3819 1746 4368">
     <span class='ocr_line' id='line_1_28' title="bbox 177 3819 1678 3938; baseline 0.003 -30"><span class='ocrx_word' id='word_1_245' title='bbox 177 3870 179 3874; x_wconf 16' lang='grc' dir='ltr'><em>Α</em></span> <span class='ocrx_word' id='word_1_246' title='bbox 228 3832 486 3937; x_wconf 82' lang='lat' dir='ltr'>Quapropter,</span> <span class='ocrx_word' id='word_1_247' title='bbox 505 3822 598 3910; x_wconf 90' lang='lat' dir='ltr'>licet</span> <span class='ocrx_word' id='word_1_248' title='bbox 614 3823 660 3910; x_wconf 85' lang='lat' dir='ltr'>su</span> <span class='ocrx_word' id='word_1_249' title='bbox 682 3821 895 3938; x_wconf 83' lang='lat' dir='ltr'>Religionis</span> <span class='ocrx_word' id='word_1_250' title='bbox 918 3849 1045 3938; x_wconf 90' lang='lat' dir='ltr'>caput,</span> <span class='ocrx_word' id='word_1_251' title='bbox 1068 3824 1163 3909; x_wconf 91' lang='lat' dir='ltr'>mihi</span> <span class='ocrx_word' id='word_1_252' title='bbox 1187 3849 1227 3908; x_wconf 90' lang='lat' dir='ltr'>te</span> <span class='ocrx_word' id='word_1_253' title='bbox 1252 3819 1407 3926; x_wconf 81' lang='lat' dir='ltr'>subdas,</span> <span class='ocrx_word' id='word_1_254' title='bbox 1435 3831 1474 3910; x_wconf 82' lang='lat' dir='ltr'>dt</span> <span class='ocrx_word' id='word_1_255' title='bbox 1510 3824 1678 3913; x_wconf 83' lang='lat' dir='ltr'>obedias</span> 
     </span>
     <span class='ocr_line' id='line_1_29' title="bbox 228 3934 1677 4054; baseline 0.004 -34"><span class='ocrx_word' id='word_1_256' title='bbox 228 3936 366 4024; x_wconf 87' lang='lat' dir='ltr'>necesse</span> <span class='ocrx_word' id='word_1_257' title='bbox 385 3942 451 4025; x_wconf 72' lang='lat' dir='ltr'>esi</span> <span class='ocrx_word' id='word_1_258' title='bbox 524 3938 676 4025; x_wconf 85' lang='lat' dir='ltr'>Annuit</span> <span class='ocrx_word' id='word_1_259' title='bbox 702 3940 945 4025; x_wconf 88' lang='lat' dir='ltr'>venerandus</span> <span class='ocrx_word' id='word_1_260' title='bbox 976 3944 1089 4023; x_wconf 85' lang='lat' dir='ltr'>Pater</span> <span class='ocrx_word' id='word_1_261' title='bbox 1127 3934 1336 4024; x_wconf 89' lang='lat' dir='ltr'>humiliter.</span> <span class='ocrx_word' id='word_1_262' title='bbox 1393 3944 1516 4054; x_wconf 83' lang='lat' dir='ltr'>igitur</span> <span class='ocrx_word' id='word_1_263' title='bbox 1537 3964 1677 4053; x_wconf 76' lang='lat' dir='ltr'>prater</span> 
     </span>
     <span class='ocr_line' id='line_1_30' title="bbox 230 4048 1746 4168; baseline 0.003 -32"><span class='ocrx_word' id='word_1_264' title='bbox 230 4053 540 4141; x_wconf 85' lang='lat' dir='ltr'>consuetudinem</span> <span class='ocrx_word' id='word_1_265' title='bbox 576 4054 738 4139; x_wconf 86' lang='lat' dir='ltr'>Ordinis</span> <span class='ocrx_word' id='word_1_266' title='bbox 768 4051 879 4166; x_wconf 90' lang='lat' dir='ltr'>super</span> <span class='ocrx_word' id='word_1_267' title='bbox 910 4048 1061 4165; x_wconf 88' lang='lat' dir='ltr'>plumas</span> <span class='ocrx_word' id='word_1_268' title='bbox 1099 4057 1278 4168; x_wconf 85' lang='lat' dir='ltr'>quievit,</span> <span class='ocrx_word' id='word_1_269' title='bbox 1308 4079 1352 4139; x_wconf 90' lang='lat' dir='ltr'>ut</span> <span class='ocrx_word' id='word_1_270' title='bbox 1377 4060 1491 4140; x_wconf 88' lang='lat' dir='ltr'>Prior</span> <span class='ocrx_word' id='word_1_271' title='bbox 1515 4051 1679 4160; x_wconf 87' lang='lat' dir='ltr'>jusserat.</span> <span class='ocrx_word' id='word_1_272' title='bbox 1743 4070 1746 4075; x_wconf 85' lang='grc'><strong>’</strong></span> 
     </span>
     <span class='ocr_line' id='line_1_31' title="bbox 228 4157 1735 4368; baseline -0.004 -112"><span class='ocrx_word' id='word_1_273' title='bbox 228 4168 275 4257; x_wconf 79' lang='lat' dir='ltr'>At</span> <span class='ocrx_word' id='word_1_274' title='bbox 299 4178 416 4258; x_wconf 69' lang='lat' dir='ltr'>node</span> <span class='ocrx_word' id='word_1_275' title='bbox 445 4165 632 4261; x_wconf 82' lang='lat' dir='ltr'>diabolus</span> <span class='ocrx_word' id='word_1_276' title='bbox 654 4157 822 4257; x_wconf 85' lang='lat' dir='ltr'>sormam</span> <span class='ocrx_word' id='word_1_277' title='bbox 851 4166 1057 4282; x_wconf 79' lang='lat' dir='ltr'>praeferens</span> <span class='ocrx_word' id='word_1_278' title='bbox 1079 4164 1299 4287; x_wconf 72' lang='lat' dir='ltr'>angelicam</span> <span class='ocrx_word' id='word_1_279' title='bbox 1322 4172 1499 4286; x_wconf 88' lang='lat' dir='ltr'>apparuit</span> <span class='ocrx_word' id='word_1_280' title='bbox 1520 4168 1703 4368; x_wconf 57' lang='lat' dir='ltr'>digeram:</span> <span class='ocrx_word' id='word_1_281' title='bbox 1731 4206 1735 4214; x_wconf 73' lang='lat'><em>=</em></span> 
     </span>
    </p>

    <p class='ocr_par' dir='ltr' id='par_1_7' title="bbox 1405 4305 1678 4365">
     <span class='ocr_line' id='line_1_32' title="bbox 1405 4305 1678 4365; baseline 0 -9"><span class='ocrx_word' id='word_1_282' title='bbox 1405 4348 1419 4356; x_wconf 74' lang='grc'><em>.</em></span> <span class='ocrx_word' id='word_1_283' title='bbox 1617 4305 1678 4365; x_wconf 84' lang='lat' dir='ltr'>m-</span> 
     </span>
    </p>
   </div>
   <div class='ocr_carea' id='block_1_6' title="bbox 0 0 1904 4988">
    <p class='ocr_par' dir='ltr' id='par_1_8' title="bbox 0 0 1904 4988">
     <span class='ocr_line' id='line_1_33' title="bbox 0 0 1904 4988; baseline 0 0"><span class='ocrx_word' id='word_1_284' title='bbox 0 0 1904 4988; x_wconf 95' lang='lat' dir='ltr'> </span> 
     </span>
    </p>
   </div>
  </div>
 </body>
</html>
