3772 4988
73 274 76 316 ἶ
227 319 331 418 ³¹4
504 374 540 439 4
577 281 1360 418 Reveln.deAgreua.Pars.11..

336 519 436 594 4¹2·
476 489 517 577 8.
540 483 684 602 Joseph
701 492 866 603 agnovit
892 493 931 572 de
956 485 1136 572 adoravit
1160 484 1338 572 Verbum
1359 483 1600 574 incarnatum
1625 493 1664 576 in

222 631 336 693 utero
360 609 549 715 virgineo.
605 610 703 690 Non
727 632 790 691 me
809 602 1000 688 detinebo
1019 608 1057 687 io
1081 601 1322 685 recensendis
1340 594 1423 686 aliis
1447 606 1666 715 praerogati-

183 747 188 755 ·
219 729 277 806 vis
301 717 484 805 conceffis
505 722 545 802 S.
567 713 754 830 Josepho,
781 745 870 833 quae
890 719 985 802 mihi
1005 711 1164 799 fuerunt
1186 709 1368 814 revelata,
1402 723 1497 831 quia
1521 721 1668 831 indige-

220 858 305 921 rent
323 829 505 946 longiore
517 841 691 916 madatu.

336 975 435 1051 4¹4·
466 951 530 1030 De
548 949 605 1028 hir
626 949 665 1028 dr
690 937 820 1034 nulus
839 936 923 1026 aliis
941 944 1126 1056 mysteriis
1140 937 1235 1027 nihil
1255 937 1480 1053 scripserunt
1496 946 1667 1058 Evange-

220 1058 322 1160 leste,
347 1066 484 1172 partim
508 1063 600 1174 quia
621 1063 664 1143 Β.
687 1061 737 1141 V.
760 1060 801 1140 dc
821 1061 861 1139 S.
880 1058 1026 1168 Jol'epb
1043 1084 1090 1141 ea
1110 1083 1193 1141 non
1217 1055 1567 1156 manifestaverunt,
1586 1087 1668 1171 par·

220 1177 291 1258 tim
340 1179 402 1258 uia
424 1197 506 1258 erat
526 1199 607 1257 non
639 1168 890 1278 *neceilanum
910 1176 951 1254 in
982 1175 1174 1283 primitiva
1198 1167 1363 1256 Ecclefia
1387 1196 1457 1257 aut
1481 1167 1577 1256 utile
1598 1199 1668 1283 pro

221 1200 446 1401 gentilibus,
470 1289 542 1400 qui
558 1283 770 1397 potuiilent
788 1287 847 1367 his
875 1285 1158 1369 narrationibus
1179 1279 1342 1370 offendi
1367 1336 1381 1354 ·
1443 1290 1605 1382 Fateor,
1629 1290 1668 1370 in

217 1402 299 1485 boc
319 1396 409 1511 ipso,
422 1396 526 1484 libro
542 1399 820 1510 comprehendi
840 1393 971 1511 aliqua
987 1401 1191 1513 mysteria,
1210 1425 1379 1514 quorum
1395 1395 1514 1511 plena
1535 1399 1667 1515 cogni·

219 1518 279 1600 tio
294 1510 503 1599 reservatur
523 1518 562 1597 in
585 1513 690 1597 diem
718 1518 878 1596 extremi
899 1515 1043 1618 judicii.

333 1655 432 1732 4²0·
452 1657 551 1729 42¹·
577 1622 763 1736 Josepbus
787 1627 927 1711 adorat
945 1631 1078 1710 Deum
1103 1629 1145 1711 in
1161 1648 1275 1723 utero
1292 1630 1484 1742 virgineo,
1514 1630 1557 1711 de
1578 1652 1663 1714 eum

217 1740 329 1829 vider
345 1738 452 1857 quali
474 1767 545 1854 per
564 1735 1067 1855 crystallum-corporaliter.
1170 1809 1177 1827 .

333 1870 430 1958 42‘3.
456 1858 493 1940 S.
512 1851 704 1967 Josepbus
721 1860 759 1936 ἃ
778 1862 820 1938 Β.
846 1857 890 1936 V.
917 1857 959 1937 in
982 1855 1109 1939 domo
1136 1879 1211 1938 nec
1239 1853 1457 1942 habuerunt
1475 1849 1662 1955 ancillam,

216 1993 291 2054 nec
307 1965 509 2053 famulum.
566 1972 721 2052 Domus
744 1966 860 2051 divisa
881 1991 962 2051 erat
975 1974 1014 2051 in
1032 1972 1103 2052 tria
1121 1963 1309 2054 cubicula.
1369 1971 1412 2053 ln
1432 1995 1516 2053 uno
1535 1972 1573 2053 S.
1592 1974 1661 2073 Jo-

217 2077 354 2195 sephus
368 2080 610 2168 dormiebatt
643 2086 683 2164 in
703 2077 825 2164 altero
843 2076 1067 2170 laborabam
1094 2086 1133 2164 in
1153 2087 1270 2166 tertio
1283 2081 1505 2165 dormiebat
1521 2087 1567 2167 B.
1582 2087 1663 2167 Vir·

243 2220 284 2278 o.
345 2198 438 2278 Eam
456 2197 552 2278 verb
573 2196 611 2277 S.
631 2189 821 2305 Josephus
849 2190 1058 2306 aliquoties
1087 2202 1229 2308 reperit
1249 2201 1289 2278 in
1307 2193 1448 2293 uuafi,
1473 2191 1660 2282 elevatam

215 2221 389 2396 {certat
417 2303 566 2392 lumine
586 2304 862 2393 circumfusam.
919 2306 1018 2393 Aliis
1038 2312 1188 2395 vicibus
1210 2335 1295 2395 cam
1316 2312 1516 2422 repetitio
1537 2306 1661 2395 forma

214 2426 336 2507 mucis
353 2421 526 2535 expanfis
547 2421 722 2506 manibus
747 2445 936 2507 orantem.

330 2565 430 2642 424.
486 2541 530 2621 Β.
560 2541 610 2623 V.
638 2563 721 2621 non
746 2530 896 2620 solebat
924 2537 1030 2619 exire
1073 2536 1229 2638 domo,
1265 2533 1334 2619 nist
1371 2535 1427 2619 ob
1471 2529 1659 2622 servitium

52 2747 55 2751 ⁴
214 2648 295 2735 Dei
320 2674 389 2736 aut
413 2653 616 2763 proximie
671 2645 875 2736 necessaria
901 2654 1006 2734 enim
1042 2646 1231 2736 afferebat
1265 2647 1396 2764 aliqua
1432 2647 1574 2736 mulier
1608 2654 1658 2735 vi·

213 2786 311 2851 Cina·
984 2837 994 2858 .
1420 2814 1424 2823 ·

330 2902 428 2980 4²5·
454 2880 672 2990 Nunquain
686 2870 761 2960 visa
779 2874 891 2963 fuiti
912 2877 951 2962 S.
970 2871 1144 2988 Josepho
1158 2877 1341 2962 dormire.
1396 2877 1442 2961 ln
1465 2872 1574 2964 ledo
1592 2878 1657 2963 ba·

212 2986 335 3076 bebat
356 2993 451 3077 duas
476 2989 667 3103 stragulae,
688 2993 788 3077 intra
809 3018 907 3105 quas
935 2993 1094 3075 brevem
1114 2991 1288 3075 somnum
1313 2990 1509 3102 carpebat.
1582 2994 1660 3078 Ca·

212 3103 316 3193 mifia
338 3132 419 3190 erat
444 3106 565 3191 lineae
595 3108 694 3187 hanc
720 3111 875 3189 retinuit
891 3107 1057 3190 eandem
1075 3105 1126 3189 ab
1143 3133 1195 3189 eo
1214 3131 1413 3217 tempore,
1435 3132 1520 3219 quo
1541 3111 1656 3190 exivit

210 3219 453 3306 eConviciu
476 3214 691 3331 puellarum
716 3216 884 3331 Templi.
942 3224 1039 3304 Non
1056 3225 1159 3303 enim
1183 3218 1467 3331 antiquabatur,
1499 3246 1575 3304 nec
1590 3222 1656 3305 dc·

210 3334 420 3416 terebatur.
506 3336 684 3414 Exterior
703 3336 813 3416 vestis
833 3356 914 3417 erat
931 3337 1073 3416 cinerei
1095 3329 1259 3421 colorise
1288 3338 1385 3416 banc
1405 3338 1444 3415 dc
1462 3330 1655 3419 velamen·

210 3467 295 3529 tum
321 3450 453 3555 capitis
471 3444 579 3528 serbin
598 3446 794 3544 mutabat,
815 3474 897 3530 non
922 3450 1015 3560 quia
1040 3472 1150 3530 erant
1171 3449 1333 3544 detrita,
1367 3441 1432 3530 scd
1453 3473 1506 3532 ne
1524 3446 1653 3531 obser·

210 3582 365 3643 vacetur
392 3559 442 3641 ab
477 3556 568 3642 abis.
651 3558 761 3644 Niiul
792 3588 952 3658 eorum,
982 3589 1082 3672 quae⁴
1109 3568 1149 3645 in
1180 3557 1250 3645 suo
1282 3565 1457 3672 virgineo
1487 3584 1654 3673 corpore

88 3705 91 3709 ¹
241 3674 395 3766 occavit,
419 3667 492 3756 fuit
512 3694 565 3754 un
597 3697 685 3756 uam
703 3677 969 3786 denigratum,
987 3699 1052 3757 aut
1072 3674 1323 3776 sordidatum,
1338 3678 1651 3787 quia-nunquam

208 3697 381 3882 licuerit,
409 3812 482 3870 nec
512 3699 615 3896 palla
649 3790 703 3870 est
734 3783 806 3872 alia
829 3789 1105 3885 incommoda,
1132 3815 1220 3901 quae
1252 3785 1463 3872 sentiuntur
1494 3787 1547 3873 ab
1574 3783 1653 3872 aliia

237 3924 372 3983 eccato
392 3897 568 4014 originali
590 3899 775 4008 subjectis.
856 3899 1037 3986 Similiter
1061 3929 1183 4012 opera
1217 3926 1399 3985 manuum
1430 3907 1536 4008 ejus,
1566 3926 1651 4013 que

107 4082 110 4088 .
205 3924 435 4116 lbbotabat,
476 4039 586 4100 erant
615 4013 872 4102 immaculata.
962 4019 1177 4130 Nunquam
1208 4013 1445 4102 comedebat
1484 4040 1649 4114 carnem,

1511 4155 1648 4244 ‘1⁹²⁰'ss
