3796 4994
536 223 736 323 Revelat.
768 226 814 319 S.
840 210 1092 348 Elisaberhae
1114 220 1361 358 Scbdnaug.
1548 256 1664 362 ·195
1716 234 1720 239 “

214 452 303 541 quo
332 429 455 539 magis
480 426 629 511 habent
656 424 894 513 absurditatis
921 431 962 508 dt
989 425 1234 511 confusionis.
1298 422 1444 514 Sufficit
1470 432 1585 544 igitur
1615 435 1665 518 ad

214 568 286 626 eos
303 541 571 652 decipiendos,
591 566 634 624 ut
653 540 750 624 ideae
773 564 898 622 rerum
917 543 958 622 in
983 564 1180 624 conventu
1203 543 1391 654 gestarum
1427 541 1499 626 srnt
1526 549 1663 630 vividae

216 660 256 739 dt
279 653 462 751 terrifica,
483 655 599 766 quod
622 651 827 738 necessario
850 657 1063 765 continget,
1100 658 1190 766 quia
1211 655 1264 738 ibi
1297 682 1423 752 nova,
1445 654 1659 758 insolentia,

216 774 257 851 δι
286 769 460 853 inusitata
490 765 640 877 prorsus
672 770 805 880 agitari
832 767 1051 849 creduntur.
1136 774 1193 850 lta
1221 775 1262 852 P.
1281 764 1567 855 Mallebranclrc
1592 775 1661 857 ad·

216 883 316 967 dens
335 883 417 966 dari
437 881 600 995 quidem
620 908 735 965 veros
760 879 970 975 veneficos,
993 874 1058 962 scd
1083 906 1203 965 ratos.
1287 887 1384 966 Non
1407 879 1568 969 multum
1588 886 1657 969 ab·

211 992 337 1081 fimile
362 990 582 1106 exemplum
610 991 727 1078 refert
755 997 798 1080 P.
824 996 995 1093 Joannes
1026 995 1153 1076 Nider
1181 1000 1223 1077 in
1254 992 1322 1079 suo
1346 999 1388 1080 L
1413 998 1466 1080 dc
1494 998 1657 1083 Visroni·

215 1108 292 1191 bus
313 1116 356 1195 L.
378 1138 416 1193 a.
437 1110 489 1194 C.
511 1136 551 1207 4.
572 1108 639 1192 ubi
664 1107 713 1191 stc
733 1106 871 1190 habet:
913 1106 1101 1191 Recitabo
1122 1102 1341 1218 exemplum
1367 1111 1417 1190 ad
1440 1107 1652 1223 intelligen-

210 1220 332 1321 dum,
364 1222 576 1336 quomodo
601 1249 670 1331 per
687 1219 835 1305 somnia
856 1219 959 1302 adeo
982 1214 1215 1304 deludantur
1228 1218 1393 1331 plurimi,
1413 1248 1454 1305 ut
1482 1232 1555 1322 lam
1577 1229 1649 1308 evi·

214 1330 383 1449 gilantes
408 1339 569 1420 omnino
592 1334 629 1417 se
653 1336 866 1417 existiment
892 1337 933 1415 in
955 1338 1115 1417 veritate
1137 1330 1288 1431 vidisse,
1314 1338 1426 1448 quod
1442 1332 1527 1421 solo
1553 1336 1654 1424 sensu

214 1450 558 1561 apprehenderunt
582 1453 765 1532 interiori.
821 1450 1063 1558 Praeceptore
1091 1451 1192 1531 enim
1223 1473 1316 1531 meo
1339 1445 1530 1561 referente
1547 1451 1656 1535 audi·

215 1564 274 1658 ui,
306 1562 420 1677 quod
459 1566 571 1645 Pater
612 1561 775 1673 quidam
818 1562 936 1644 nostri
979 1559 1139 1644 Ordinis
1170 1562 1233 1657 (S.
1258 1562 1481 1664 Dormlrici)
1524 1560 1654 1649 villam

213 1681 419 1871 puandtm
436 1677 592 1773 intrarit,
614 1675 680 1758 ubi
704 1673 907 1758 foeminam
930 1674 1128 1785 quandam
1157 1676 1305 1759 invenit
1332 1675 1589 1759 dementatam
1614 1704 1655 1762 a·

249 1815 323 1887 eo,
343 1817 388 1877 ut
407 1796 598 1871 nodumo
618 1811 797 1899 tempore
814 1783 854 1872 se
866 1811 955 1868 cum
978 1787 1105 1869 Diam
1125 1790 1164 1869 dt
1187 1784 1269 1870 aliis
1285 1784 1457 1873 foeminis
1477 1787 1657 1875 transfer·-

216 1902 447 1988 ricrederet
468 1927 538 2011 per
554 1906 655 1984 aira.
737 1901 816 1984 Cui
835 1926 923 1985 cum
947 1903 1060 1983 Patet
1078 1896 1276 2011 perfidiam
1303 1903 1428 1985 verbis
1452 1926 1657 2008 conaretur

214 2010 415 2128 expellere
437 2012 662 2108 salubribus,
689 2016 862 2124 pertinax
876 2015 943 2096 illa
965 2018 1206 2123 experientia
1224 2011 1263 2097 se
1279 2011 1365 2124 plus
1378 2018 1542 2112 ‚credere
1557 2004 1655 2102 arii<

213 2132 352 2235 mavit.
438 2130 517 2210 Cui
541 2132 676 2209 Pater:
704 2130 815 2211 Sines
840 2153 936 2239 ergo
965 2152 1028 2208 me
1053 2121 1128 2209 else
1150 2122 1393 2237 presentem,
1424 2156 1512 2212 curn
1529 2133 1658 2241 proxi·

215 2241 285 2326 me
308 2243 482 2326 recedes.
559 2234 772 2353 Respondit
789 2244 873 2323 ista:
901 2242 956 2322 Ita
980 2235 1131 2350 'placetr
1162 2245 1201 2322 δι
1223 2268 1289 2323 me
1309 2243 1492 2329 recedere
1508 2245 1659 2327 videbit

216 2351 480 2469 presentibus,
503 2351 530 2437 fi
547 2347 685 2464 placet,
704 2354 861 2436 testibus
882 2354 1047 2436 idoneis.
1133 2359 1185 2436 Ut
1203 2356 1319 2464 igitur
1337 2351 1497 2437 deliram
1516 2363 1657 2441 anima-

217 2496 309 2571 rum
328 2465 482 2554 zelator
505 2468 778 2562 convinceret,
811 2469 1041 2550 adveniente
1068 2464 1134 2548 die
1161 2464 1344 2564 recessus,
1374 2494 1494 2579 quem
1530 2465 1659 2553 verula

251 2581 446 2680 refixerat,
464 2577 574 2667 affuit
595 2586 707 2664 Pater
731 2607 817 2662 cum
842 2579 923 2662 fide
950 2578 1075 2691 dignis
1098 2580 1335 2662 hominibus.
1405 2583 1461 2665 At
1485 2575 1548 2666 illa
1576 2586 1655 2668 Cu·

218 2608 381 2797 lellam,
403 2700 445 2780 in
470 2723 550 2809 qua
573 2697 674 2806 palla
692 2691 847 2778 formari
868 2687 987 2788 solet,
1005 2690 1114 2804 supra
1138 2692 1330 2775 scamnum
1357 2693 1523 2804 positam
1539 2701 1660 2781 intra·

221 2812 295 2905 vit,
325 2816 365 2892 δι
385 2807 520 2893 sedere
538 2809 594 2893 ibi
612 2810 743 2920 coepit,
764 2803 1043 2920 applicatisque
1067 2807 1193 2903 verbis
1219 2801 1403 2891 maleficis
1417 2812 1465 2891 dt
1487 2832 1660 2921 unguen·

222 2947 270 3008 to
297 2921 482 3007 reclinato
515 2927 640 3032 capite
666 2921 920 3005 obdormivit.
1001 2922 1217 3032 Statimque
1226 2938 1358 3031 ‘opere
1382 2921 1579 3006 doemonis
1600 2921 1659 3007 so·

220 3042 328 3122 mnia
359 3037 411 3121 de
441 3039 612 3120 Domina
646 3062 808 3131 venere,
836 3039 874 3114 δι
895 3033 954 3116 de·
975 3027 1056 3116 aliis
1092 3031 1415 3144 superstitionibus
1439 3052 1516 3118 tam
1544 3033 1660 3120 fortia

222 3150 384 3244 habuit,
408 3174 449 3233 ut
471 3154 509 3232 in
532 3145 657 3255 jubilo
686 3147 864 3258 quodam
896 3174 996 3228 voce
1036 3145 1208 3229 submissa
1243 3144 1463 3230 clamitaret.
1549 3151 1596 3231 Et
1621 3154 1660 3233 in

223 3265 286 3348 his
307 3260 498 3373 plaufibus
534 3267 651 3344 motis
672 3261 852 3367 manibus
873 3254 1104 3357 Cubellam,
1128 3265 1190 3351 cui
1206 3259 1415 3356 infidebat,
1438 3264 1549 3343 nimis
1575 3290 1664 3346 mo·

221 3380 295 3477 vit,
319 3402 406 3487 quae
429 3376 481 3459 de
502 3373 584 3457 alto
610 3371 768 3459 scamno
793 3398 909 3461 tuens
927 3368 1067 3457 veura
1087 3368 1314 3489 subjacentis.
1335 3398 1448 3482 caput
1470 3401 1550 3457 non
1576 3403 1663 3460 mo·

222 3491 357 3575 dicum
379 3493 573 3571 contrivit.
657 3490 706 3573 Et
726 3492 780 3571 ira
801 3492 1189 3587 interstinctum,
1212 3498 1287 3595 spec
1320 3487 1371 3566 de
1397 3482 1489 3569 loco
1517 3514 1664 3572 motam

221 3610 341 3688 Pater
360 3595 549 3684 allocutus
566 3608 640 3710 jam
659 3594 904 3713 vigilanternt
941 3598 1021 3685 ubi
1046 3597 1177 3711 quzso
1200 3601 1272 3682 es?
1299 3602 1406 3681 Num
1431 3626 1517 3682 cum
1540 3605 1664 3686 Diana

224 3714 341 3810 fissili,
368 3741 453 3827 quae
479 3717 700 3797 testimonio
722 3710 957 3825 praesentium
975 3714 1177 3823 nunquam
1204 3712 1256 3796 de
1279 3706 1447 3794 Cubella
1469 3713 1666 3799 teceffistil

225 3835 285 3916 Ex
310 3830 369 3911 his
389 3833 502 3938 igitur
520 3831 657 3937 gestis,
681 3833 718 3910 δι
749 3827 1006 3911 mediantibus
1039 3823 1168 3911 verbis
1196 3821 1393 3910 salutiferis
1416 3830 1587 3909 animum
1616 3826 1667 3911 ad

224 3941 283 4032 sui
306 3945 443 4027 erroris
469 3941 761 4025 detestationem
784 3941 959 4025 deduxit.
1339 3999 1346 4014 .

989 4053 1060 4140 ub
1090 4083 1113 4140 a
1589 4054 1673 4154 Iam
