3796 4994
227 278 337 431 'eoa
537 306 644 439 neg.
671 299 823 406 Praei.
846 335 904 405 ex
929 298 974 408 S.
990 288 1137 445 joan.
1159 301 1212 403 de
1236 308 1383 407 crure.

211 508 387 596 ¹trionem
410 535 505 593 ‘cum
524 509 641 610 Deo,
662 512 755 596 dum
780 511 869 596 suos
888 508 1026 596 oculos
1049 538 1132 597 non
1156 509 1302 597 claudit
1320 510 1504 598 omnibus
1529 506 1682 600 sensibi-

228 622 344 710 libus.
401 625 586 710 Secundi>
622 627 710 710 talia
746 622 932 712 seniibiiia
970 628 1189 739 impediunt
1215 635 1255 710 δι
1280 630 1475 715 retardant
1495 634 1681 728 animum,

230 746 326 856 quia
345 736 383 823 se
407 738 622 822 detinendo
652 744 751 824 circa
774 743 841 825 ista
865 735 1049 826 senfibilia
1078 766 1159 825 non
1188 743 1228 825 ie
1250 747 1443 826 convertit
1466 741 1518 826 ad
1544 739 1685 829 intelli-

228 848 374 970 gibilia.
428 855 579 954 Tertio,
600 859 735 966 incipit
760 857 884 939 anima
903 859 1105 968 acquirere
1126 855 1427 971 propenfionem
1453 883 1499 941 ac
1515 852 1684 941 deiecit·

229 979 380 1056 tionem
402 966 453 1049 ad
477 969 544 1050 ista
564 965 761 1066 sensibilia,
788 973 914 1081 iisque
932 970 984 1054 iic
1008 970 1219 1066 adherere,
1239 994 1282 1054 ut
1297 973 1348 1054 ad
1372 998 1503 1054 veram
1525 971 1682 1055 abdica·

215 1086 404 1173 tionem,
451 1085 779 1181 exinanitionem,
821 1108 868 1165 ac
916 1082 1223 1168 denudationem
1261 1079 1316 1168 sui
1354 1112 1438 1168 non
1474 1089 1679 1199 pertingat.

205 1186 387 1314 ¹Quartd
413 1201 553 1280 amittit
582 1200 696 1281 etiam
724 1192 829 1309 ipsos
858 1195 990 1280 bonos
1017 1193 1200 1297 effectus,
1220 1197 1244 1282 a
1265 1198 1359 1283 Deo
1382 1205 1423 1282 in
1445 1193 1514 1282 tali
1530 1203 1680 1312 appari·

198 1409 201 1413 ,
227 1316 340 1398 tione
362 1310 491 1394 divina
515 1307 689 1396 causatos
713 1317 753 1396 in
776 1313 925 1412 animo,
947 1316 1040 1423 quia
1070 1306 1208 1396 ocutos
1234 1308 1324 1395 suos
1341 1315 1536 1425 immergit
1559 1318 1602 1398 in
1624 1313 1697 1411 id,

228 1425 344 1541 quod
373 1429 414 1507 in
449 1423 508 1507 his
539 1426 845 1541 apparitionibus
874 1426 928 1509 est
963 1420 1199 1523 vdiffimum,
1238 1453 1381 1538 nempe
1409 1431 1450 1510 in
1483 1423 1681 1513 i‘eniibiiia.

229 1539 385 1652 Quinrb
411 1538 539 1650 perdit
561 1539 669 1623 dona
698 1545 739 1622 dc
761 1539 953 1624 beneficia
973 1543 1063 1638 Dei,
1078 1543 1171 1652 quia
1193 1567 1238 1624 ea
1265 1567 1353 1624 cum
1372 1540 1595 1626 inordinata
1612 1542 1679 1627 ad-

227 1653 395 1741 haesione
411 1657 569 1766 recipit,
595 1658 636 1736 de
660 1678 742 1738 non
768 1654 873 1737 bene
891 1647 964 1735 iliis
986 1657 1126 1742 oritura
1166 1681 1257 1738 nam
1283 1683 1328 1738 ea
1348 1682 1436 1738 eum
1459 1656 1680 1744 inordinata

227 1764 436 1855 affcctione
459 1771 643 1878 recipere,
667 1795 743 1853 nec
761 1772 808 1851 iis
832 1771 887 1852 uti
918 1761 1060 1852 utiliter
1091 1767 1142 1850 ad
1161 1771 1281 1852 finem
1307 1769 1332 1855 d
1356 1770 1451 1852 Deo
1470 1772 1679 1869 intentum,

166 1884 172 1891 ’
226 1884 335 1970 idem
364 1884 430 1978 est,
453 1909 499 1965 ac
521 1878 623 1966 velie
650 1910 696 1968 ea
715 1879 840 1969 solum
856 1884 1029 1994 recipcre
1054 1882 1106 1965 ad
1134 1877 1238 1966 suam
1266 1877 1599 1981 ouleattionen,
1626 1885 1676 1970 ad

225 2027 347 2114 quem
372 2022 501 2080 tamen
530 1994 649 2081 finem
674 1999 787 2081 Deua
816 2023 967 2081 canon
992 1995 1192 2081 concedit,
1251 1996 1373 2080 Sextd
1402 2000 1571 2108 quando
1589 1997 1676 2087 raba

226 2115 497 2208 admittuntur,
527 2119 695 2223 aperitur
716 2108 905 2195 doemoni
923 2117 1050 2214 ianua,
1083 2138 1125 2195 ut
1149 2107 1233 2195 aliis
1253 2112 1559 2222 apparitionibus
1577 2113 1675 2200 simi·

215 2222 328 2314 libus
349 2229 514 2308 animam
538 2228 726 2337 decipiatr
754 2250 885 2339 neque
910 2219 1193 2348 cnimgdifficile
1210 2225 1279 2342 ipfi
1301 2226 1383 2322 cst,
1410 2223 1560 2341 fingere
1575 2228 1675 2314 iimi-

129 2388 133 2395 ·
212 2340 298 2438 ies,
323 2366 368 2424 uc
395 2339 510 2421 bonae
537 2364 769 2451 appareants
795 2367 909 2437 nam,
939 2361 983 2424 ut
1014 2333 1192 2454 loquitur
1220 2334 1458 2454 Apostolus,
1489 2347 1606 2429 novit
1638 2340 1676 2431 sc

219 2452 497 2545 transformare
517 2461 557 2538 in
576 2449 761 2567 angeium
788 2451 893 2538 lucis.
947 2456 1088 2567 itaque
1109 2458 1244 2539 aoimae
1271 2452 1518 2541 neceffarium
1539 2461 1610 2567 cst,
1632 2482 1676 2546 ut

222 2569 418 2680 ejrrsmodi
444 2573 705 2681 apparitiones
725 2593 793 2653 aut
816 2567 1046 2653 sensationcs
1072 2564 1196 2653 oculis
1221 2565 1354 2653 claustr
1376 2575 1536 2679 rejiciat,
1552 2573 1675 2660 undo·

225 2711 381 2797 cunque
401 2685 557 2767 dctnum
588 2690 751 2769 veniant.
812 2689 933 2779 Nam,
960 2682 986 2766 st
1013 2684 1092 2766 hoc
1116 2681 1245 2767 facere
1271 2681 1469 2799 negligat,
1489 2685 1601 2773 dabit
1617 2685 1675 2773 io·

225 2827 314 2886 cum
343 2798 647 2995 apparitionibus
672 2826 717 2882 ae
746 2795 1020 2882 sensationibus
1047 2797 1373 2910 provenientibus
1403 2797 1428 2885 a
1467 2801 1673 2904 doemone,

211 2914 355 3029 'fitque
381 2909 431 2993 'ii
458 2913 646 2997 tribuetur
675 2937 777 2997 tanta
804 2914 985 3024 potestas,
1010 2935 1054 2995 ut
1078 2911 1318 3027 frequentius
1346 2911 1441 3000 loco
1466 2923 1676 3030 apparitio·

223 3058 315 3118 num
337 3028 550 3111 divinarum
573 3028 824 3112 admittantur
845 3021 1060 3123 diabolicae,
1080 3052 1199 3139 prout
1220 3025 1349 3114 multis
1364 3033 1527 3116 incautis
1540 3059 1588 3119 ac
1606 3037 1674 3119 im·

219 3149 353 3265 peritis
384 3141 583 3225 animabus
604 3147 779 3255 contigit,
801 3170 889 3257 quae
917 3165 995 3224 ram
1017 3145 1263 3252 pertinaciter
1279 3170 1325 3227 ac
1343 3146 1591 3232 confidenter
1616 3150 1676 3234 his

220 3255 526 3373 impreffionibus
541 3253 780 3354 inhaeserunt,
795 3284 933 3342 utnon
954 3255 1022 3339 nist
1044 3262 1214 3340 maximo
1237 3286 1327 3343 curn
1348 3255 1488 3345 labore
1505 3262 1558 3346 ad
1573 3267 1673 3348 viam
1712 3332 1716 3341 .

219 3379 393 3489 puritatis
429 3369 523 3454 fidei
551 3380 751 3482 potuerint
788 3373 954 3459 reducis
1003 3373 1127 3453 immo
1155 3368 1306 3474 multae,
1343 3380 1382 3458 in
1412 3375 1560 3487 quibus
1589 3380 1690 3485 dm·-

219 3517 318 3574 mon
334 3494 410 3595 jam
429 3482 522 3568 airas
544 3488 691 3569 radices
712 3510 858 3597 egerat,
885 3511 1086 3598 nunquam
1108 3481 1270 3599 amplius
1296 3492 1338 3571 in
1368 3516 1454 3571 cam
1483 3495 1589 3576 viam
1614 3518 1674 3577 ro·

205 3601 332 3690 uersa
355 3596 451 3683 sunt.
511 3602 648 3713 ltaque
670 3597 887 3685 consultum
919 3600 994 3697 est,
1023 3627 1160 3686 omnes
1192 3596 1289 3686 tales
1319 3601 1484 3687 vifiones
1516 3610 1675 3715 rejicere

220 3714 353 3804 ciansrs
372 3709 510 3810 oculis,
535 3719 575 3795 dr
601 3718 739 3799 timere
762 3738 922 3802 omnest
950 3741 998 3797 err
1022 3717 1079 3816 iis,
1106 3743 1193 3828 quae
1215 3723 1452 3828 proveniunt
1472 3717 1497 3802 ai
1514 3720 1677 3808 doemo-
1709 3803 1712 3808 .

217 3858 270 3920 tte
291 3827 503 3944 sequuntur
518 3855 665 3912 errores
680 3834 722 3912 de
742 3830 1018 3940 deceptionem
1050 3856 1097 3912 ex
1121 3832 1166 3912 iis
1186 3834 1295 3928 verb,
1310 3834 1404 3943 qure'
1415 3826 1500 3918 sunt
1519 3833 1546 3920 a
1566 3839 1675 3938 Deo,

212 3952 543 4057 'impedimentum
572 3941 686 4034 fideis
730 3970 891 4029 econtra
926 3940 952 4025 fi
982 3949 1224 4045 rejiciuntur,
1254 3941 1507 4045 nihilominus
1543 3954 1676 4038 anima

222 4059 369 4178 colligit
391 4058 478 4145 duos
499 4051 655 4146 fructus.
713 4061 761 4146 Et
777 4058 886 4164 ficut,
906 4055 935 4143 fi
953 4064 1080 4145 anima
1109 4051 1194 4148 illas
1222 4061 1418 4167 admittit,
1440 4062 1554 4152 Deus
1583 4071 1677 4154 dein

1588 4177 1674 4270 dias
