3796 4994
596 238 905 340 Revelarioner
935 242 984 338 S.
1019 233 1266 339 Gertrudir.
1557 273 1652 370 103

216 455 256 534 dr
284 451 446 534 nornine
466 471 568 532 meo
588 442 755 539 dixeris,
788 470 867 557 ego
899 447 939 529 in
976 446 1142 529 vobete
1179 439 1396 533 confirmor
1437 446 1663 559 cuicunque

214 588 397 678 practerea
422 563 473 645 de
500 563 679 643 bonitate
708 585 794 640 mea
819 553 968 670 aliquid
997 555 1212 668 promiseris
1238 563 1277 641 in
1304 584 1424 655 terra,
1453 587 1532 673 ego
1560 558 1661 649 illud

213 678 365 764 firmum
394 699 602 784 ratumque
625 671 784 755 habebo
811 675 853 753 in
880 667 1005 756 coelis.
1092 672 1161 756 Ad
1188 674 1268 754 baec
1295 665 1361 754 illa
1388 675 1567 757 Domino
1596 704 1660 763 re·

213 791 391 902 spondit:
453 791 640 880 Domine,
670 811 747 892 ego
780 778 983 882 dolerem,
1020 783 1135 895 siquis
1162 784 1254 867 inde
1283 785 1573 871 damnationem
1597 794 1657 873 in·

215 929 393 997 curreret,
416 899 543 1013 spiriru
563 925 627 982 me
649 900 699 980 ad
720 892 965 1009 loquendum
987 894 1223 1008 impellente,
1252 903 1289 980 δι
1315 897 1484 999 dicente,
1508 897 1658 990 nullum

213 1015 288 1104 esse
315 1014 513 1110 delictum,
541 1010 655 1137 quod
678 1006 774 1094 illud
801 1014 1033 1121 impunitum
1056 1035 1232 1110 maneae,
1257 1016 1296 1095 ἃ
1318 1007 1390 1094 alia
1412 1013 1658 1118 hujusmodis

216 1135 277 1217 cui
298 1132 492 1213 Dominus
513 1125 731 1236 responditi
768 1124 947 1236 Quando
970 1124 1114 1229 justitie
1146 1129 1439 1237 animarumque
1467 1124 1568 1212 Zelo·
1593 1156 1658 1215 ur-

216 1270 333 1358 gente
355 1241 578 1348 bujusmodi
600 1234 787 1350 loqueris,
806 1231 1011 1321 clementia
1031 1263 1117 1320 mea
1137 1239 1352 1335 hominem,
1371 1243 1433 1322 cui
1449 1233 1581 1332 locuta
1601 1249 1671 1346 es,'

166 1360 449 1469 *preveniens
486 1354 740 1447 admonebit,
778 1375 819 1435 ut
848 1351 900 1432 de
929 1376 1036 1435 reatu
1057 1345 1127 1434 suo
1146 1357 1359 1461 poeniteat,
1391 1381 1441 1437 ne
1465 1351 1657 1444 ultionem
1743 1360 1745 1364 ’
1850 1453 1855 1461 ,

213 1469 518 1583 suppliciumque
555 1490 807 1549 contemnens
833 1463 951 1548 verba
976 1489 1043 1547 tua
1076 1491 1367 1549 commereatur.
1451 1473 1562 1552 Tunc
1594 1467 1661 1557 isla

216 1580 337 1668 rursus
364 1582 414 1666 ad
434 1584 648 1663 Dominum
673 1572 841 1689 loquens
870 1583 940 1661 ait:
987 1579 1026 1660 Si
1054 1581 1144 1663 vere
1171 1583 1224 1661 ita
1251 1581 1335 1675 est,
1359 1581 1474 1690 quod
1493 1607 1561 1664 tua
1579 1584 1658 1668 bo·

216 1702 312 1780 nitas
333 1722 407 1781 ore
432 1720 524 1777 meo
540 1688 736 1805 loquatur,
765 1717 832 1774 cur
859 1714 951 1774 tunc
967 1691 1094 1775 uerba
1117 1717 1204 1774 mea
1228 1696 1269 1777 in
1299 1694 1533 1803 quibusdam
1552 1700 1657 1784 adeb

216 1837 349 1923 parum
384 1804 615 1919 proficiunt,
649 1831 753 1916 quos
788 1827 921 1887 tamen
958 1827 1062 1916 opto
1093 1827 1176 1887 tam
1200 1802 1393 1888 ferventer
1420 1808 1463 1889 in·
1489 1813 1545 1893 tui
1574 1806 1664 1894 lau·'

217 1928 308 2007 dem
336 1928 374 2005 ἃ
397 1946 530 2003 cotum
550 1945 786 2028 promovere
809 1912 1000 2001 salutem?
1031 1921 1094 2002 cui
1115 1914 1312 2029 respondit
1335 1920 1529 2003 Dominus
1539 1958 1553 2005 ε.
1588 1928 1657 2008 Nc

217 2040 375 2131 mireris,
402 2035 514 2145 quod
535 2032 652 2115 verba
671 2057 735 2115 tua
759 2032 1003 2144 quandoque
1023 2035 1175 2142 absque
1195 2028 1321 2116 frusiu
1337 2058 1509 2131 manens,
1532 2063 1658 2147 quan·

218 2151 272 2233 do
300 2176 364 2232 me
387 2173 550 2258 quoque
574 2146 803 2255 predicante
830 2144 948 2229 verbu
972 2171 1058 2227 mea
1078 2172 1168 2253 ,non
1192 2150 1234 2229 iit
1266 2149 1442 2229 omnium
1475 2150 1662 2247 cordibus,

217 2259 382 2346 siusium
406 2257 531 2344 salutis
558 2257 830 2369 operabantur.
941 2261 990 2341 Et
1009 2260 1054 2342 s..
1086 2287 1125 2360 3.
1147 2260 1202 2344 C·
1223 2280 1293 2359 84.
1321 2284 1410 2342 cum
1434 2262 1474 2344 S.
1498 2265 1659 2347 Gertru-

217 2377 286 2459 des
317 2396 620 2488 conquereretur
649 2371 711 2466 ad,
726 2372 955 2465 Dominum,
984 2372 1100 2482 quod
1124 2399 1208 2455 non
1237 2367 1361 2456 fuisset
1386 2375 1564 2458 exaudita
1584 2402 1660 2484 pro

218 2485 349 2601 aliqua
373 2484 534 2598 persona
564 2510 586 2567 a
610 2511 689 2596 qua
714 2477 872 2567 volebat
894 2477 980 2567 tolli
1009 2485 1196 2594 quasdam
1222 2489 1273 2567 im
1305 2482 1546 2584 erfeciiones,
1568 2489 1660 2572 Do-

218 2609 343 2685 minus
363 2598 591 2711 rrspondit:
646 2603 753 2681 Sicut
779 2600 859 2682 Rex
889 2625 970 2681 non
1000 2623 1136 2708 purgat
1166 2600 1243 2681 stab
1284 2615 1353 2682 ‘um
1383 2595 1454 2684 suis
1482 2602 1661 2687 manibus

220 2721 311 2826 quia
335 2741 415 2796 non
443 2713 618 2800 deceretr
645 2711 694 2794 sic
716 2737 794 2822 ego
823 2706 969 2793 nullum
993 2715 1218 2794 conventui
1240 2705 1356 2813 malo,
1374 2717 1414 2794 in
1432 2715 1548 2827 quod
1563 2741 1660 2826 pro·

221 2835 304 2939 pria
330 2825 532 2911 voluntate
561 2826 715 2922 incidit,
741 2822 810 2907 nisi
839 2821 919 2937 ipse
943 2824 1094 2908 sibimet
1115 2830 1192 2907 vim
1221 2822 1387 2910 infereus
1416 2823 1660 2915 voluntatem

220 2965 368 3036 mutet,
398 2946 436 3027 δι
467 2938 657 3023 exhibeas
680 2935 717 3020 se
753 2940 846 3020 milii
886 2939 1090 3021 amabilem
1128 2942 1426 3024 &decentem
1506 2946 1564 3025 Ex
1600 2944 1660 3027 his
1731 2970 1734 2980 ⁴

181 3110 186 3121 ,
219 3079 338 3166 patet,
366 3049 563 3167 generales
587 3050 852 3163 promissiones
872 3051 1013 3163 quibus
1035 3053 1075 3136 S.
1098 3052 1286 3136 Gertrudi
1304 3057 1660 3163 promittitur‘con·

220 3168 342 3251 versio
368 3172 528 3274 cujusvis
557 3171 784 3276 peccatoris,
814 3193 885 3361 pro
911 3191 997 3277 quo
1027 3166 1204 3262 oraverit',
1228 3161 1291 3248 vel
1316 3171 1377 3248 cui
1403 3165 1661 3252 remissionem

217 3277 453 3393 promiserit,
481 3275 556 3363 esse
593 3303 655 3363 tot
692 3274 814 3362 clausu
832 3283 862 3360 is
901 3283 939 3360 dt
968 3273 1258 3362 limitationibus
1293 3284 1332 3361 δι
1370 3279 1660 3364 conditionibus

217 3400 409 3489 munitas,
435 3416 476 3475 ut
502 3417 641 3505 egeant
665 3395 970 3490 commentari03
1019 3387 1143 3504 quasis
1172 3391 1316 3481 modus
1349 3385 1542 3503 loquendi
1577 3421 1661 3478 nun

218 3509 372 3592 videtur
402 3512 609 3588 convenire
637 3507 800 3589 Christo,
884 3508 925 3589 si
950 3503 1114 3600 dicatur,
1147 3507 1260 3618 quod
1292 3510 1405 3589 eriam
1426 3507 1599 3591 Christus
1619 3514 1661 3592 in

217 3615 429 3731 Evangelio
471 3617 609 3702 talibus
657 3611 896 3731 generalibus
932 3613 1245 3728 promissionibus
1287 3616 1372 3704 usus
1404 3615 1531 3704 suerit.
1560 3648 1662 3734 ug.

218 3737 356 3820 Mattb.
393 3757 453 3827 ιιι.
509 3734 547 3819 Si
574 3728 651 3816 duo
677 3758 731 3816 eac
752 3727 865 3816 vobis
894 3727 1141 3843 consenseritis
1158 3730 1273 3844 super
1296 3743 1462 3831 serram,
1490 3731 1535 3819 de
1560 3738 1663 3823 cruri

218 3873 259 3932 rr
286 3872 542 3957 quamcunque
573 3846 784 3956 petierint,
819 3843 888 3950 fies
917 3840 1040 3928 illisis
1067 3844 1185 3929 Patre
1214 3873 1307 3930 meo.
1365 3833 1660 3956 Responde'turi

220 3963 285 4046 bas
315 3957 586 4072 promissiones
614 3986 698 4044 nou
724 3954 800 4044 esse
833 3964 1004 4045 omniuo
1026 3961 1106 4043 boc
1138 3957 1288 4056 modo,
1318 3979 1364 4046 ur
1393 3963 1433 4045 iu
1452 3963 1512 4044 siis
1547 3957 1661 4062 locis,

1544 4098 1661 4185 gene.
