3796 4994
211 317 278 419 90
608 279 914 381 Revelarr'orres
949 285 992 376 S.
1034 276 1286 378 Gertrudt'st

352 486 555 594 XXXV..
621 484 675 590 L
716 529 764 617 4.
800 484 862 590 C.
904 520 983 610 32,
1055 481 1319 588 Dominus
1357 483 1429 589 ad
1459 482 1657 591 Gertru·

215 635 342 742 dem
379 640 481 735 ait:
554 626 604 731 Si
650 625 886 733 desideras
938 626 1190 762 Spiritum.
1232 627 1481 731 Sannum
1537 637 1659 732 acci·

215 807 374 916 pere,
416 793 628 906 oportet
665 793 718 873 te
754 767 822 872 ad
851 767 1082 870 modum
1119 766 1475 901 discipulorum
1520 800 1659 872 meo

216 947 335 1020 rum
376 922 514 1050 prius
555 911 695 1015 latua·
729 907 789 1014 δι.
820 940 1016 1013 manue
1045 940 1194 1012 meas·
1232 912 1542 1013 contrectate
1560 907 1662 1014 &ct

217 1057 363 1164 Hinc
393 1048 671 1157 iniufflavit·
700 1048 969 1157 Dominus
1018 1045 1275 1176 Gertrudi,
1328 1047 1553 1155 &dedit
1596 1051 1663 1154 illi

216 1197 462 1333 Spiritum
528 1191 783 1298 Sanctum»
831 1190 1050 1295 dicens:
1138 1192 1367 1324 Accipite
1416 1191 1664 1327 Spiritum

217 1336 465 1443 Sanctum
515 1343 570 1437 in
622 1331 800 1453 vobis,
838 1363 1064 1470 quorum
1108 1333 1383 1437 remiseritis
1434 1362 1666 1468 peccata,

94 1537 97 1541 ·
216 1488 549 1583 remittuntur
593 1484 675 1579 eis.
779 1474 856 1577 Ad
889 1473 1038 1611 quod
1063 1472 1184 1581 illae
1251 1473 1497 1590 Domine,
1535 1506 1660 1613 quo-

217 1619 384 1726 modo
435 1617 602 1754 potest
652 1612 763 1720 hoc
802 1611 936 1732 fieri,
985 1614 1113 1719 cbm
1168 1609 1278 1721 baec
1334 1618 1563 1754 potestas
1609 1614 1659 1719 li.-

217 1760 375 1901 gandi:
439 1757 492 1863 dc
556 1755 781 1862 solvendi·
840 1758 949 1862 iulis
1005 1758 1126 1863 data
1177 1757 1235 1862 fit
1284 1757 1659 1863 sacerdotibus?

217 1899 429 2012 Reipondit
473 1900 672 1981 Dominus
688 1933 707 1980 ε.
770 1899 1054 2011 Cuiuscunque
1100 1894 1246 1980 causam
1293 1923 1334 1980 tu
1385 1927 1455 2009 per
1491 1895 1665 2011 spiritum-

185 2114 188 2119 *
217 2031 347 2100 meum
376 2010 632 2095 discernendo
656 2015 880 2111 judicaveris
908 2039 989 2095 non
1011 2007 1085 2095 eise
1110 2007 1359 2124 culpabilem,
1383 2009 1449 2095 ilie
1477 2039 1582 2096 certe
1605 2019 1661 2097 irt-

217 2131 359 2221 noxius
379 2125 483 2234 apud
501 2152 564 2207 me
584 2124 840 2235 reputabitur,
864 2130 901 2207 ἃ
926 2133 1031 2226 cujus
1046 2122 1190 2210 eausam
1208 2122 1383 2210 discernis
1401 2122 1475 2211 effe
1495 2122 1665 2239 culpam,

217 2269 305 2332 teus
331 2265 461 2345 coram
484 2266 553 2323 me
570 2239 800 2349 apparebit„
822 2244 920 2352 quia
939 2266 1016 2348 ego
1048 2234 1191 2352 loquar
1218 2269 1289 2348 per.
1316 2267 1365 2323 oa
1385 2265 1507 2328 tuum.
1595 2239 1660 2324 Ad

252 2356 336 2440 uod
353 2338 416 2436 illa
430 2388 449 2436 r.
472 2353 583 2437 Cum·
602 2349 731 2462 sapius
750 2354 925 2466 dignatio
947 2377 1018 2436 tut
1033 2353 1190 2464 piiffime
1217 2352 1331 2437 Deua.
1344 2355 1396 2438 de
1414 2356 1493 2439 hoc
1516 2354 1670 2455 eodem

220 2386 334 2555 gono
363 2465 754 2563 metemficarent,
781 2467 878 2580 quid
906 2467 1040 2553 modo
1061 2494 1108 2550 ex
1144 2469 1224 2549 hoc
1260 2469 1477 2581 consequor
1494 2527 1517 2567 ‚.
1547 2467 1664 2582 quod'

219 2586 357 2673 iterum
388 2583 611 2666 idemmibi
646 2583 873 2664 concedis?
904 2577 1116 2691 Respondit
1142 2585 1352 2666 Dominus.
1437 2585 1544 2667 Cum
1575 2587 1667 2695 quit-

222 2693 459 2785 consecratur
490 2700 539 2779 in.
571 2698 837 2790 Diaconum,
866 2697 1130 2805 &positam
1155 2696 1435 2808 presbyterum
1457 2726 1541 2780 non
1567 2699 1660 2781 ideo

219 2811 350 2924 perdit
371 2805 552 2892 Officium
576 2810 832 2907 Dumnacus,
853 2803 1122 2910 sed-maiorem
1147 2836 1195 2892 ex
1219 2806 1434 2894 sacerdotio
1460 2809 1661 2923 consequi·

169 2929 172 2934 ’
220 2950 283 3033 tur
299 2926 523 3010 bonorem}
547 2921 597 3005 stc
615 2927 736 3006 etiam-
755 2951 845 3005 cum
867 2926 1008 3031 animat
1020 2923 1173 3007 donum
1193 2928 1362 3020 iteratur,
1385 2924 1488 3008 certe
1512 2953 1584 3036 per
1606 2951 1660 3008 re·-

220 3042 449 3154 petitionem
474 3036 618 3119 finnius
639 3041 681 3119 in
703 3063 749 3119 ea
768 3032 972 3135 stabilitur,
998 3042 1124 3148 &per
1145 3039 1225 3121 boc
1252 3032 1425 3121 cumulus
1455 3039 1660 3122 beatitudi»

221 3159 279 3238 nis
296 3156 375 3258 ejus
397 3178 443 3234 au
473 3173 682 3233 mentatur..
729 3151 771 3231 In
794 3151 866 3233 bac
892 3150 1067 3234 doctrina
1089 3153 1216 3262 primb
1243 3179 1325 3234 non
1354 3178 1526 3263 apparet,
1549 3151 1664 3265 quod

219 3263 284 3353 alii
306 3177 485 3376 discipufi·
505 3288 640 3374 preter.
662 3258 784 3346 solum
814 3264 851 3345 s.
878 3266 1076 3348 Thornam
1102 3261 1258 3349 uulnera
1285 3267 1433 3349 Christi
1449 3275 1659 3350 connecta-

219 3384 355 3464 verint.
441 3381 552 3462 Dein
571 3371 660 3459 falsa
688 3378 838 3461 videtur
858 3373 1028 3463 formula
1037 3435 1060 3476 ,·
1083 3405 1162 3497 qua
1186 3376 1383 3463 confertur
1406 3384 1572 3491 potestas
1601 3409 1658 3465 tc·

222 3490 402 3579 mittendi
429 3514 615 3603 peccataf
638 3488 833 3598 sitantum
861 3491 983 3575 habet
1003 3491 1161 3579 donum
1191 3489 1435 3601 discernendi·
1450 3496 1595 3602 justum
1611 3495 1657 3578 ab

75 3642 120 3725 J
220 3607 383 3716 injustot
423 3607 503 3688 boc
535 3609 638 3687 enim
672 3632 762 3687 non
789 3607 848 3688 est
871 3611 1066 3690 remittere
1089 3633 1316 3717 peccatum,
1347 3603 1418 3710 sed.
1438 3613 1657 3701 annuntiare

219 3714 424 3814 remissum,
450 3743 571 3830 prout
595 3713 788 3829 explicant
816 3721 1040 3805 Lutberanit
1089 3723 1273 3835 Denique
1300 3728 1445 3832 paritas.
1468 3720 1497 3806 d·
1519 3722 1659 3806 Diaco-

222 3857 314 3919 natu
344 3838 382 3914 ἃ
412 3832 678 3943 presbyteratu
718 3834 870 3918 videtur
892 3828 1043 3945 prorsus
1071 3839 1212 3948 inepta,
1241 3841 1331 3948 quia
1362 3831 1426 3933 bic
1452 3861 1534 3919 erat
1559 3865 1658 3950 qua·

222 3951 293 4031 stio
320 3947 371 4030 de
392 3953 566 4029 reiterata
592 3944 833 4030 couceffione
859 3947 1028 4053 ejusdem
1055 3951 1264 4060 potestatis.
1335 3951 1446 4033 Dein·
1468 3978 1556 4034 cum
1579 3957 1655 4032 hac

221 4066 417 4151 reiteratio
441 4089 522 4146 non
538 4060 580 4146 fit
598 4065 807 4169 meritoria,
829 4063 1040 4174 quomodo
1061 4062 1217 4176 augebit
1236 4063 1553 4148 beatitudinem?
1579 4067 1657 4146 De

1529 4183 1657 4292 nique,
