3796 4994
232 312 301 416 aa
418 385 421 388 ,
548 291 768 423 Exempla
789 280 988 424 illuster
1008 286 1124 393 Vitis
1148 280 1359 392 Parrum:

179 576 183 582 .
231 486 476 606 complexus,
498 490 562 583 illa
584 491 771 584 ululatum
796 502 1001 586 teterrime
1023 500 1135 585 vocis
1155 481 1351 598 amittens,
1376 496 1514 584 umbra
1531 490 1577 585 ut
1603 522 1685 588 erat

233 615 374 708 tenuis,
391 638 462 724 per
481 640 618 699 manus
640 611 908 728 ampledientis
930 608 1105 701 elabitur.
1162 622 1276 701 Tunc
1299 609 1511 701 multitudo
1530 617 1692 704 domno·-

214 718 329 811 fnnm
351 730 393 809 in
413 753 503 813 aere
524 724 687 818 clamata
716 737 755 815 0
776 736 847 845 qui
865 757 907 816 te
924 754 1054 843 usque
1073 729 1128 815 ad
1151 714 1305 816 coelum'
1318 725 1555 829 extollebas,
1583 759 1693 846 quo,-

30 889 33 893 ·
148 836 162 850 ‘
228 838 364 935 modo
387 841 582 930 demersus
600 873 641 930 es
662 873 790 951 usque
815 846 868 934 ad
893 840 1117 932 infernum?
1145 846 1294 934 Eadem
1317 847 1486 934 Historia
1514 872 1689 954 narratatt

231 960 274 1043 in
294 942 547 1048 Ltufiaca't.
570 993 642 1066 44.
777 1062 782 1072 ,

355 1197 391 1268 5.
417 1171 460 1254 ln
490 1145 710 1251 Historia
745 1143 983 1252 Lauslac'a
1019 1169 1167 1272 031.
1196 1166 1358 1254 dicitur:
1403 1169 1491 1255 Fuit
1524 1167 1690 1283 quidam

235 1275 401 1383 Valens,
421 1291 545 1400 quiin
569 1283 777 1374 solitudine
800 1283 928 1401 plures
957 1312 1079 1372 annos
1108 1283 1297 1368 habitavit
1328 1277 1544 1369 nobiseum.
1605 1281 1692 1399 lpse
1782 1322 1788 1332 ·

233 1395 413 1515 preclare
447 1405 499 1487 de
530 1402 568 1489 se
599 1405 816 1502 sentiebat,
859 1428 1047 1518 tanquam
1077 1426 1166 1486 cum
1197 1427 1260 1483 eo⁴
1282 1392 1518 1483 versarentur
1548 1397 1692 1513 angeli.

237 1516 427 1622 Quodam
447 1518 512 1602 die
530 1547 618 1603 cum
638 1543 865 1631 operaretur
881 1523 921 1603 in
938 1517 1107 1602 tenebris
1126 1541 1236 1598 acum
1258 1510 1410 1610 dimise,
1427 1539 1506 1627 qua
1529 1515 1693 1601 consue·

179 1658 182 1663 ·
228 1624 306 1729 ‚bat
330 1629 521 1741 sportams
552 1661 670 1747 quem
688 1661 776 1716 cum
800 1627 879 1747 ipse
900 1659 982 1717 non
1004 1625 1217 1725 invenisset,
1236 1627 1404 1715 doemon
1423 1635 1461 1712 ei
1480 1624 1574 1713 fecit
1594 1627 1694 1715 lam·

235 1745 402 1856 padem,
426 1753 464 1830 δι
493 1753 642 1833 invenit
664 1775 789 1834 acum.
863 1753 955 1832 Hoc
982 1749 1143 1831 nomine
1177 1740 1305 1829 rursus
1327 1747 1479 1828 inflatus
1514 1748 1693 1858 magnifi-

237 1883 323 1944 cam
346 1860 397 1945 de
421 1856 459 1947 se
481 1855 608 1949 induit
630 1867 877 1975 opinionem,
899 1869 938 1947 dc
964 1859 1212 1976 usqueadeo
1240 1852 1362 1943 elatus
1393 1861 1469 1956 est,
1503 1883 1546 1944 ut
1573 1864 1692 1946 etiarn

237 1999 507 2064 contemneret
520 1976 637 2092 ipsam
651 1982 989 2064 Sacramentorum
1003 1977 1354 2062 Communionem.
1412 1971 1542 2059 Semel
1556 1971 1595 2061 8.
1607 1979 1694 2060 Ma·

104 2100 111 2109 “
210 2093 360 2184 ,carius
378 2093 572 2177 Presbiter
591 2093 688 2180 misrt
710 2093 761 2176 ad
783 2088 988 2180 Valentem
1015 2084 1183 2176 bellaria.
1255 2093 1331 2174 Hic
1355 2114 1485 2175 autem
1513 2090 1695 2176 verbera·

240 2206 298 2290 vit
320 2232 424 2304 eum,
442 2213 512 2320 qui
533 2205 673 2306 attulit,
698 2208 855 2292 dicens:
881 2208 960 2292 Dic
975 2211 1162 2303 Macario,
1187 2230 1269 2289 non
1290 2199 1369 2290 sum
1387 2228 1428 2289 te
1450 2206 1636 2304 deterior,
1653 2229 1697 2290 ut

239 2341 284 2431 tu
306 2321 358 2405 ad
382 2350 447 2407 me
469 2325 597 2408 mittas
623 2323 932 2408 benedictiones.
993 2322 1101 2405 Cum
1122 2347 1218 2433 ergo
1248 2314 1316 2403 fibi
1349 2315 1582 2433 persuasisset
1607 2322 1697 2408 doe·

239 2439 351 2533 mon,
377 2464 466 2524 eum
481 2448 562 2544 ejus
580 2440 808 2551 deceptioni
830 2437 997 2523 maximi
1012 2435 1132 2523 fidem
1153 2432 1339 2533 habuisse,
1355 2434 1451 2534 abit,
1467 2440 1507 2520 dc
1530 2435 1696 2553 figuram

239 2548 456 2665 ,Servatoris
476 2553 616 2652 induit,
644 2558 684 2638 dc
714 2558 835 2641 noctu
863 2554 1014 2637 accedit
1042 2555 1083 2636 in
1106 2545 1393 2664 phantasmate,
1423 2544 1529 2635 mille
1548 2548 1695 2663 angelis

240 2661 440 2781 lampadas
461 2669 709 2769 tenentibus,
729 2673 770 2752 dt
787 2691 914 2753 rotam
940 2671 1119 2782 igneam,
1141 2670 1183 2750 in
1207 2680 1287 2780 qu'a
1316 2664 1416 2751 visus
1442 2668 1497 2751 est
1527 2663 1693 2782 figuram

238 2787 457 2894 exprimet
479 2786 713 2873 Servaroriss
757 2810 938 2896 unusque
965 2810 1055 2868 eum
1093 2783 1275 2894 praecedit
1301 2784 1341 2864 δι
1367 2781 1480 2879 dicit:
1521 2783 1697 2868 Christus

215 2908 218 2915 '
240 2892 377 2992 dilexit
405 2921 516 2982 tuum
549 2902 783 3009 institutum,
813 2903 852 2980 δι
885 2903 1016 2999 venit,
1038 2920 1081 2983 ut
1104 2920 1145 2981 te
1164 2898 1313 2985 videats
1342 2895 1530 3013 egredere
1552 2924 1650 3012 ergo
1674 2898 1696 2983 ὲ

241 3006 360 3123 cella,
383 3016 423 3095 dc
446 3040 535 3119 cum
559 3011 697 3126 procul
731 3039 822 3097 eum
847 3014 1012 3111 videris,
1043 3011 1307 3124 procumbens
1335 3039 1424 3096 eum
1452 3013 1588 3098 adora.
1646 3015 1698 3098 E·

238 3120 382 3242 gressus
406 3154 503 3242 ctgo
522 3130 794 3214 Antichristum
812 3128 1003 3213 adoravit.
1059 3122 1154 3212 Alio
1179 3131 1314 3241 itaque
1336 3127 1402 3211 die
1428 3128 1534 3213 adeo
1559 3122 1634 3213 suit
1655 3155 1698 3214 e·

214 3324 217 3329 .
238 3268 356 3335 mota
376 3247 530 3342 mentis,
551 3268 595 3329 ut
613 3244 877 3357 ingrederetur
894 3237 1113 3340 Ecclefiam,
1139 3238 1438 3326 &fraternitate
1461 3238 1699 3358 Congrege-

239 3381 280 3445 to
305 3358 465 3443 dic‘etet:
495 3360 581 3472 Ego
605 3386 689 3442 non
715 3358 847 3442 habeo
871 3385 971 3471 opus
1004 3360 1322 3446 Communionet
1364 3359 1559 3444 Christum
1592 3367 1698 3445 eninr

240 3470 322 3556 vidi
352 3474 486 3556 hodie.
571 3478 683 3558 Tunc
712 3477 859 3557 Patres-
875 3500 966 3556 cunr
1004 3498 1086 3555 uno
1110 3498 1214 3556 anno
1241 3477 1282 3556 in
1312 3472 1526 3585 compedes
1547 3468 1699 3560 ferreos

241 3590 503 3695 conjecerunt,
526 3592 566 3671 dt
587 3611 787 3684 curarunt,
819 3588 997 3700 precibus
1016 3592 1097 3690 ejus
1120 3591 1430 3699 contemptione,
1453 3590 1617 3701 vitaque
1633 3615 1699 3675 au·

239 3794 251 3808 ἦ
325 3702 483 3810 stetiotc
507 3703 754 3789 detrahentes
782 3708 861 3811 ejus
884 3697 1177 3814 persuafionem.
1236 3706 1370 3800 Nam,
1389 3725 1433 3790 ut
1455 3702 1612 3805 dicitur,

612 3816 698 3905 sunt
720 3816 1002 3905 contrariorum
1030 3818 1221 3904 contraria
1243 3842 1327 3903 mc·
1379 3876 1382 3881 ·

683 4004 685 4007 ,
765 4023 769 4029 ,
858 3931 1075 4017 dicamenta
1151 3990 1155 3996 -

1525 4191 1697 4326 Num.
1729 4163 1745 4183 “
1797 4289 1800 4298 ·
