3796 4994
603 348 711 479 Reg.
732 332 880 442 Prata
909 368 968 440 ex
991 343 1045 439 P.
1072 342 1284 442 Gravina.
1594 378 1656 478 7¹

213 550 281 640 tut
300 543 386 638 visa
403 541 576 647 strident,
603 540 815 633 diabolicas
836 550 1110 659 apparitiones,
1132 539 1372 633 circumcisus
1397 548 1478 646 est,
1501 575 1548 637 ac
1566 579 1662 667 pro-

212 664 324 753 feffut
342 658 599 771 Iudaismum,
624 668 776 775 accepit
795 689 971 773 uxorem,
998 665 1121 775 inque
1153 665 1333 746 omniunt
1361 659 1566 778 prospectu
1591 667 1662 752 ad·

213 774 343 867 tersus
370 780 610 865 Christianos
645 776 770 861 edidit
803 775 991 888 dogmata
1060 800 1303 888 ropugnator
1334 774 1457 862 factus
1495 780 1665 884 Judaicae

213 893 497 1010 superstitionis.
582 896 699 993 Hunc
722 917 800 1004 ego
825 890 905 974 vidi
934 916 980 973 ac
1002 805 1181 1002 prerique
1202 892 1504 978 Monachorutn.
1574 898 1660 980 Ne·

214 1036 295 1125 que
321 1013 429 1093 enirn
459 1030 630 1121 quatuor
663 1008 754 1090 anni
781 998 914 1089 sunta
946 1028 1075 1089 morte
1109 998 1233 1100 illius,
1262 1030 1341 1117 qut
1364 1002 1498 1092 miseri
1527 1036 1663 1118 petru-

216 1150 305 1238 ptus
330 1123 399 1207 est.
452 1122 632 1207 Cathatti
675 1121 778 1203 enirn
814 1121 1048 1230 profluvium
1087 1113 1311 1219 aliquando
1332 1115 1482 1230 passus,
1512 1125 1552 1205 dr
1575 1148 1661 1206 vet·

217 1243 337 1324 mium
363 1232 589 1321 cotroiione
616 1228 816 1341 tabescens
843 1226 1054 1344 exspiravit.
1108 1235 1226 1315 Hunc
1251 1259 1340 1315 cum
1368 1231 1586 1320 vidissemus
1619 1264 1661 1321 e·

220 1379 284 1479 go,
311 1355 354 1435 dc
369 1344 434 1435 alii
455 1351 657 1447 Monachi,
685 1350 852 1458 correpti
883 1351 1023 1430 timore
1048 1349 1196 1457 ingenti
1222 1372 1310 1429 curn
1336 1342 1442 1432 ludu
1462 1341 1664 1457 lamentati

220 1472 354 1553 iuutus.
412 1464 503 1548 Erat
516 1463 558 1546 id
577 1457 662 1545 sane
683 1460 803 1575 quint
823 1455 1037 1543 miserabile
1054 1455 1322 1571 spectaculum.
1378 1465 1449 1547 Vir
1469 1462 1533 1546 hic
1553 1486 1665 1548 totus

224 1585 442 1665 ioctnuetat
463 1583 504 1660 in
531 1578 738 1661 monastiea
768 1579 1072 1670 exercitatione,
1102 1568 1432 1688 consenueratque
1457 1572 1660 1663 laboribus

226 1699 382 1789 neritus,
409 1697 450 1774 ἃ
469 1691 675 1775 isttndetn
695 1716 783 1774 curn
809 1682 1034 1773 mulieribus
1055 1676 1217 1794 jo'cttur,
1246 1686 1365 1773 verba
1388 1686 1568 1803 loquitur
1584 1690 1660 1775 ob·

227 1806 335 1894 iterra
359 1812 401 1890 δι
433 1809 604 1917 imputa,
628 1810 669 1887 dr
693 1797 933 1916 blasphemat
962 1803 1172 1887 Christum.
1257 1803 1403 1887 Merito
1431 1805 1548 1916 igitur
1571 1806 1664 1900 Do·

229 1929 344 2009 minus
364 1919 544 2004 dicebat:
586 1913 768 2032 Vigilate,
794 1921 888 2031 qnia
910 1913 1075 2018 nescitis,
1095 1942 1175 2029 qut
1195 1916 1292 2000 hora
1307 1919 1382 2027 fur
1399 1927 1589 2005 venturus
1599 1919 1663 2028 fit.

230 2037 329 2123 idern
346 2036 509 2121 Sanctus
536 2035 648 2118 initio
671 2028 844 2140 ejusdem
867 2026 1048 2114 Homiliae
1075 2024 1212 2115 fideles
1245 2029 1492 2128 exhortatur,
1519 2056 1570 2115 nc
1592 2060 1660 2117 act-

233 2177 284 2239 tcs
305 2146 573 2234 accomodent
607 2145 796 2255 ejusmodi
829 2141 1051 2242 insomniis,
1078 2170 1169 2229 narn
1200 2143 1357 2229 adnot
1386 2140 1660 2259 implanandot

233 2265 303 2351 hac
330 2258 501 2347 efficiunt
521 2261 747 2357 doemones,
773 2265 812 2344 dt
835 2257 970 2347 misere
995 2253 1175 2345 seductos
1195 2254 1364 2345 inescent
1389 2264 1431 2344 δι
1451 2256 1666 2362 obleetant,

234 2404 270 2464 ut
289 2378 404 2463 deinc
454 2368 660 2461 snullon
711 2378 797 2460 otio
828 2372 1029 2460 hominem
1055 2370 1279 2486 pertrahant
1308 2372 1361 2457 ad
1392 2378 1583 2488 captanda
1607 2373 1667 2460 le·

234 2496 379 2578 nocinit
409 2495 418 2509 '
450 2491 597 2575 ecebrae
626 2403 845 2603 vgfuptatis.
959 2490 1059 2574 Non
1088 2482 1314 2573 diffimuletn
1339 2482 1557 2575 illufionent
1582 2487 1666 2602 pas·

233 2602 284 2693 fut
312 2608 371 2711 eit
405 2600 613 2692 Radbodus
649 2600 754 2717 apud
782 2600 934 2692 Surium
969 2602 1035 2687 die
1068 2631 1135 2688 ao.
1159 2606 1298 2687 Martii.
1371 2607 1417 2687 ln
1441 2604 1664 2699 infirmitate
1821 2622 1824 2629 ’

232 2722 858 2920 tmifltfflt'dissfflzssffl‘
895 2712 1442 2944 ioetffmi‘fffgfffdssff
1463 2720 1664 2918 Ψ

230 2867 305 3037 hen}
333 2943 390 3036 illi
408 2891 636 3088 st'tggerent:
668 2949 747 3032 Dic
771 2886 899 3061 qua'so
927 2860 1128 3030 fogrtiffinte
1147 2950 1342 3044 virorum,
1371 2865 1468 3061 quisr
1482 2861 1670 3035 teignis.1
1735 2906 1738 2912 ⁵

233 3065 350 3165 duxit,
378 3087 423 3148 ut
451 3058 648 3148 tonitura
676 3063 927 3146 Deorum&
955 3057 1274 3173 praedecessotum
1295 3084 1453 3147 tuorum
1479 3060 1672 3175 reiigione

231 3176 318 3265 tti'u
339 3172 565 3263 discedere?
603 3177 631 3262 fi
658 3177 826 3290 perustas
853 3180 894 3260 in
924 3171 992 3260 tali
1019 3169 1257 3290 Religione,
1288 3175 1340 3260 ad
1367 3174 1513 3260 domos
1534 3203 1669 3263 aureas

232 3288 449 3381 eternaliter
478 3285 666 3376 mansuras
687 3297 903 3404 pervenies,
931 3293 1091 3402 quasin
1116 3293 1280 3375 crastino
1299 3289 1371 3375 tibi
1400 3286 1481 3375 sutn
1499 3292 1671 3379 daturus.

233 3405 367 3495 Aceeffi
410 3400 672 3495 wolframum
711 3405 1015 3490 Christianorum
1051 3404 1283 3503 bonorem,
1309 3409 1349 3488 dr
1382 3407 1559 3491 ostendat
1586 3405 1673 3507 tibi,

235 3520 584 3610 iChristianorum
610 3514 812 3633 susceperis
840 3520 1006 3634 dogma,
1034 3517 1275 3604 manfionent
1306 3543 1453 3604 aeternat
1479 3513 1677 3625 cleritatu,

234 3662 335 3751 quun
357 3629 594 3755 pollicetur.
642 3635 714 3747 ‘Sin
741 3638 895 3730 minut,
921 3635 1147 3717 monstrabo
1168 3633 1241 3718 tibi
1263 3631 1500 3719 tntnfionetn
1527 3637 1674 3721 eximiae

232 3750 532 3861 pulchritudinis,
562 3774 679 3859 quarn
708 3748 882 3862 egotibi
914 3746 996 3830 sunt
1032 3748 1201 3833 daturus.
1285 3748 1384 3833 Rern
1422 3771 1548 3835 tottrn
1585 3753 1675 3837 etun

231 3865 435 3957 wolframo
470 3867 754 3962 communicat,
780 3866 851 3976 qui
873 3853 1109 3975 respondet,
1142 3864 1212 3946 has
1239 3888 1377 3948 ornnes
1406 3864 1566 3948 technas
1599 3848 1676 3948 effe·

225 3979 476 4075 &iunones
508 3973 722 4063 doemonis.
777 3978 942 4061 Perstitit
966 3979 1149 4087 Princeps
1176 3972 1411 4078 increduius,
1438 3981 1478 4060 dr
1498 3973 1538 4062 se
1559 3975 1678 4061 Chri-
1758 4061 1762 4069 .

217 4094 410 4190 ir'anorrtnt
440 4084 694 4198 religionem
714 4082 983 4204 amplexurum
1005 4088 1277 4204 profitebatur,
1304 4089 1484 4223 fiiD'eo
1500 4086 1574 4287 5¹1⁰*
1591 4102 1679 4173 non·

1221 4239 1225 4245 ·
1544 4226 1682 4285 enton-
