3796 4994
559 263 755 362 neverat.
771 271 826 362 Β.
850 268 1063 361 Veronirae
1083 262 1135 360 de
1155 257 1351 392 Binasco.
1400 233 1401 237 Ν
1478 344 1481 353 .
1571 297 1663 369 ιιι

226 460 435 575 Templum
459 454 555 550 vero
575 462 734 579 ingressa
757 458 935 552 viderunt
950 466 1085 570 jusum
1103 464 1183 550 alto
1200 464 1295 550 loco
1319 493 1391 552 ceu
1409 494 1481 579 pto
1495 470 1667 554 tribuna·

224 574 254 663 li
278 577 480 665 sedentem
500 584 541 665 in
568 583 708 664 medio.
728 584 958 665 nouorum.
1046 581 1122 665 Ubi
1144 580 1257 683 JEsus
1272 585 1438 667 Matrem
1455 584 1565 681 vidit,
1590 579 1667 666 sur-

224 716 322 804 gens
344 699 601 777 venerationis
622 692 725 806 figna
739 694 864 778 dedit.
947 699 1048 778 Dein
1069 693 1233 778 residens
1254 691 1549 802 disputationem
1575 724 1665 806 pro·

222 808 375 890 secutus
395 809 461 890 elb
543 804 705 917 Expleta
728 807 987 915 disputatione
1015 804 1222 902 descendit,
1252 813 1289 890 dr
1317 810 1370 890 ad
1396 832 1555 891 matrem
1578 835 1664 919 per·
1811 891 1814 894 Α

221 947 319 1033 gens
330 924 592 1003 venerationis
609 919 713 1032 figna
735 921 930 1009 exbibuirs
959 948 1078 1033 quem
1099 925 1226 1004 Mater
1248 915 1395 1005 dulcius
1414 918 1665 1032 complexans

220 1027 433 1145 osculaque
447 1029 573 1115 libans
595 1033 755 1117 dextera
770 1040 862 1133 elus·
884 1029 1120 1145 apprehensa
1144 1035 1241 1117 dixit
1258 1040 1334 1119 dtr.
1361 1031 1511 1118 asseruit
1539 1042 1664 1119 Vero·

220 1150 321 1241 nica,
346 1140 488 1257 singula
505 1150 545 1228 in
575 1142 896 1257 Disputationes
919 1145 1119 1232 salvatore
1148 1148 1250 1231 dicia
1273 1148 1310 1231 se
1333 1145 1515 1231 audivisse
1537 1153 1576 1231 δι
1606 1151 1664 1233 in-

218 1254 425 1358 tellexisse,
478 1283 564 1357 uae,
599 1258 668 1341 ubi
694 1285 744 1342 ert
769 1285 882 1371 raptu
904 1261 1048 1359 rediit,
1074 1285 1205 1344 mente
1228 1264 1395 1344 omuino
1428 1262 1664 1347 exciderunt.

218 1372 302 1455 Sed
340 1371 391 1454 ab
440 1284 520 1456 sliis
556 1375 653 1455 inter
687 1399 785 1456 verae
823 1370 1066 1458 revelationis
1104 1373 1206 1487 signa
1240 1375 1433 1474 traditur,
1476 1375 1590 1487 quod
1624 1400 1661 1458 a·

222 1485 305 1680 geo
351 1485 481 1571 vivide
533 1489 573 1569 δι
616 1486 788 1571 distinete
840 1492 1143 1599 imprimantur,
1183 1511 1226 1573 ut
1263 1511 1394 1572 mente
1436 1513 1516 1570 non
1560 1492 1662 1572 exci-

253 1621 332 1683 ant.
915 1658 919 1663 -

336 1776 380 1857 i.
409 1800 449 1873 4.
475 1772 525 1860 C.
557 1781 595 1858 8.
653 1775 846 1858 Veronica
874 1773 926 1858 ad
955 1776 1074 1887 ripam
1102 1772 1282 1877 Jordanis
1310 1771 1486 1859 ducitur;
1541 1776 1660 1874 Joan·

217 1912 289 1971 nes
313 1888 498 1997 Baptista,
521 1913 607 1969 cum
624 1886 674 1969 ad
692 1882 934 1972 Salvatorem
956 1883 1134 1983 venisset,
1151 1887 1326 1971 adoravit
1351 1911 1498 1998 pronus
1521 1889 1561 1968 in
1585 1911 1662 1969 ter·

219 2026 318 2097 ram,
344 1996 483 2112 terque
503 2004 627 2083 renuit
646 1996 834 2085 Salvatori
855 2028 988 2084 manus
1008 2000 1207 2113 baptizans
1229 2005 1433 2111 imponere
1457 2045 1474 2063 ·
1504 1997 1662 2083 tandem

219 2119 363 2199 timens
386 2140 433 2196 ac
463 2139 628 2196 tremens
661 2114 889 2221 imponebat
924 2141 1044 2229 aquas
1073 2118 1187 2226 capiti
1221 2110 1446 2210 Salvatoris,
1484 2139 1570 2225 quae
1592 2139 1662 2224 per

219 2249 350 2310 totum
374 2221 474 2309 illius
500 2252 641 2337 corpus
663 2227 919 2313 defluxerunt.
943 2276 958 2294 ·
1018 2225 1229 2311 Descendit
1244 2230 1404 2338 Spiritus
1433 2228 1591 2311 Sanctus
1622 2229 1663 2308 in

221 2334 350 2451 specie
371 2337 561 2423 columbe
589 2366 741 2422 cnrcem
758 2341 899 2425 medio
920 2344 1044 2454 capite
1070 2345 1273 2452 gestantist
1317 2346 1357 2425 δι
1386 2368 1466 2422 vox
1494 2342 1668 2429 intonuit.

222 2453 379 2536 dicens:
410 2459 482 2535 Hic
505 2460 556 2534 est
576 2449 676 2538 filius
694 2458 768 2537 &c
789 2456 876 2567 post
898 2458 1014 2564 partis
1038 2481 1177 2537 vocem
1191 2453 1338 2561 semper
1355 2448 1536 2537 columba
1548 2453 1666 2559 Chri5

218 2567 318 2649 stum
337 2564 504 2649 allocuta
524 2570 590 2663 est,
610 2568 737 2650 donec
758 2573 798 2650 in
824 2563 970 2653 coel'urn
994 2564 1174 2651 evolavit.
1257 2569 1369 2650 Dixit
1396 2569 1602 2662 Veronica,
1623 2559 1664 2647 se

218 2680 340 2762 verba
362 2675 506 2791 singula
521 2677 711 2763 columba
725 2676 926 2796 loquentis
947 2708 1035 2766 cum
1054 2680 1208 2767 Christo
1231 2675 1468 2780 intellexisse,
1493 2704 1665 2791 quotum
1795 2706 1799 2717 ·

220 2795 357 2905 posita
372 2793 574 2876 recordata
591 2821 674 2876 non
693 2796 760 2877 est.
1163 2828 1177 2841 ··

335 2948 378 3029 1.
400 2970 440 3043 4.
468 2936 520 3026 C.
543 2973 580 3039 9·
601 2978 611 3029 ·,
636 2938 832 3026 Veronica
858 2948 1000 3054 rapitur
1027 2947 1077 3027 -in
1106 2943 1219 3028 Cana
1262 2936 1457 3033 Galilaea
1496 2937 1661 3027 mensam

247 3056 384 3143 rimirm
415 3052 527 3157 Jsssus
560 3082 675 3138 manu
706 3056 862 3139 dextera
880 3054 1105 3152 benedixit,
1137 3052 1380 3168 psallentibus
1411 3059 1565 3156 caetetis,
1591 3081 1658 3138 ve·

213 3088 281 3255 lut
306 3164 589 3281 Religiosorum
620 3196 707 3251 mos
742 3170 806 3250 est.
892 3169 960 3254 Ad
994 3175 1073 3275 ejus
1100 3167 1297 3271 dexteram
1326 3164 1499 3254 consedit
1534 3173 1661 3250 Mater

215 3281 449 3372 beatissima,
488 3308 606 3394 quam
637 3276 868 3394 sequebatur
894 3279 1046 3395 sponsas
1088 3285 1138 3365 ad
1163 3279 1295 3368 laevam
1321 3283 1415 3367 verb
1438 3278 1475 3365 se
1503 3276 1662 3392 sponsus

215 3395 362 3511 posuit.
444 3400 571 3481 Mater
586 3391 683 3497 JEsu
700 3390 798 3478 albis
819 3395 1050 3479 induebatur
1070 3396 1254 3486 vestibusr
1281 3392 1437 3509 sponsus
1465 3401 1502 3480 dt
1525 3388 1660 3507 sponsa

214 3513 432 3597 rubricatis.
497 3513 686 3620 Quinque
711 3503 988 3606 deserviebant,
1008 3509 1112 3592 inter
1127 3510 1230 3622 q'uos
1248 3506 1536 3595 architriclinus.
1596 3510 1661 3593 ln·
1730 3555 1736 3566 ·

212 3651 278 3711 ter
301 3625 413 3709 cibos
432 3646 542 3708 eram
571 3647 703 3705 carnes
727 3617 809 3705 assat
835 3627 936 3705 varia
966 3646 1048 3706 arte
1085 3625 1271 3724 condita,
1306 3627 1464 3708 aderant
1493 3649 1660 3735 quoque

213 3733 446 3833 cochlearia,
470 3735 612 3849 quibus
636 3730 835 3843 pulmenta
863 3740 1035 3818 conviva
1058 3730 1317 3820 desumebant.
1384 3742 1530 3821 Fradtio
1552 3739 1663 3849 panis-

213 3852 240 3939 ὲ
258 3849 460 3947 Salvatore
476 3850 595 3933 fiebat
612 3850 800 3949 manibus,
821 3872 864 3933 ut
882 3845 987 3933 ferro
1005 3843 1143 3960 reliqui
1157 3850 1416 3961 perficiebant.
1443 3899 1460 3914 ·
1501 3854 1660 3963 Aquam

211 3960 321 4051 illam
344 3970 385 4049 in
407 3972 538 4050 vinum
552 3956 711 4076 'nigrum
733 3959 1083 4160 conversamDsrqlle
1096 3967 1290 4050 Veronica
1308 3963 1525 4052 testabatur.
1578 3958 1657 4092 Ali·

1064 4104 1087 4161 a
1346 4145 1353 4157 .
1521 4099 1657 4158 mentis
