3772 4988
587 403 593 413 .
662 314 835 451 Regale
861 320 998 414 exP.
1028 313 1232 457 Ceasialdo.
1577 351 1667 456 1511

209 524 276 622 da,
310 523 341 610 fi
378 521 575 608 duntaxat
615 518 803 636 praesefert
841 488 1033 609 stultitiam
1073 519 1137 609 vel
1173 525 1358 610 furorem.
1415 523 1526 640 Saepe
1568 535 1675 619 enim

209 640 535 870 palpppappaecipit
561 633 634 723 suis
664 641 892 752 Prophetis,
934 667 1021 754 quat
1056 636 1180 725 oculis
1220 643 1426 781 homimem
1462 641 1573 729 stulta
1606 674 1675 761 ap·
1827 678 1828 681 ‘

355 783 413 836 n·
1338 776 1349 787 .

317 875 493 1006 Regula
543 907 622 1000 24.
693 866 1049 976 Revelationes
1114 896 1481 978 concernentes
1549 873 1675 982 dire-

215 1013 441 1118 &ionem
480 1020 776 1149 principum
816 1010 969 1151 longi:
1010 1014 1270 1151 suspeciius
1309 1012 1582 1139 habendae,
1619 1018 1692 1129 ἀ

215 1159 445 1262 sevetIus·
468 1155 821 1259 examinandae
860 1159 1002 1274 sunt,
1047 1158 1209 1295 quam
1256 1155 1372 1263 aliae.
1446 1169 1546 1268 lbid.
1602 1188 1678 1269 Pe·
1783 1172 1787 1177 ’

219 1295 364 1396 cusiaci,
392 1301 534 1410 inquit,
565 1296 747 1409 indagine
767 1298 973 1381 scrutanda
995 1293 1080 1382 sunt
1108 1297 1273 1382 visiones
1297 1297 1349 1381 ad
1376 1295 1551 1383 favorem
1600 1304 1682 1389 rin·.
1783 1402 1788 1413 .

218 1418 348 1527 cipum
385 1412 673 1496 dominantium
695 1435 898 1500 emanatas
928 1407 1041 1496 facile
1073 1412 1178 1525 cnsp)
1208 1413 1314 1497 credi
1341 1411 1498 1525 possunt
1530 1441 1551 1519 a
1608 1440 1678 1499 au·

219 1527 441 1640 cupandam
472 1521 628 1609 illorum
664 1531 824 1638 gratiam
858 1532 898 1608 de
926 1527 981 1608 ob
1010 1524 1424 1640 propina-interesse
1451 1530 1678 1615 venditata&

215 1645 315 1727 Ideo
347 1643 523 1754 rigorose
553 1637 794 1751 itisrascn'ptb
831 1636 1089 1753 revelationes.
1115 1632 1266 1755 Regum
1294 1647 1583 1754 &Principum
1613 1647 1675 1728 in·

218 1757 476 1870 terpretandae
499 1749 595 1840 sunt.
653 1761 765 1840 Patet
785 1761 824 1838 in
855 1760 956 1839 rimis
975 1758 1074 1842 hanc
1102 1752 1401 1870 descriptionem
1430 1752 1617 1843 verificari
1635 1763 1678 1844 in

219 1901 277 1970 ea,
308 1892 434 1986 quam
450 1866 629 1955 describit
642 1875 784 1954 Moura
806 1883 838 1972 §.
889 1899 922 1954 t,
943 1873 995 1957 de
1015 1876 1171 1977 Joanne
1189 1875 1252 1956 lis.
1280 1868 1475 1958 Lusitania
1494 1867 1605 1985 Rege
1628 1901 1678 1983 ert

220 1985 472 2101 vulgatissima
494 1983 608 2088 sarna,
640 1989 831 2097 precipue
851 1987 956 2098 apud
976 1982 1073 2070 illius
1091 1987 1326 2100 tempestatis
1349 1983 1502 2071 nobiles
1526 1994 1563 2071 dc
1595 1995 1679 2101 Dy-

220 2108 342 2190 nastas
365 2107 406 2184 δι
433 2104 733 2214 Augustinianos
756 2106 909 2190 Patrcss
939 2098 1148 2215 apparuisse
1174 2098 1356 2193 videlicet
1377 2098 1679 2195 illius-animam
1742 2144 1768 2168 -·

223 2219 374 2304 cuidam
398 2218 571 2325 ejusdcm
595 2213 753 2299 Ordinis
763 2198 986 2318 'Monachm
1004 2221 1164 2302 nomine
1177 2224 1216 2306 F.
1234 2202 1440 2304 Ludovico
1456 2204 1507 2302 de
1520 2223 1686 2355 Moura,
1857 2320 1871 2326 .-

224 2362 344 2448 quem
366 2333 420 2417 ita
445 2335 579 2416 terruit
599 2358 644 2423 ea
664 2328 783 2428 visto,
807 2355 850 2413 ut
871 2323 949 2445 ipse
972 2332 1141 2436 dicebat,
1161 2357 1204 2417 ut
1224 2332 1275 2416 ad
1298 2337 1383 2417 sitae
1404 2327 1531 2416 forsan
1552 2329 1681 2417 discri-

224 2477 312 2533 men
340 2441 536 2531 detulerit.
594 2447 674 2531 Cui
697 2449 901 2531 Monacho
926 2439 1043 2559 plura·
1059 2444 1257 2545 revelavit,
1276 2473 1319 2531 ut
1338 2442 1407 2531 suo
1423 2453 1585 2531 nomine
1603 2449 1680 2532 Re·

227 2569 321 2678 gina
341 2564 562 2649 Cathatinae
583 2565 737 2673 conjugi
758 2563 1005 2659 renuntiaret,
1040 2561 1135 2647 dato
1155 2567 1259 2677 prius
1280 2565 1318 2647 in
1342 2567 1511 2646 veritatis
1531 2562 1680 2676 sgnum

226 2681 374 2764 secreto
436 2676 610 2774 nodam,
641 2677 755 2790 quod
794 2674 819 2759 i
854 2666 939 2760 solo
977 2702 1148 2791 utroque
1189 2686 1356 2792 conjuge
1393 2673 1475 2762 sciri
1511 2699 1682 2792 poterat.

226 2799 381 2880 Cuncta
404 2707 567 2877 serere
596 2788 910 2889 reducebantur,
948 2817 991 2875 ut
1028 2797 1136 2905 regni
1167 2789 1342 2889 clavum,
1382 2819 1502 2905 quem
1534 2797 1697 2906 Regina·
1794 2864 1802 2876 .

228 2906 306 2993 ise
333 2904 549 3003 dimiserat,
580 2911 743 3017 omnino
776 2902 994 2990 assumeret:
1038 2905 1189 3019 insuper
1213 2933 1256 2992 ut
1285 2904 1587 3003 Confessanum,
1617 2911 1686 3009 cui·

228 3024 300 3136 ipsa
329 3047 490 3133 peccata
519 3019 733 3120 fatebatur,
768 3021 1003 3110 dimitterets
1043 3024 1233 3136 idemque
1259 3025 1403 3107 faceret
1434 3029 1576 3134 Nepos
1598 3024 1681 3108 Rex

228 3141 471 3224 Sebastianus
501 3165 608 3249 puer.
668 3140 768 3219 Dein
790 3133 932 3235 retulit,
959 3132 996 3220 se
1023 3142 1062 3220 in
1090 3166 1141 3221 eo
1168 3142 1261 3223 statu
1292 3137 1378 3238 esse,
1410 3162 1453 3222 ut
1480 3144 1556 3243 lam
1584 3135 1685 3221 fide·
1851 3136 1854 3141 ’

228 3248 318 3338 hum
341 3247 525 3365 suffragiis
546 3281 626 3335 non
649 3255 852 3364 indigeret.
913 3249 1227 3337 commendavit
1243 3279 1400 3352 tamen,
1429 3277 1472 3336 ut
1527 3279 1576 3336 ro
1606 3248 1684 3336 fra·
1710 3248 1713 3256 ’

230 3378 288 3454 tris
313 3365 370 3451 sui
394 3375 434 3452 &
459 3371 640 3480 principis
668 3365 839 3450 Eduardi
865 3367 1065 3450 animabus
1095 3393 1249 3453 centum
1279 3360 1394 3451 Miffae
1418 3280 1687 3482 persolveren-

232 3507 298 3587 tur,
332 3488 374 3567 δι
395 3508 439 3567 ut
459 3485 637 3596 quinque
655 3477 825 3566 soeminae
840 3484 878 3564 in
899 3486 1186 3567 matrimonium
1211 3477 1498 3568 collocarentur
1514 3487 1589 3567 &n
1607 3487 1686 3569 &c

232 3603 308 3683 Fuit
333 3622 467 3684 tamen
498 3582 677 3708 praefatus
702 3598 920 3680 Monachus
950 3597 1230 3689 examinatius
1256 3600 1381 3710 Regio
1408 3592 1600 3695 Consilio,
1615 3600 1688 3702 Ju·
1833 3618 1836 3622 ‘

233 3720 356 3829 risque
383 3741 432 3797 ac
460 3706 694 3824 Theologiae
731 3713 884 3823 peritis,
914 3715 954 3795 δι
991 3712 1222 3823 reprobatus
1248 3739 1306 3796 eo
1330 3714 1522 3825 praecipui
1557 3706 1688 3811 titulo,
1728 3737 1734 3744 ·

233 3831 335 3942 quod
365 3829 403 3917 i>
422 3827 619 3912 doemone
646 3820 772 3909 illusus
802 3829 1100 3926 existimaretur,
1127 3823 1191 3911 vel
1221 3833 1381 3940 proprio
1409 3823 1583 3912 interesse
1613 3826 1697 3936 dcte

235 3953 314 4033 nus.
374 3947 576 4032 Paramus
608 3936 652 4026 de
688 3938 799 4058 Orig.
825 3942 969 4052 Inquit.
1002 3941 1145 4060 Qro.
1174 3945 1373 4056 quandam
1408 3939 1588 4025 describit
1609 3938 1686 4026 soe·

233 4065 359 4150 minam
388 4058 627 4148 Tertiariam
654 4060 850 4161 cujusdam
877 4057 1049 4156 Ordinis,
1071 4055 1302 4152 Lufitanam,
1320 4058 1497 4141 Sanctam
1516 4049 1688 4165 appella·

232 4189 347 4270 tm&
370 4175 653 4267 communiter
683 4176 955 4272 existimatam,
978 4195 1119 4287 utpote
1146 4167 1327 4287 Epistolis
1348 4175 1465 4256 ctiam
1486 4167 1512 4256 ὲ
1530 4173 1691 4300 Grego-

621 4317 624 4323 ·
1627 4305 1690 4371 no
