<?xml version="1.0" encoding="UTF-8"?>
<!DOCTYPE html PUBLIC "-//W3C//DTD XHTML 1.0 Transitional//EN"
    "http://www.w3.org/TR/xhtml1/DTD/xhtml1-transitional.dtd">
<html xmlns="http://www.w3.org/1999/xhtml" xml:lang="en" lang="en">
 <head>
  <title>
</title>
<meta http-equiv="Content-Type" content="text/html;charset=utf-8" />
  <meta name='ocr-system' content='tesseract 3.04.00' />
  <meta name='ocr-capabilities' content='ocr_page ocr_carea ocr_par ocr_line ocrx_word'/>
</head>
<body>
  <div class='ocr_page' id='page_1' title='image "./derevelationibu00amorgoog_0062.png"; bbox 0 0 3796 4994; ppageno 0'>
   <div class='ocr_carea' id='block_1_1' title="bbox 207 307 1298 456">
    <p class='ocr_par' dir='ltr' id='par_1_1' title="bbox 207 307 1298 456">
     <span class='ocr_line' id='line_1_1' title="bbox 207 307 1298 456; baseline -0.031 -27"><span class='ocrx_word' id='word_1_1' title='bbox 207 354 319 456; x_wconf 65' lang='lat'>42:</span> <span class='ocrx_word' id='word_1_2' title='bbox 610 318 717 447; x_wconf 84' lang='lat' dir='ltr'>Reg.</span> <span class='ocrx_word' id='word_1_3' title='bbox 743 316 851 412; x_wconf 83' lang='lat' dir='ltr'>Gen.</span> <span class='ocrx_word' id='word_1_4' title='bbox 870 340 931 407; x_wconf 83' lang='lat' dir='ltr'>ex</span> <span class='ocrx_word' id='word_1_5' title='bbox 948 316 1002 412; x_wconf 86' lang='lat' dir='ltr'>P.</span> <span class='ocrx_word' id='word_1_6' title='bbox 1032 307 1298 412; x_wconf 69' lang='lat' dir='ltr'>Gravior...</span> 
     </span>
    </p>
   </div>
   <div class='ocr_carea' id='block_1_2' title="bbox 138 510 1672 1536">
    <p class='ocr_par' dir='ltr' id='par_1_2' title="bbox 138 510 1672 1536">
     <span class='ocr_line' id='line_1_2' title="bbox 329 510 1665 633; baseline -0.005 -23"><span class='ocrx_word' id='word_1_7' title='bbox 329 523 496 611; x_wconf 83' lang='lat' dir='ltr'>Certum</span> <span class='ocrx_word' id='word_1_8' title='bbox 527 518 603 616; x_wconf 86' lang='lat' dir='ltr'>est,</span> <span class='ocrx_word' id='word_1_9' title='bbox 624 526 818 630; x_wconf 86' lang='lat' dir='ltr'>pertinere</span> <span class='ocrx_word' id='word_1_10' title='bbox 837 516 888 600; x_wconf 86' lang='lat' dir='ltr'>ad</span> <span class='ocrx_word' id='word_1_11' title='bbox 908 513 1062 601; x_wconf 82' lang='lat' dir='ltr'>haetelin</span> <span class='ocrx_word' id='word_1_12' title='bbox 1083 510 1378 630; x_wconf 77' lang='lat' dir='ltr'>pelagianorum</span> <span class='ocrx_word' id='word_1_13' title='bbox 1403 513 1444 600; x_wconf 71' lang='grc' dir='ltr'>δι’</span> <span class='ocrx_word' id='word_1_14' title='bbox 1465 519 1665 633; x_wconf 73' lang='lat' dir='ltr'>Origtnis,</span> 
     </span>
     <span class='ocr_line' id='line_1_3' title="bbox 216 626 1671 762; baseline -0.005 -33"><span class='ocrx_word' id='word_1_15' title='bbox 216 641 331 762; x_wconf 86' lang='lat' dir='ltr'>quod</span> <span class='ocrx_word' id='word_1_16' title='bbox 353 640 488 723; x_wconf 87' lang='lat' dir='ltr'>animae</span> <span class='ocrx_word' id='word_1_17' title='bbox 515 635 778 746; x_wconf 65' lang='lat' dir='ltr'>perfectorum</span> <span class='ocrx_word' id='word_1_18' title='bbox 809 660 891 715; x_wconf 93' lang='lat' dir='ltr'>non</span> <span class='ocrx_word' id='word_1_19' title='bbox 925 628 1086 715; x_wconf 81' lang='lat' dir='ltr'>sentiant</span> <span class='ocrx_word' id='word_1_20' title='bbox 1111 632 1308 742; x_wconf 82' lang='lat' dir='ltr'>paffiones.</span> <span class='ocrx_word' id='word_1_21' title='bbox 1372 632 1418 718; x_wconf 92' lang='lat' dir='ltr'>Id</span> <span class='ocrx_word' id='word_1_22' title='bbox 1438 641 1542 721; x_wconf 84' lang='lat' dir='ltr'>enim</span> <span class='ocrx_word' id='word_1_23' title='bbox 1567 626 1671 722; x_wconf 81' lang='lat' dir='ltr'>inter</span> 
     </span>
     <span class='ocr_line' id='line_1_4' title="bbox 219 744 1671 863; baseline -0.008 -15"><span class='ocrx_word' id='word_1_24' title='bbox 219 784 369 847; x_wconf 85' lang='lat' dir='ltr'>errores</span> <span class='ocrx_word' id='word_1_25' title='bbox 400 745 698 861; x_wconf 73' lang='lat' dir='ltr'>pelagianorum</span> <span class='ocrx_word' id='word_1_26' title='bbox 722 751 760 828; x_wconf 74' lang='grc' dir='ltr'>δι</span> <span class='ocrx_word' id='word_1_27' title='bbox 791 747 1090 858; x_wconf 80' lang='lat' dir='ltr'>origenistarum</span> <span class='ocrx_word' id='word_1_28' title='bbox 1121 750 1235 856; x_wconf 92' lang='lat' dir='ltr'>ponit</span> <span class='ocrx_word' id='word_1_29' title='bbox 1265 744 1527 863; x_wconf 79' lang='lat' dir='ltr'><em>Hieronymus</em></span> <span class='ocrx_word' id='word_1_30' title='bbox 1553 752 1594 836; x_wconf 89' lang='lat' dir='ltr'>ln</span> <span class='ocrx_word' id='word_1_31' title='bbox 1616 748 1671 836; x_wconf 81' lang='lat' dir='ltr'>E·</span> 
     </span>
     <span class='ocr_line' id='line_1_5' title="bbox 211 855 1671 992; baseline -0.006 -34"><span class='ocrx_word' id='word_1_32' title='bbox 211 873 297 992; x_wconf 68' lang='lat' dir='ltr'>pisi.</span> <span class='ocrx_word' id='word_1_33' title='bbox 319 867 372 957; x_wconf 83' lang='lat' dir='ltr'>ad</span> <span class='ocrx_word' id='word_1_34' title='bbox 389 859 657 977; x_wconf 80' lang='lat' dir='ltr'>Ctefipbontem</span> <span class='ocrx_word' id='word_1_35' title='bbox 684 861 840 944; x_wconf 87' lang='lat' dir='ltr'>dicens:</span> <span class='ocrx_word' id='word_1_36' title='bbox 866 855 968 969; x_wconf 80' lang='lat' dir='ltr'>quod</span> <span class='ocrx_word' id='word_1_37' title='bbox 985 855 1241 944; x_wconf 76' lang='lat' dir='ltr'><em>introduxerit</em></span> <span class='ocrx_word' id='word_1_38' title='bbox 1263 856 1470 972; x_wconf 79' lang='lat' dir='ltr'>Apoisiom</span> <span class='ocrx_word' id='word_1_39' title='bbox 1491 862 1671 951; x_wconf 78' lang='lat' dir='ltr'>Stoicam.</span> 
     </span>
     <span class='ocr_line' id='line_1_6' title="bbox 138 966 1671 1107; baseline -0.004 -39"><span class='ocrx_word' id='word_1_40' title='bbox 138 1018 144 1026; x_wconf 87' lang='lat'>·</span> <span class='ocrx_word' id='word_1_41' title='bbox 219 989 348 1107; x_wconf 70' lang='lat' dir='ltr'>Quod</span> <span class='ocrx_word' id='word_1_42' title='bbox 374 981 470 1064; x_wconf 81' lang='lat' dir='ltr'>verb</span> <span class='ocrx_word' id='word_1_43' title='bbox 500 981 747 1090; x_wconf 73' lang='lat' dir='ltr'><strong>Hieronymo</strong></span> <span class='ocrx_word' id='word_1_44' title='bbox 775 975 950 1058; x_wconf 85' lang='lat' dir='ltr'>standum</span> <span class='ocrx_word' id='word_1_45' title='bbox 975 970 1083 1058; x_wconf 87' lang='lat' dir='ltr'>sitin</span> <span class='ocrx_word' id='word_1_46' title='bbox 1111 973 1345 1085; x_wconf 84' lang='lat' dir='ltr'>probatione</span> <span class='ocrx_word' id='word_1_47' title='bbox 1379 966 1441 1060; x_wconf 72' lang='lat' dir='ltr'>vii</span> <span class='ocrx_word' id='word_1_48' title='bbox 1468 977 1671 1087; x_wconf 83' lang='lat' dir='ltr'>improba·</span> 
     </span>
     <span class='ocr_line' id='line_1_7' title="bbox 220 1085 1671 1207; baseline -0.008 -19"><span class='ocrx_word' id='word_1_49' title='bbox 220 1113 330 1192; x_wconf 90' lang='lat' dir='ltr'>tione</span> <span class='ocrx_word' id='word_1_50' title='bbox 359 1094 686 1207; x_wconf 80' lang='lat' dir='ltr'>origenistarum,</span> <span class='ocrx_word' id='word_1_51' title='bbox 729 1092 874 1171; x_wconf 85' lang='lat' dir='ltr'>constat</span> <span class='ocrx_word' id='word_1_52' title='bbox 904 1116 951 1172; x_wconf 85' lang='lat' dir='ltr'>ex</span> <span class='ocrx_word' id='word_1_53' title='bbox 980 1085 1127 1198; x_wconf 78' lang='lat' dir='ltr'>Gelofio</span> <span class='ocrx_word' id='word_1_54' title='bbox 1149 1087 1212 1175; x_wconf 90' lang='lat' dir='ltr'>D.</span> <span class='ocrx_word' id='word_1_55' title='bbox 1235 1116 1300 1189; x_wconf 79' lang='grc' dir='ltr'>ις.</span> <span class='ocrx_word' id='word_1_56' title='bbox 1355 1095 1447 1176; x_wconf 88' lang='lat' dir='ltr'>Hoc</span> <span class='ocrx_word' id='word_1_57' title='bbox 1476 1119 1558 1175; x_wconf 92' lang='lat' dir='ltr'>non</span> <span class='ocrx_word' id='word_1_58' title='bbox 1595 1092 1671 1176; x_wconf 92' lang='lat' dir='ltr'>ob-</span> 
     </span>
     <span class='ocr_line' id='line_1_8' title="bbox 220 1196 1672 1319; baseline -0.012 -12"><span class='ocrx_word' id='word_1_59' title='bbox 220 1225 342 1308; x_wconf 84' lang='lat' dir='ltr'>stante</span> <span class='ocrx_word' id='word_1_60' title='bbox 368 1209 591 1306; x_wconf 89' lang='lat' dir='ltr'>dicendum,</span> <span class='ocrx_word' id='word_1_61' title='bbox 620 1199 816 1316; x_wconf 81' lang='lat' dir='ltr'>aliquibus</span> <span class='ocrx_word' id='word_1_62' title='bbox 842 1201 893 1287; x_wconf 90' lang='lat' dir='ltr'>ad</span> <span class='ocrx_word' id='word_1_63' title='bbox 916 1196 1080 1314; x_wconf 82' lang='lat' dir='ltr'>aliquod</span> <span class='ocrx_word' id='word_1_64' title='bbox 1102 1227 1255 1314; x_wconf 81' lang='lat' dir='ltr'>tempus</span> <span class='ocrx_word' id='word_1_65' title='bbox 1284 1207 1450 1289; x_wconf 88' lang='lat' dir='ltr'>concedi</span> <span class='ocrx_word' id='word_1_66' title='bbox 1473 1200 1672 1319; x_wconf 71' lang='lat' dir='ltr'>perfectis·</span> 
     </span>
     <span class='ocr_line' id='line_1_9' title="bbox 220 1314 1672 1435; baseline -0.011 -12"><span class='ocrx_word' id='word_1_67' title='bbox 220 1334 352 1424; x_wconf 81' lang='lat' dir='ltr'>simam</span> <span class='ocrx_word' id='word_1_68' title='bbox 374 1325 399 1410; x_wconf 72' lang='lat' dir='ltr'>d</span> <span class='ocrx_word' id='word_1_69' title='bbox 422 1319 654 1435; x_wconf 85' lang='lat' dir='ltr'>passionibus</span> <span class='ocrx_word' id='word_1_70' title='bbox 680 1344 850 1431; x_wconf 74' lang='lat' dir='ltr'>pacem,</span> <span class='ocrx_word' id='word_1_71' title='bbox 894 1340 936 1401; x_wconf 92' lang='lat' dir='ltr'>ut</span> <span class='ocrx_word' id='word_1_72' title='bbox 964 1342 1069 1427; x_wconf 86' lang='lat' dir='ltr'>patet</span> <span class='ocrx_word' id='word_1_73' title='bbox 1095 1345 1142 1400; x_wconf 83' lang='lat' dir='ltr'>ex</span> <span class='ocrx_word' id='word_1_74' title='bbox 1170 1314 1276 1400; x_wconf 88' lang='lat' dir='ltr'>sensit</span> <span class='ocrx_word' id='word_1_75' title='bbox 1306 1321 1542 1419; x_wconf 72' lang='lat' dir='ltr'>Doctorum,</span> <span class='ocrx_word' id='word_1_76' title='bbox 1566 1347 1672 1434; x_wconf 77' lang='lat' dir='ltr'>quot</span> 
     </span>
     <span class='ocr_line' id='line_1_10' title="bbox 225 1426 1672 1536; baseline -0.01 -1"><span class='ocrx_word' id='word_1_77' title='bbox 225 1456 317 1535; x_wconf 84' lang='lat' dir='ltr'>citat</span> <span class='ocrx_word' id='word_1_78' title='bbox 334 1442 383 1527; x_wconf 91' lang='lat' dir='ltr'>P.</span> <span class='ocrx_word' id='word_1_79' title='bbox 404 1437 585 1524; x_wconf 84' lang='lat' dir='ltr'>Gravino</span> <span class='ocrx_word' id='word_1_80' title='bbox 605 1435 650 1519; x_wconf 86' lang='lat' dir='ltr'>L.</span> <span class='ocrx_word' id='word_1_81' title='bbox 670 1465 706 1517; x_wconf 81' lang='lat' dir='ltr'>a.</span> <span class='ocrx_word' id='word_1_82' title='bbox 727 1434 776 1516; x_wconf 89' lang='lat' dir='ltr'>C.</span> <span class='ocrx_word' id='word_1_83' title='bbox 805 1462 866 1534; x_wconf 69' lang='grc' dir='ltr'>ις.</span> <span class='ocrx_word' id='word_1_84' title='bbox 897 1426 1080 1514; x_wconf 84' lang='lat' dir='ltr'>videlicet</span> <span class='ocrx_word' id='word_1_85' title='bbox 1109 1430 1146 1518; x_wconf 81' lang='lat'>5.</span> <span class='ocrx_word' id='word_1_86' title='bbox 1174 1428 1369 1518; x_wconf 81' lang='lat' dir='ltr'>Bernardi</span> <span class='ocrx_word' id='word_1_87' title='bbox 1399 1437 1521 1518; x_wconf 80' lang='lat' dir='ltr'>Semi.</span> <span class='ocrx_word' id='word_1_88' title='bbox 1552 1464 1616 1536; x_wconf 76' lang='lat'>5⁸·</span> <span class='ocrx_word' id='word_1_89' title='bbox 1631 1441 1672 1521; x_wconf 92' lang='lat' dir='ltr'>in</span> 
     </span>
    </p>
   </div>
   <div class='ocr_carea' id='block_1_3' title="bbox 76 1542 1672 1658">
    <p class='ocr_par' dir='ltr' id='par_1_3' title="bbox 76 1542 1672 1658">
     <span class='ocr_line' id='line_1_11' title="bbox 76 1542 1672 1658; baseline -0.008 -8"><span class='ocrx_word' id='word_1_90' title='bbox 76 1569 78 1578; x_wconf 85' lang='lat'>&#39;</span> <span class='ocrx_word' id='word_1_91' title='bbox 227 1563 404 1658; x_wconf 81' lang='lat' dir='ltr'>Cantica.</span> <span class='ocrx_word' id='word_1_92' title='bbox 432 1542 621 1640; x_wconf 79' lang='lat' dir='ltr'>Braciar.</span> <span class='ocrx_word' id='word_1_93' title='bbox 641 1577 678 1633; x_wconf 71' lang='grc' dir='ltr'>ι.</span> <span class='ocrx_word' id='word_1_94' title='bbox 703 1551 745 1632; x_wconf 83' lang='grc' dir='ltr'>Ρ.</span> <span class='ocrx_word' id='word_1_95' title='bbox 762 1547 813 1630; x_wconf 90' lang='lat' dir='ltr'>C.</span> <span class='ocrx_word' id='word_1_96' title='bbox 840 1560 900 1631; x_wconf 79' lang='lat'>16.</span> <span class='ocrx_word' id='word_1_97' title='bbox 930 1542 1111 1631; x_wconf 77' lang='lat' dir='ltr'>Richard.</span> <span class='ocrx_word' id='word_1_98' title='bbox 1130 1552 1169 1630; x_wconf 92' lang='lat' dir='ltr'>in</span> <span class='ocrx_word' id='word_1_99' title='bbox 1188 1549 1241 1631; x_wconf 85' lang='lat' dir='ltr'>C.</span> <span class='ocrx_word' id='word_1_100' title='bbox 1263 1553 1307 1631; x_wconf 85' lang='lat' dir='ltr'>C.</span> <span class='ocrx_word' id='word_1_101' title='bbox 1331 1575 1397 1652; x_wconf 79' lang='lat'>33.</span> <span class='ocrx_word' id='word_1_102' title='bbox 1426 1544 1582 1637; x_wconf 82' lang='lat' dir='ltr'>Aiiern&#39;</span> <span class='ocrx_word' id='word_1_103' title='bbox 1597 1549 1672 1636; x_wconf 82' lang='lat' dir='ltr'>M·</span> 
     </span>
    </p>
   </div>
   <div class='ocr_carea' id='block_1_4' title="bbox 227 1663 822 1767">
    <p class='ocr_par' dir='ltr' id='par_1_4' title="bbox 227 1663 822 1767">
     <span class='ocr_line' id='line_1_12' title="bbox 227 1663 822 1767; baseline -0.032 -3"><span class='ocrx_word' id='word_1_104' title='bbox 227 1681 280 1766; x_wconf 83' lang='lat' dir='ltr'>de</span> <span class='ocrx_word' id='word_1_105' title='bbox 300 1667 537 1761; x_wconf 80' lang='lat' dir='ltr'>adhaerendo</span> <span class='ocrx_word' id='word_1_106' title='bbox 562 1667 654 1748; x_wconf 90' lang='lat' dir='ltr'>Deo</span> <span class='ocrx_word' id='word_1_107' title='bbox 679 1663 728 1748; x_wconf 90' lang='lat' dir='ltr'>C.</span> <span class='ocrx_word' id='word_1_108' title='bbox 747 1672 773 1743; x_wconf 62' lang='lat'>&#39;1</span> <span class='ocrx_word' id='word_1_109' title='bbox 787 1691 822 1767; x_wconf 88' lang='lat'>5.</span> 
     </span>
    </p>
   </div>
   <div class='ocr_carea' id='block_1_5' title="bbox 91 1844 1673 2397">
    <p class='ocr_par' dir='ltr' id='par_1_5' title="bbox 91 1844 1673 2397">
     <span class='ocr_line' id='line_1_13' title="bbox 338 1844 1672 1970; baseline -0.003 -24"><span class='ocrx_word' id='word_1_110' title='bbox 338 1858 577 1947; x_wconf 87' lang='lat' dir='ltr'>Dicendum.</span> <span class='ocrx_word' id='word_1_111' title='bbox 610 1883 646 1939; x_wconf 82' lang='lat'>2.</span> <span class='ocrx_word' id='word_1_112' title='bbox 683 1854 872 1968; x_wconf 81' lang='lat' dir='ltr'>Quamvis</span> <span class='ocrx_word' id='word_1_113' title='bbox 901 1844 1063 1963; x_wconf 72' lang='lat' dir='ltr'>perfecti</span> <span class='ocrx_word' id='word_1_114' title='bbox 1093 1853 1260 1937; x_wconf 66' lang='lat' dir='ltr'>maximi</span> <span class='ocrx_word' id='word_1_115' title='bbox 1292 1851 1403 1936; x_wconf 89' lang='lat' dir='ltr'>dono</span> <span class='ocrx_word' id='word_1_116' title='bbox 1434 1852 1672 1970; x_wconf 78' lang='lat' dir='ltr'>contempla·</span> 
     </span>
     <span class='ocr_line' id='line_1_14' title="bbox 226 1965 1673 2087; baseline -0.01 -17"><span class='ocrx_word' id='word_1_117' title='bbox 226 1985 346 2072; x_wconf 88' lang='lat' dir='ltr'>tionis</span> <span class='ocrx_word' id='word_1_118' title='bbox 366 1976 514 2087; x_wconf 82' lang='lat' dir='ltr'>ptaediti</span> <span class='ocrx_word' id='word_1_119' title='bbox 539 1975 577 2052; x_wconf 78' lang='grc' dir='ltr'>δι</span> <span class='ocrx_word' id='word_1_120' title='bbox 600 1973 784 2052; x_wconf 81' lang='lat' dir='ltr'>unitivam</span> <span class='ocrx_word' id='word_1_121' title='bbox 811 1971 911 2049; x_wconf 88' lang='lat' dir='ltr'>viam</span> <span class='ocrx_word' id='word_1_122' title='bbox 934 1967 1065 2076; x_wconf 85' lang='lat' dir='ltr'>adepti</span> <span class='ocrx_word' id='word_1_123' title='bbox 1093 1965 1233 2077; x_wconf 81' lang='lat' dir='ltr'>possint</span> <span class='ocrx_word' id='word_1_124' title='bbox 1257 1993 1387 2051; x_wconf 85' lang='lat' dir='ltr'>carcre</span> <span class='ocrx_word' id='word_1_125' title='bbox 1408 1974 1575 2079; x_wconf 81' lang='lat' dir='ltr'>peccatis</span> <span class='ocrx_word' id='word_1_126' title='bbox 1606 2000 1673 2056; x_wconf 88' lang='lat' dir='ltr'>ve·</span> 
     </span>
     <span class='ocr_line' id='line_1_15' title="bbox 91 2077 1673 2196; baseline -0.006 -15"><span class='ocrx_word' id='word_1_127' title='bbox 91 2176 94 2181; x_wconf 82' lang='grc'><strong>,</strong></span> <span class='ocrx_word' id='word_1_128' title='bbox 229 2091 395 2186; x_wconf 90' lang='lat' dir='ltr'>nialibus</span> <span class='ocrx_word' id='word_1_129' title='bbox 430 2081 651 2172; x_wconf 74' lang='lat' dir='ltr'>voluntarie</span> <span class='ocrx_word' id='word_1_130' title='bbox 687 2078 913 2178; x_wconf 74' lang='lat' dir='ltr'>commissis,</span> <span class='ocrx_word' id='word_1_131' title='bbox 958 2107 1158 2192; x_wconf 86' lang='lat' dir='ltr'>nunquam</span> <span class='ocrx_word' id='word_1_132' title='bbox 1199 2105 1328 2165; x_wconf 88' lang='lat' dir='ltr'>tamen</span> <span class='ocrx_word' id='word_1_133' title='bbox 1361 2109 1490 2168; x_wconf 87' lang='lat' dir='ltr'>carere</span> <span class='ocrx_word' id='word_1_134' title='bbox 1520 2077 1673 2196; x_wconf 82' lang='lat' dir='ltr'>possunt</span> 
     </span>
     <span class='ocr_line' id='line_1_16' title="bbox 228 2191 1673 2397; baseline -0.01 -97"><span class='ocrx_word' id='word_1_135' title='bbox 228 2205 443 2300; x_wconf 86' lang='lat' dir='ltr'>venialibus</span> <span class='ocrx_word' id='word_1_136' title='bbox 467 2229 516 2285; x_wconf 83' lang='lat' dir='ltr'>ex</span> <span class='ocrx_word' id='word_1_137' title='bbox 543 2194 792 2306; x_wconf 85' lang='lat' dir='ltr'>subreptione</span> <span class='ocrx_word' id='word_1_138' title='bbox 827 2191 1040 2277; x_wconf 81' lang='lat' dir='ltr'>commissis.</span> <span class='ocrx_word' id='word_1_139' title='bbox 1103 2193 1299 2279; x_wconf 83' lang='lat' dir='ltr'>Probatur</span> <span class='ocrx_word' id='word_1_140' title='bbox 1325 2223 1373 2279; x_wconf 84' lang='lat' dir='ltr'>ex</span> <span class='ocrx_word' id='word_1_141' title='bbox 1397 2194 1438 2284; x_wconf 87' lang='lat' dir='ltr'>S.</span> <span class='ocrx_word' id='word_1_142' title='bbox 1462 2197 1673 2397; x_wconf 42' lang='lat' dir='ltr'>Augustino</span> 
     </span>
    </p>
   </div>
   <div class='ocr_carea' id='block_1_6' title="bbox 214 2305 1673 2883">
    <p class='ocr_par' dir='ltr' id='par_1_6' title="bbox 214 2305 1673 2883">
     <span class='ocr_line' id='line_1_17' title="bbox 231 2305 1673 2433; baseline -0.008 -26"><span class='ocrx_word' id='word_1_143' title='bbox 231 2322 322 2428; x_wconf 89' lang='lat' dir='ltr'>(seu</span> <span class='ocrx_word' id='word_1_144' title='bbox 357 2321 489 2433; x_wconf 86' lang='lat' dir='ltr'>potius</span> <span class='ocrx_word' id='word_1_145' title='bbox 528 2309 607 2397; x_wconf 90' lang='lat' dir='ltr'>alio</span> <span class='ocrx_word' id='word_1_146' title='bbox 644 2313 834 2411; x_wconf 88' lang='lat' dir='ltr'>authore)</span> <span class='ocrx_word' id='word_1_147' title='bbox 864 2305 916 2393; x_wconf 61' lang='lat' dir='ltr'>‘de</span> <span class='ocrx_word' id='word_1_148' title='bbox 952 2307 1137 2423; x_wconf 83' lang='lat' dir='ltr'>Dogmui.</span> <span class='ocrx_word' id='word_1_149' title='bbox 1167 2306 1305 2423; x_wconf 71' lang='lat' dir='ltr'>Ecclefi</span> <span class='ocrx_word' id='word_1_150' title='bbox 1332 2313 1384 2397; x_wconf 88' lang='lat' dir='ltr'>C.</span> <span class='ocrx_word' id='word_1_151' title='bbox 1415 2326 1481 2408; x_wconf 82' lang='lat'>68.</span> <span class='ocrx_word' id='word_1_152' title='bbox 1508 2342 1532 2397; x_wconf 93' lang='lat' dir='ltr'>u</span> <span class='ocrx_word' id='word_1_153' title='bbox 1564 2321 1578 2397; x_wconf 94' lang='lat' dir='ltr'>i</span> <span class='ocrx_word' id='word_1_154' title='bbox 1607 2318 1673 2399; x_wconf 83' lang='lat' dir='ltr'>ait:</span> 
     </span>
     <span class='ocr_line' id='line_1_18' title="bbox 231 2420 1673 2534; baseline -0.003 -15"><span class='ocrx_word' id='word_1_155' title='bbox 231 2438 439 2531; x_wconf 83' lang='lat' dir='ltr'>Veraciier</span> <span class='ocrx_word' id='word_1_156' title='bbox 469 2451 595 2514; x_wconf 85' lang='lat' dir='ltr'>omnes</span> <span class='ocrx_word' id='word_1_157' title='bbox 629 2424 758 2514; x_wconf 75' lang='lat' dir='ltr'>Sanus·</span> <span class='ocrx_word' id='word_1_158' title='bbox 777 2458 780 2465; x_wconf 55' lang='lat'><strong><em>¹</em></strong></span> <span class='ocrx_word' id='word_1_159' title='bbox 786 2424 1071 2534; x_wconf 73' lang='lat' dir='ltr'>pronuntiant,</span> <span class='ocrx_word' id='word_1_160' title='bbox 1098 2420 1144 2534; x_wconf 83' lang='lat' dir='ltr'>se</span> <span class='ocrx_word' id='word_1_161' title='bbox 1171 2426 1237 2531; x_wconf 78' lang='lat' dir='ltr'>effe</span> <span class='ocrx_word' id='word_1_162' title='bbox 1260 2425 1489 2533; x_wconf 73' lang='lat' dir='ltr'>peccatores,</span> <span class='ocrx_word' id='word_1_163' title='bbox 1519 2431 1608 2531; x_wconf 78' lang='lat' dir='ltr'>quia</span> <span class='ocrx_word' id='word_1_164' title='bbox 1637 2433 1673 2518; x_wconf 90' lang='lat' dir='ltr'>in</span> 
     </span>
     <span class='ocr_line' id='line_1_19' title="bbox 228 2534 1673 2656; baseline -0.014 -16"><span class='ocrx_word' id='word_1_165' title='bbox 228 2555 402 2646; x_wconf 82' lang='lat' dir='ltr'>veritate</span> <span class='ocrx_word' id='word_1_166' title='bbox 430 2539 584 2638; x_wconf 82' lang='lat' dir='ltr'>habent,</span> <span class='ocrx_word' id='word_1_167' title='bbox 611 2535 714 2650; x_wconf 84' lang='lat' dir='ltr'>quod</span> <span class='ocrx_word' id='word_1_168' title='bbox 731 2535 819 2651; x_wconf 84' lang='lat' dir='ltr'>pluo</span> <span class='ocrx_word' id='word_1_169' title='bbox 844 2544 937 2646; x_wconf 76' lang='lat' dir='ltr'>ant3</span> <span class='ocrx_word' id='word_1_170' title='bbox 961 2534 996 2645; x_wconf 80' lang='lat' dir='ltr'><em>fi</em></span> <span class='ocrx_word' id='word_1_171' title='bbox 1023 2563 1100 2623; x_wconf 86' lang='lat' dir='ltr'>non</span> <span class='ocrx_word' id='word_1_172' title='bbox 1124 2537 1405 2653; x_wconf 56' lang='lat' dir='ltr'>reprehensione</span> <span class='ocrx_word' id='word_1_173' title='bbox 1436 2540 1673 2656; x_wconf 71' lang='lat' dir='ltr'>cotisct&#39;rntiae²</span> 
     </span>
     <span class='ocr_line' id='line_1_20' title="bbox 214 2646 1673 2766; baseline -0.011 -7"><span class='ocrx_word' id='word_1_174' title='bbox 214 2661 338 2759; x_wconf 67' lang='lat' dir='ltr'>atrii</span> <span class='ocrx_word' id='word_1_175' title='bbox 372 2674 499 2751; x_wconf 75' lang='lat' dir='ltr'>saonen</span> <span class='ocrx_word' id='word_1_176' title='bbox 540 2653 747 2742; x_wconf 75' lang='lat' dir='ltr'>mobilitate</span> <span class='ocrx_word' id='word_1_177' title='bbox 879 2646 1132 2739; x_wconf 81' lang='lat' dir='ltr'>mutabilitate</span> <span class='ocrx_word' id='word_1_178' title='bbox 1161 2655 1480 2766; x_wconf 81' lang='lat' dir='ltr'>pravaricoiricis</span> <span class='ocrx_word' id='word_1_179' title='bbox 1515 2667 1673 2745; x_wconf 68' lang='lat' dir='ltr'>&#39;notura⁴</span> 
     </span>
     <span class='ocr_line' id='line_1_21' title="bbox 234 2763 1673 2883; baseline -0.01 -14"><span class='ocrx_word' id='word_1_180' title='bbox 234 2786 286 2874; x_wconf 90' lang='grc' dir='ltr'>Β.</span> <span class='ocrx_word' id='word_1_181' title='bbox 308 2780 510 2869; x_wconf 82' lang='lat' dir='ltr'>Henrictts</span> <span class='ocrx_word' id='word_1_182' title='bbox 532 2766 622 2883; x_wconf 77' lang='lat' dir='ltr'>Sufh</span> <span class='ocrx_word' id='word_1_183' title='bbox 644 2766 755 2855; x_wconf 78' lang='lat' dir='ltr'>Dios.</span> <span class='ocrx_word' id='word_1_184' title='bbox 784 2763 976 2852; x_wconf 73' lang='lat' dir='ltr'>deiferis.</span> <span class='ocrx_word' id='word_1_185' title='bbox 1006 2764 1046 2852; x_wconf 84' lang='lat' dir='ltr'>C.</span> <span class='ocrx_word' id='word_1_186' title='bbox 1074 2795 1138 2853; x_wconf 87' lang='lat' dir='ltr'>to.</span> <span class='ocrx_word' id='word_1_187' title='bbox 1167 2767 1235 2852; x_wconf 90' lang='lat' dir='ltr'>ubi</span> <span class='ocrx_word' id='word_1_188' title='bbox 1259 2768 1403 2853; x_wconf 86' lang='lat' dir='ltr'>docet:</span> <span class='ocrx_word' id='word_1_189' title='bbox 1427 2777 1575 2857; x_wconf 89' lang='lat' dir='ltr'>unitum</span> <span class='ocrx_word' id='word_1_190' title='bbox 1599 2798 1673 2855; x_wconf 86' lang='lat' dir='ltr'>non</span> 
     </span>
    </p>
   </div>
   <div class='ocr_carea' id='block_1_7' title="bbox 231 2878 1674 3108">
    <p class='ocr_par' dir='ltr' id='par_1_7' title="bbox 231 2878 1674 3108">
     <span class='ocr_line' id='line_1_22' title="bbox 231 2878 1674 3011; baseline -0.015 -31"><span class='ocrx_word' id='word_1_191' title='bbox 231 2886 396 3011; x_wconf 83' lang='lat' dir='ltr'>amplius</span> <span class='ocrx_word' id='word_1_192' title='bbox 421 2911 603 3003; x_wconf 87' lang='lat' dir='ltr'>peccare,</span> <span class='ocrx_word' id='word_1_193' title='bbox 634 2878 908 2994; x_wconf 77' lang='lat' dir='ltr'>intelligendus</span> <span class='ocrx_word' id='word_1_194' title='bbox 937 2883 989 2963; x_wconf 87' lang='lat' dir='ltr'>est</span> <span class='ocrx_word' id='word_1_195' title='bbox 1010 2908 1087 2993; x_wconf 91' lang='lat' dir='ltr'>pto</span> <span class='ocrx_word' id='word_1_196' title='bbox 1115 2878 1179 2967; x_wconf 91' lang='lat' dir='ltr'>illa</span> <span class='ocrx_word' id='word_1_197' title='bbox 1207 2885 1318 2982; x_wconf 82' lang='lat' dir='ltr'>hora,</span> <span class='ocrx_word' id='word_1_198' title='bbox 1345 2911 1426 2997; x_wconf 87' lang='lat' dir='ltr'>qua</span> <span class='ocrx_word' id='word_1_199' title='bbox 1446 2883 1530 2971; x_wconf 78' lang='lat' dir='ltr'>talis</span> <span class='ocrx_word' id='word_1_200' title='bbox 1557 2890 1674 2972; x_wconf 70' lang='lat' dir='ltr'>homi</span> 
     </span>
     <span class='ocr_line' id='line_1_23' title="bbox 232 2991 1001 3108; baseline -0.03 -7"><span class='ocrx_word' id='word_1_201' title='bbox 232 3021 324 3102; x_wconf 74' lang='lat' dir='ltr'>ablu</span> <span class='ocrx_word' id='word_1_202' title='bbox 346 3009 399 3092; x_wconf 86' lang='lat' dir='ltr'>est</span> <span class='ocrx_word' id='word_1_203' title='bbox 417 3011 458 3090; x_wconf 90' lang='lat' dir='ltr'>in</span> <span class='ocrx_word' id='word_1_204' title='bbox 476 3006 623 3086; x_wconf 84' lang='lat' dir='ltr'>unione</span> <span class='ocrx_word' id='word_1_205' title='bbox 648 2991 1001 3108; x_wconf 82' lang='lat' dir='ltr'>contemplationis.</span> 
     </span>
    </p>
   </div>
   <div class='ocr_carea' id='block_1_8' title="bbox 120 3185 1674 3729">
    <p class='ocr_par' dir='ltr' id='par_1_8' title="bbox 120 3185 1674 3729">
     <span class='ocr_line' id='line_1_24' title="bbox 351 3185 1674 3300; baseline -0.007 -17"><span class='ocrx_word' id='word_1_206' title='bbox 351 3194 576 3283; x_wconf 86' lang='lat' dir='ltr'>Dicendum</span> <span class='ocrx_word' id='word_1_207' title='bbox 609 3221 644 3293; x_wconf 79' lang='lat'>3.</span> <span class='ocrx_word' id='word_1_208' title='bbox 702 3192 857 3299; x_wconf 87' lang='lat' dir='ltr'>Corpus</span> <span class='ocrx_word' id='word_1_209' title='bbox 900 3185 1069 3269; x_wconf 89' lang='lat' dir='ltr'>durante.</span> <span class='ocrx_word' id='word_1_210' title='bbox 1098 3210 1191 3270; x_wconf 82' lang='lat' dir='ltr'>vera</span> <span class='ocrx_word' id='word_1_211' title='bbox 1231 3185 1571 3300; x_wconf 87' lang='lat' dir='ltr'>contemplationis</span> <span class='ocrx_word' id='word_1_212' title='bbox 1601 3190 1674 3274; x_wconf 86' lang='lat' dir='ltr'>uni·</span> 
     </span>
     <span class='ocr_line' id='line_1_25' title="bbox 120 3299 1674 3422; baseline -0.01 -16"><span class='ocrx_word' id='word_1_213' title='bbox 120 3354 123 3359; x_wconf 91' lang='lat'>·</span> <span class='ocrx_word' id='word_1_214' title='bbox 237 3317 350 3405; x_wconf 80' lang='lat' dir='ltr'>tione</span> <span class='ocrx_word' id='word_1_215' title='bbox 375 3339 460 3399; x_wconf 88' lang='lat' dir='ltr'>non</span> <span class='ocrx_word' id='word_1_216' title='bbox 487 3303 597 3422; x_wconf 83' lang='lat' dir='ltr'>posse</span> <span class='ocrx_word' id='word_1_217' title='bbox 623 3310 702 3415; x_wconf 92' lang='lat' dir='ltr'>pati</span> <span class='ocrx_word' id='word_1_218' title='bbox 729 3299 879 3386; x_wconf 84' lang='lat' dir='ltr'>seminis</span> <span class='ocrx_word' id='word_1_219' title='bbox 907 3307 1078 3390; x_wconf 78' lang='lat' dir='ltr'>fluxums</span> <span class='ocrx_word' id='word_1_220' title='bbox 1136 3302 1228 3413; x_wconf 87' lang='lat' dir='ltr'>quia</span> <span class='ocrx_word' id='word_1_221' title='bbox 1258 3330 1308 3385; x_wconf 82' lang='lat' dir='ltr'>ex</span> <span class='ocrx_word' id='word_1_222' title='bbox 1335 3299 1398 3386; x_wconf 92' lang='lat' dir='ltr'>illa</span> <span class='ocrx_word' id='word_1_223' title='bbox 1426 3310 1573 3389; x_wconf 89' lang='lat' dir='ltr'>unione</span> <span class='ocrx_word' id='word_1_224' title='bbox 1601 3330 1674 3390; x_wconf 77' lang='lat' dir='ltr'>tau</span> 
     </span>
     <span class='ocr_line' id='line_1_26' title="bbox 442 3413 1484 3529; baseline -0.007 -18"><span class='ocrx_word' id='word_1_225' title='bbox 442 3452 483 3511; x_wconf 87' lang='lat' dir='ltr'>ta</span> <span class='ocrx_word' id='word_1_226' title='bbox 522 3428 644 3508; x_wconf 87' lang='lat' dir='ltr'>oritur</span> <span class='ocrx_word' id='word_1_227' title='bbox 678 3413 886 3529; x_wconf 86' lang='lat' dir='ltr'>applicatio</span> <span class='ocrx_word' id='word_1_228' title='bbox 925 3419 1088 3512; x_wconf 81' lang='lat' dir='ltr'>mentis,</span> <span class='ocrx_word' id='word_1_229' title='bbox 1128 3440 1172 3496; x_wconf 92' lang='lat' dir='ltr'>ut</span> <span class='ocrx_word' id='word_1_230' title='bbox 1209 3443 1346 3500; x_wconf 83' lang='lat' dir='ltr'>omnes</span> <span class='ocrx_word' id='word_1_231' title='bbox 1381 3424 1484 3504; x_wconf 78' lang='lat' dir='ltr'>vitto</span> 
     </span>
     <span class='ocr_line' id='line_1_27' title="bbox 610 3526 1312 3729; baseline -0.01 -107"><span class='ocrx_word' id='word_1_232' title='bbox 610 3528 840 3622; x_wconf 85' lang='lat' dir='ltr'>inferiorum</span> <span class='ocrx_word' id='word_1_233' title='bbox 866 3535 1132 3729; x_wconf 56' lang='lat' dir='ltr'>pptentiarum</span> <span class='ocrx_word' id='word_1_234' title='bbox 1158 3526 1312 3642; x_wconf 84' lang='lat' dir='ltr'>suspen-</span> 
     </span>
     <span class='ocr_line' id='line_1_28' title="bbox 915 3668 1038 3729; baseline 0.008 -1"><span class='ocrx_word' id='word_1_235' title='bbox 915 3668 1038 3729; x_wconf 89' lang='lat' dir='ltr'>antur.</span> 
     </span>
    </p>
   </div>
   <div class='ocr_carea' id='block_1_9' title="bbox 0 0 1910 4994">
    <p class='ocr_par' dir='ltr' id='par_1_9' title="bbox 0 0 1910 4994">
     <span class='ocr_line' id='line_1_29' title="bbox 0 0 1910 4994; baseline 0 0"><span class='ocrx_word' id='word_1_236' title='bbox 0 0 1910 4994; x_wconf 95' lang='lat' dir='ltr'> </span> 
     </span>
    </p>
   </div>
  </div>
 </body>
</html>
