3796 4994
600 277 907 378 revelationes
940 282 987 376 S.
1025 279 1264 380 Gertrulu.
1418 208 1422 213 Ι
1548 312 1661 413 ,107

214 479 265 562 rit
287 469 402 561 alicui
421 472 550 593 loqui,
573 504 665 567 ante
687 480 795 596 quast
820 484 871 569 ad
888 513 953 572 me
971 481 1174 599 aspirando
1194 480 1435 599 ingemil'cat3
1459 487 1546 602 'quo
1564 489 1605 574 in
1623 482 1664 576 se

215 595 380 675 attrahat
401 597 528 677 cordis
548 599 625 679 mei
643 596 813 685 divinam
842 602 1121 711 alpitationem.
1190 601 1341 686 Exinde
1368 602 1567 716 quidquid
1599 597 1663 688 lo·

216 728 306 789 cuta
328 703 444 790 fuerit
465 732 530 792 tan
563 736 651 793 uam
675 738 724 794 ex
744 738 809 797 me
827 712 978 797 dicium
997 713 1255 799 indubitatum
1274 739 1322 798 ac
1338 740 1483 800 certum
1498 717 1664 806 habeats

215 824 348 930 neque
375 825 482 955 enim·
504 736 593 954 ipla,
624 851 754 961 neque
782 825 983 912 audientes
1007 821 1201 959 fallentur,
1231 831 1326 942 quin
1352 830 1483 962 cordis
1511 833 1588 963 cnei
1605 825 1664 914 se-

216 930 983 1163 {Dlffillliliillllzliz
1004 937 1666 1162 inlilllllillltil‘ll

214 1178 262 1242 ta
287 1163 367 1265 ejus
389 1158 563 1247 servabo.
678 1168 748 1250 lsta
770 1083 967 1278 ptomffio
996 1163 1049 1252 stc
1077 1162 1240 1280 intelligi
1263 1173 1414 1280 potest,
1441 1193 1485 1253 ut
1505 1194 1580 1255 nec
1599 1193 1661 1254 ro·

213 1264 439 1382 spondens,
457 1301 530 1359 nec
544 1280 777 1391 accipientes
800 1275 1170 1392 responsumetrent
1194 1285 1409 1379 moraliter,
1440 1276 1504 1368 seu
1528 1278 1662 1395 culpa·

214 1379 345 1583 &nialla
372 1414 505 1475 coram
537 1392 654 1493 De03
708 1419 791 1478 non
823 1418 976 1493 autem,
1003 1396 1118 1510 quod
1141 1421 1226 1481 non
1263 1392 1334 1482 fint
1356 1401 1514 1482 erraturi
1537 1420 1662 1480 mate·

297 1521 367 1586 ter.

333 1766 436 1855 vm.
492 1770 537 1854 L
566 1768 766 1867 t.C.19.
821 1770 1017 1856 Dominus
1045 1766 1098 1856 ad
1126 1769 1168 1857 S.
1200 1769 1437 1858 Gertrudem
1469 1772 1547 1856 ait:
1592 1766 1678 1856 Μ’
1729 1762 1747 1790 ‘

215 1878 298 1964 hoc
317 1903 359 1965 te
382 1879 497 1996 elegi,
524 1882 575 1967 ad
598 1885 677 1967 hoc
697 1908 786 1969 utor
808 1907 861 1983 te,
894 1908 939 1969 ut
958 1884 1003 1971 fis
1028 1909 1215 1999 tanquam
1236 1880 1441 1970 triclinium
1466 1876 1662 1968 thefiuro·

217 2018 302 2077 rum
330 2020 534 2096 meorum,
556 1999 797 2109 prouidens,
820 2024 863 2083 ut
880 2001 1150 2112 unusquisque
1171 2026 1259 2112 qua
1279 1995 1465 2111 quaefictit
1486 1999 1584 2080 inte
1603 1998 1663 2082 in·

214 2109 357 2208 veniat,
383 2131 568 2223 tanquam
587 2114 634 2195 'in
665 2109 823 2220 sponsa,
855 2140 943 2226 quae
978 2116 1152 2197 omnium
1189 2106 1421 2197 secretorum
1450 2108 1574 2221 sponsi
1607 2106 1670 2227 sui¹

215 2218 369 2306 conscia
396 2223 470 2321 est,
493 2227 533 2306 ἃ
555 2224 727 2328 ejusdem
760 2229 802 2309 in
827 2226 1010 2311 omnibus
1038 2219 1277 2311 voluntatem
1303 2229 1343 2307 ἀ
1374 2221 1452 2308 ben
1505 2216 1662 2308 lacitutu

216 2330 399 2447 agnoscit.
481 2337 538 2421 At
564 2338 737 2437 constat,
763 2339 804 2422 S.
830 2338 1067 2424 Gertrudem
1088 2343 1133 2424 in
1157 2336 1286 2423 multis
1310 2341 1405 2452 igno
1475 2332 1664 2422 evolun·

216 2469 337 2553 ratem
356 2447 546 2538 divinams
577 2453 750 2536 Christus
783 2453 827 2537 L.
853 2479 891 2554 ς.
914 2452 965 2538 C.
994 2479 1060 2554 33·
1082 2447 1360 2563 expresserit,
1394 2448 1527 2561 septo
1557 2470 1663 2532 terea

217 2555 433 2675 aliquando
456 2565 692 2648 Gertrudem
718 2592 801 2650 non
827 2565 1021 2668 exaudire,
1042 2568 1136 2677 quia
1157 2563 1233 2678 ipsa
1255 2561 1384 2664 nescit,
1404 2563 1502 2757 ‹pui'd
1527 2476 1571 2646 gt
1595 2584 1664 2645 co·

218 2698 300 2758 ram
318 2678 410 2760 Deo
435 2671 584 2760 melius.
640 2682 689 2762 Et
713 2682 756 2763 L.
783 2707 818 2780 ς.
840 2680 890 2763 C.
915 2706 979 2783 50·
1037 2675 1142 2762 cin
1173 2679 1340 2762 Christus
1359 2704 1413 2760 no
1430 2671 1484 2759 let
1507 2672 1665 2787 petitio·

218 2792 259 2872 ni
280 2782 483 2876 Gertru'dis
504 2788 758 2903 acquiescere,
776 2793 892 2877 ‹lixits
922 2796 1056 2906 Quare
1073 2786 1193 2875 velles
1216 2794 1311 2876 mihi
1339 2785 1500 2874 molesta
1523 2783 1611 2886 elle,
1636 2785 1664 2872 st
1718 2853 1721 2857 -

218 2896 412 2988 voluntati
437 2932 556 3002 mea,
581 2904 623 2987 id
646 2906 760 3018 quod
782 2911 904 3029 petis,
938 2907 1251 2990 contraveniret?
1289 2901 1341 2989 ad
1371 2902 1486 3018 quod
1502 2904 1667 2988 Gertru·

219 3014 310 3102 des:
340 3017 535 3133 Nunquid
555 3021 728 3102 Domine
746 3021 825 3102 hoc
847 3017 1076 3104 desiderium
1102 3043 1234 3102 meum
1251 3018 1397 3126 judicas
1419 3015 1491 3100 tibi
1513 3037 1667 3100 contra·

220 3133 336 3227 tium,
357 3135 398 3214 in
422 3159 536 3244 quo,
561 3154 605 3217 ut
624 3135 717 3216 mihi
739 3132 920 3228 videtur,
951 3130 1047 3243 pute
1077 3125 1233 3217 laudem
1263 3156 1368 3216 tuam
1402 3130 1564 3243 quero?
1601 3151 1662 3211 re·
1718 3228 1721 3232 Α

217 3238 378 3357 spondit
401 3247 606 3329 Dominus.
691 3247 816 3362 Qtod
843 3243 1059 3329 sermonem
1088 3244 1238 3330 dehoc
1259 3271 1409 3342 moves,
1431 3239 1537 3355 quast
1558 3233 1666 3353 puel-

219 3350 340 3442 larem
368 3385 520 3443 morem
557 3355 769 3459 dissimulo,
798 3356 864 3443 sed
886 3358 912 3442 st
938 3363 1195 3470 importunius
1217 3359 1400 3455 instares,
1431 3355 1695 3469 locutique

221 3498 308 3559 non
333 3495 587 3583 acceptarem.
668 3472 747 3556 Sed
787 3468 895 3585 supra
922 3477 997 3581 jam
1028 3475 1082 3556 est
1108 3467 1360 3585 responsum,
1397 3466 1666 3582 promiffiones

218 3580 301 3670 Dei
325 3580 524 3699 generales
556 3581 652 3698 sape
679 3582 755 3671 etse
773 3587 888 3671 tacite
917 3585 1228 3695 conditionatos,
1258 3581 1458 3698 prasertim
1487 3587 1670 3695 privatas,

222 3698 264 3784 in
286 3698 431 3813 quibus
453 3702 607 3784 nonest
627 3699 821 3785 neceffitas
848 3697 1090 3813 exprimendi
1111 3725 1249 3784 omnes
1279 3697 1549 3792 conditiones,
1574 3695 1670 3807 quia
1709 3748 1712 3755 -

214 3812 371 3927 privata
397 3808 661 3924 inspiratione,
692 3814 787 3898 dum
822 3840 922 3928 opus
954 3815 1092 3910 fucrit,
1115 3811 1291 3897 insinuati
1320 3805 1484 3924 poliunt.
1567 3812 1671 3892 Hinc

223 3926 323 4013 dunt
344 3929 457 4012 amici
473 3920 691 4040 loquuntur
714 3931 906 4028 invicem,
935 3950 1017 4009 non
1049 3918 1088 4014 se
1113 3926 1350 4039 adllringunt
1377 3916 1670 4031 adlocutiones

768 4059 772 4065 ·
943 4045 982 4124 0
1004 4054 1036 4126 'a
1265 4053 1270 4061 '
1515 4054 1672 4121 accun-
