3796 4994
667 234 852 449 ‘Regula
869 342 930 409 ex·
944 292 1064 410 eard.
1088 284 1235 413 Bana.
1261 294 1267 305 ⁹
1575 304 1692 446 1'2'7'·

215 515 384 636 specialis
417 478 1156 633 dispoirtioanuni‚·va1deoppofim
1183 514 1263 604 luci
1288 521 1467 620 internae,
1503 521 1543 603 &
1570 543 1676 607 tran·

217 633 345 751 quillo
364 637 418 719 de
442 638 536 718 statu
556 637 715 716 interno
742 632 911 735 judicio,
942 659 985 718 ut
1008 632 1188 720 observat
1214 637 1266 721 D.
1283 636 1357 719 Th.
1376 666 1413 720 e.
1439 665 1476 719 2.
1501 643 1555 746 Q.
1581 664 1674 734 ¹72·

218 760 260 837 Α.
281 780 322 853 4
388 753 499 833 Idem
525 748 673 833 docent
690 753 864 853 Joannes
886 743 1097 848 elimatus.
1120 756 1165 836 S.
1187 750 1433 852 Diadochun
1453 755 1492 836 δι
1515 757 1551 835 8.
1575 753 1675 837 Lau·

218 874 361 952 tentius
379 866 627 969 Justinianus.
643 865 685 947 1.
703 862 797 949 CC.
819 859 946 949 relati.

321 1064 501 1195 Regula
532 1083 576 1170 8.
611 1030 807 1169 Eadem
840 1055 1132 1198 regulariter
1159 1087 1273 1163 non
1306 1068 1568 1196 reperitur,
1598 1075 1674 1173 ni·

218 1204 245 1308 fi
282 1210 339 1307 in
376 1213 458 1319 iis,
491 1207 577 1341 qui
614 1196 831 1305 humiles
869 1199 1192 1341 coniciunt,
1231 1199 1286 1307 ὅ(
1322 1211 1469 1309 variis
1508 1229 1671 1319 tenta·

219 1344 446 1453 tionibus
495 1338 771 1446 diutiffime
818 1340 1038 1478 probati
1140 1371 1203 1456 lb.
1234 1374 1295 1485 N.
1337 1402 1379 1474 4.
1446 1373 1567 1460 Ratio
1601 1348 1671 1480 ets.
1727 1386 1731 1391 ·

220 1493 327 1602 quia,
350 1512 397 1572 ut
419 1490 581 1597 Sapiens
604 1479 742 1568 Eccles.
763 1513 825 1586 34.
849 1488 925 1568 ait:
963 1489 1050 1590 Qui
1072 1515 1155 1571 non
1177 1487 1230 1569 est
1252 1508 1434 1584 tentatus,
1461 1496 1558 1601 quid
1576 1487 1673 1579 scit?

221 1609 273 1689 tir
299 1606 343 1687 in
371 1598 506 1688 multis
534 1624 710 1711 expertus
738 1599 927 1711 cogitabit
955 1601 1102 1699 muita,
1127 1600 1242 1715 quod
1270 1599 1504 1711 potiffimum
1536 1601 1673 1695 locum

222 1716 336 1802 habet
365 1721 466 1800 circa
491 1717 665 1828 mysticas
697 1718 828 1800 Sanoii
859 1718 1020 1827 Spiritus
1061 1720 1340 1830 operationes,
1394 1722 1559 1830 ejusque
1601 1750 1673 1805 oc-

225 1828 336 1917 cultas
362 1829 540 1928 semitas,
565 1834 605 1914 δι
635 1826 798 1915 diuersas
826 1836 1075 1929 vocationes,
1102 1823 1251 1915 diaboli
1279 1823 1482 1932 versutias,
1513 1839 1553 1917 δι
1581 1840 1672 1922 inti·

226 1974 279 2030 tra
316 1946 452 2030 cordis
491 1939 731 2059 peneuaiiat
785 1942 857 2028 ubi
889 1952 1086 2031 concurrit
1127 1939 1381 2056 complexum
1422 1970 1485 2029 tot
1511 1953 1672 2037 circum·

228 2063 455 2158 iiantiarum,
481 2084 525 2144 ut
551 2087 627 2172 per
650 2061 928 2170 experientiam
954 2087 1040 2146 uno
1075 2061 1185 2176 quau
1217 2060 1361 2144 obtutu
1392 2061 1528 2161 videri,
1557 2070 1670 2151 mini·

228 2176 282 2261 ni
304 2179 407 2262 reri>
428 2175 605 2260 doetrina
632 2169 814 2288 explicari
839 2170 967 2286 potiit.
1018 2177 1133 2264 Idem
1157 2177 1281 2262 dotet
1298 2175 1338 2260 S.
1356 2176 1581 2266 Laurentius
1598 2186 1670 2289 Ju-

229 2292 399 2379 ssioianus
421 2293 472 2379 1.
490 2288 549 2375 de
561 2290 699 2376 Obed.
718 2288 775 2377 C.
799 2302 866 2376 ιθ.

178 2486 184 2545 ³
318 2490 496 2623 Regula
535 2518 585 2621 9.
631 2479 776 2589 Hinc·
815 2477 1106 2591 authoritas
1162 2514 1386 2606 eorum,
1423 2494 1512 2625 qui
1550 2521 1671 2601 earn

232 2626 636 2770 tranquillitatem
663 2635 838 2747 animi,
874 2622 1245 2746 humilitatem,
1280 2652 1372 2736 aut
1405 2631 1538 2737 certe
1576 2667 1669 2773 per

234 2782 369 2879 varias
415 2778 741 2878 tentationes
786 2780 1154 2908 experientiam
1185 2803 1296 2879 non
1339 2769 1559 2898 habent,
1608 2787 1664 2887 in

233 2904 307 3019 hac
331 2921 559 3022 materia
584 2942 696 3019 non
719 2912 917 3051 praebet
946 2911 1161 3022 solidum
1197 2942 1565 3056 argumentum
1600 2921 1665 3031 ad

304 3054 663 3169 stabiliendam
701 3082 796 3163 aut
823 3053 1153 3173 refellandam
1191 3069 1461 3171 veritatem
1490 3094 1563 3168 re·
1636 3094 1642 3101 “
1681 3122 1687 3133 ·

507 3194 861 3306 relationum.
933 3226 1121 3336 sequitur
1149 3253 1198 3314 ex
1226 3224 1376 3343 Regula

813 3340 1073 3428 antecedenti.

709 3632 1174 3786 &afflati
