3772 4988
606 333 781 468 Regale
808 360 866 435 err
893 325 1015 439 card
1032 330 1093 432 ae·
1109 321 1302 435 Larem
1471 392 1474 403 =
1572 364 1672 470 105

322 535 507 633 Secunda
528 534 744 628 differentia
767 541 849 639 est,
872 541 988 655 quod
1015 535 1299 653 contemplatio
1319 537 1539 628 communis
1554 547 1594 628 δι
1611 571 1676 633 ιο.

209 657 350 774 quisita
382 654 612 771 regulariter
634 660 723 769 poll
745 656 1042 742 meditationem
1067 656 1134 755 fit,
1164 663 1203 739 dt
1225 656 1314 741 tarb
1346 655 1424 743 fine
1445 652 1533 756 illa,
1559 686 1674 746 exce·

195 804 198 808 ’
212 780 285 888 ptis
309 777 529 859 exercitatis
547 778 586 857 in
610 800 667 858 ea.
722 774 779 859 At
798 801 881 855 non
909 771 961 855 fic
987 769 1131 860 infusa;
1155 768 1161 780 ’
1201 774 1348 856 uamvis
1372 776 1473 856 enim
1497 770 1675 887 alidum·

214 891 269 972 do
297 891 491 974 habeatur
517 917 605 971 curn
634 887 891 972 meditatione
911 893 1068 997 pratia,
1090 802 1315 999 regtllaritet
1342 909 1473 971 tamen
1501 887 1590 974 line.
1605 884 1674 975 illa

212 1006 370 1090 accidit.
426 998 688 1114 Apprelrenso
717 1030 860 1112 nempe
879 1003 1039 1106 objedlo
1066 999 1284 1086 intelledlus
1304 1003 1427 1087 statim
1451 1001 1536 1117 figit
1562 1007 1603 1087 in
1619 1001 1672 1088 eo'

213 1123 337 1203 aciem
364 1127 518 1219 mentis,
528 1113 626 1203 illud
643 1144 732 1203 cum
755 1118 1013 1203 admiratione
1035 1122 1076 1202 ar
1099 1111 1266 1202 aliorum
1286 1122 1442 1204 asinum
1460 1114 1672 1233 suspenstof

215 1261 265 1318 ne
287 1235 528 1318 intuend0.‘

325 1344 476 1445 Terlid,
496 1351 539 1432 in
563 1345 748 1462 acquisita
786 1341 1118 1459 contemplaturus
1144 1349 1311 1458 proprio
1336 1342 1473 1432 labore
1499 1347 1678 1435 distrahit

217 1460 254 1547 se
278 1462 330 1547 ab
357 1488 610 1549 externorum
640 1465 879 1575 cogitatione
905 1468 944 1546 δι
961 1461 987 1546 ὲ
1005 1458 1205 1573 speciebus
1235 1458 1299 1546 seu
1326 1463 1670 1575 phantasmatibus.
1774 1549 1781 1567 l

218 1584 256 1662 δι
279 1577 365 1690 figit
391 1601 564 1663 mentem
582 1581 622 1662 in
643 1577 823 1687 objectos
853 1602 935 1661 non
958 1575 1009 1662 stc
1028 1581 1069 1663 in
1085 1571 1229 1674 infusor
1258 1581 1351 1690 quia
1372 1578 1496 1662 statim
1518 1604 1564 1661 ac
1586 1572 1671 1663 vult

221 1689 551 1805 contemplaturus
580 1691 633 1777 ad
661 1685 1035 1803 contemplationem
1055 1687 1248 1803 applicare
1269 1688 1511 1804 apprehenso
1534 1689 1672 1805 aliquo

222 1808 380 1912 obieeio
412 1808 600 1905 revelato,
624 1809 735 1891 Deus
760 1834 845 1891 eam
870 1806 1050 1892 abstrahit
1080 1808 1131 1890 ab
1156 1811 1333 1891 omnium
1362 1811 1610 1908 exteriorum,
1628 1810 1670 1889 dt

220 1925 451 2011 interiorum
481 1921 807 2018 confidemtione‚
829 1915 1054 2009 subtrahens
1071 1917 1299 2006 concursum
1326 1918 1575 2007 inferioribus
1596 1948 1675 2036 po·

222 2043 361 2136 tentiis,
382 2065 433 2120 ne
451 2063 536 2121 eam
555 2036 792 2148 perturbent

332 2147 505 2270 Qorld,
533 2155 572 2234 in
601 2150 783 2263 acquifita
809 2146 940 2236 lumen
961 2144 1243 2263 supernaturale
1270 2147 1364 2235 fidei
1383 2144 1534 2241 sufficis
1562 2172 1604 2234 at
1629 2152 1673 2237 iit

224 2261 493 2382 supernaturali
514 2272 552 2348 &
577 2264 697 2350 infusa
713 2262 845 2351 lumen
865 2270 985 2373 majus
1004 2269 1115 2351 Deus
1131 2261 1312 2364 infundit,
1339 2269 1377 2350 δι
1400 2271 1451 2351 ita
1471 2292 1671 2380 magnum,

225 2407 264 2466 ut
283 2381 450 2467 excedat
471 2383 548 2465 vim
566 2376 796 2477 intellecius
814 2385 855 2463 δι
878 2380 985 2494 quast
1011 2376 1189 2466 obfuscet
1206 2377 1340 2484 illum3
1369 2385 1409 2465 &
1430 2380 1525 2466 ideo
1542 2382 1673 2494 amy-

225 2499 316 2584 llicis
339 2520 505 2580 vocatur
528 2490 653 2609 caligo
677 2501 716 2578 δι
734 2496 917 2581 tenebrae.
1697 2541 1699 2545 ι

336 2606 500 2729 Quintil,
526 2615 565 2693 in
583 2610 765 2723 acquifita
779 2606 927 2696 nullum
951 2610 1101 2696 donum
1115 2611 1276 2724 Spiritus
1298 2612 1428 2697 Sandi
1448 2603 1672 2724 regulariter

228 2724 458 2823 infunditur3.
475 2729 568 2839 quia
589 2725 683 2810 tales
700 2721 994 2837 contemplativi
1013 2755 1095 2810 non
1114 2723 1286 2838 perfecie
1311 2729 1462 2842 purgati
1484 2752 1566 2810 non
1587 2720 1672 2808 sunt
1691 2766 1703 2799 ι

231 2838 352 2926 effecti
374 2836 597 2952 spirituales,
620 2841 748 2936 idest,
771 2840 795 2924 d
817 2846 976 2925 terrenis
991 2838 1162 2927 totaliter
1183 2836 1309 2928 alieni.
1365 2851 1418 2926 At
1437 2867 1524 2926 cum
1552 2834 1675 2925 infusa

230 2956 335 3040 Deus
367 2955 549 3040 concedit
577 2949 883 3066 contemplativo
913 2956 996 3039 duo
1031 2956 1137 3040 dona
1171 2958 1334 3069 Spiritus
1362 2959 1512 3055 Sandi,
1533 2953 1676 3040 scilicet

233 3072 378 3155 donum
400 3067 642 3168 intelleclus‚
665 3097 736 3183 per
756 3072 870 3182 quod
889 3067 988 3155 clare
1014 3097 1060 3154 ac
1083 3071 1257 3155 distincte
1280 3069 1480 3186 cognoscit
1502 3073 1672 3179 objesla,

232 3211 312 3297 quae
342 3181 651 3299 contemplatum
681 3191 717 3267 ἃ
746 3186 896 3269 donum
918 3186 1127 3298 sapientiae,
1152 3186 1193 3270 id
1214 3189 1281 3285 est,
1300 3186 1445 3299 saporis
1470 3212 1516 3269 ac
1541 3186 1676 3268 dulce·

235 3302 327 3384 dinis
347 3296 554 3398 voluntati,
573 3328 658 3414 quo
683 3296 748 3385 illa
773 3301 928 3411 objecia
947 3307 987 3384 δι
1007 3307 1146 3387 Deum
1164 3297 1296 3388 inillis
1318 3298 1501 3415 saporose
1525 3305 1565 3383 dt
1587 3292 1676 3385 dul·
1730 3318 1733 3325 ·

234 3437 318 3499 uter
344 3438 461 3498 amat.
506 3443 513 3456 ·
1600 3485 1611 3500 .

340 3524 475 3626 Sextd,
487 3554 558 3640 per
576 3528 798 3643 acquisitam
815 3525 921 3618 lente
938 3534 978 3614 dt
1003 3558 1090 3645 cum
1110 3520 1247 3648 alliquo
1267 3530 1402 3616 labore
1422 3556 1493 3645 per
1513 3525 1692 3640 medita·.

240 3645 378 3728 tionem
401 3649 627 3757 pervenitur
647 3645 698 3727 ad
724 3649 904 3732 intuitum
926 3649 1108 3737 veritatis.
1161 3654 1236 3735 Pet
1260 3643 1422 3734 infusam
1444 3648 1540 3733 verb
1562 3643 1678 3731 forti-

241 3765 340 3843 ter&
364 3761 488 3843 statim
514 3785 600 3843 eam
622 3764 806 3844 intuetur.
978 3792 983 3797 ·
1419 3856 1428 3871 .
1583 3757 1588 3766 ’
1649 3808 1652 3812 -

340 3869 514 3987 Speras,
541 3901 613 3985 per
632 3874 856 3988 acquisitam
877 3876 1102 3987 incipientes
1123 3905 1208 3965 non
1237 3873 1451 3964 alienantur
1475 3877 1497 3967 l
1514 3872 1680 3961 sensibus

245 3991 420 4189 ppftppntep
438 3990 585 4074 extasin
608 3984 674 4074 seu
705 4013 883 4104 raptum3
922 3994 962 4074 δι
994 3993 1242 4109 proficientes
1268 3990 1505 4110 aliquandor
1545 4012 1585 4075 at
1605 4013 1679 4102 pet
1735 4011 1758 4111 fl·

324 4130 379 4191 am
411 4131 510 4220 aepe.

336 4292 989 4434 adrumetanensis
1197 4305 1240 4398 o
1561 4289 1681 4390 oar-
