3796 4994
579 297 780 395 Revelar.
801 293 854 395 de
877 293 1065 431 Agraria.
1083 303 1195 395 Pars
1214 303 1274 398 ΙΙ.
1455 307 1461 313 ’
1551 327 1651 425 313

326 523 419 600 375.
467 503 620 612 Quinto
650 497 780 586 mense
806 501 971 587 advertit
997 503 1037 584 S.
1065 497 1212 614 Joseph
1239 496 1341 584 suam
1368 491 1539 611 sponsam
1568 530 1652 617 gra·

210 609 356 808 picllam.
447 627 542 714 37⁶·
571 614 712 715 Certe,
740 613 769 702 sr
796 611 1012 701 credidisset
1037 620 1078 701 in
1106 642 1153 699 ea
1191 609 1358 728 culpam,
1386 613 1538 703 obiisset
1572 645 1649 731 prae

241 753 268 809 o
285 752 365 810 ore.
454 742 521 827 96.
982 749 1007 821 j
1100 784 1103 788 ,
1176 759 1180 787 ¹

332 756 443 940 390.3
455 846 499 926 B.
523 845 572 927 V.
594 837 833 956 cognoscens
850 843 978 926 anxias
995 842 1035 927 S.
1047 835 1207 955 Josephi
1228 865 1336 926 curas
1360 839 1470 951 jubet
1494 837 1565 929 suis
1580 869 1652 931 an·

212 947 323 1064 gelis,
348 976 390 1037 ut
407 980 496 1038 eum
511 955 706 1054 adiuvent
763 955 880 1042 Beati
892 959 1066 1075 spiritus,
1084 960 1225 1069 inquit,
1250 1003 1271 1021 -

332 1093 382 1166 39
390 1099 425 1170 3·
451 1069 487 1153 S.
512 1065 668 1183 Joseph,
691 1071 897 1182 postquam
914 1077 989 1178 jam
1008 1071 1113 1155 duos
1136 1064 1285 1154 menses
1310 1073 1350 1153 in
1372 1069 1446 1153 stac
1461 1074 1653 1159 anxietate

211 1173 454 1293 transegerat,
470 1177 678 1269 exclamat:
706 1182 805 1272 Non
821 1185 977 1270 invenio
994 1185 1119 1296 aptius
1129 1179 1287 1268 mediam
1300 1187 1375 1269 &c
1398 1184 1523 1271 statui
1567 1191 1655 1275 roia

212 1315 260 1375 ea
285 1301 402 1379 node
421 1291 629 1381 discedere.
686 1296 871 1380 Attamen
889 1301 993 1409 prius
1013 1295 1064 1382 fic
1083 1295 1312 1410 precabatur
1334 1297 1486 1383 Deum:
1575 1307 1655 1387 ier·

211 1429 260 1497 ae
282 1405 397 1495 Deus
419 1413 495 1494 dac.
556 1440 650 1513 394.
676 1414 799 1496 Vovit
818 1412 933 1494 eriam
954 1407 1123 1524 aliquam
1142 1435 1289 1522 partem
1303 1413 1474 1523 pecunie
1491 1413 1534 1494 in
1555 1435 1652 1497 tem·
1682 1467 1685 1472 -

163 1535 165 1544 ¹
211 1515 332 1719 pluri}
357 1527 432 1736 Jssp
452 1526 574 1718 le'rgo
595 1551 665 1636 per
682 1517 958 1611 revelationem
976 1521 1176 1638 cognoscit
1197 1550 1336 1610 omnes
1358 1551 1423 1609 eas
1448 1529 1654 1650 cogitatio-

213 1662 282 1721 nes
333 1697 343 1720 .
384 1663 448 1720 oe
504 1665 525 1720 ι.

342 1665 535 1853 397·pll.
562 1753 611 1834 V.
640 1749 690 1832 ad
719 1773 783 1835 me
810 1747 941 1841 dixit:
998 1748 1115 1837 Disce
1144 1776 1193 1834 ex
1216 1744 1287 1834 illo
1315 1776 1409 1834 meo
1436 1745 1586 1836 silentio
1613 1777 1655 1837 te

211 1887 412 2065 papaquam
432 1859 608 1953 excusare
628 1869 670 1950 in
699 1889 778 1963 oo,
802 1867 917 1979 quod
939 1867 1010 1952 tibi
1039 1870 1270 1977 imputatur,
1287 1861 1365 1951 :etsi
1392 1861 1437 1949 fis
1464 1867 1654 1950 innocen·

268 2003 357 2064 rma.

314 2121 428 2196 ¹400.
456 2093 566 2177 Deus
588 2095 705 2179 mittit
732 2087 912 2208 angelum
935 2086 1172 2191 Gabrielem,
1195 2115 1242 2179 ut
1268 2116 1359 2178 eum
1373 2084 1513 2175 liberet
1536 2089 1562 2177 i
1586 2115 1656 2176 cu·
1754 2180 1758 2191 ,

215 2208 278 2292 ris.
358 2200 416 2289 llli
434 2210 473 2290 in
492 2203 629 2291 somno
653 2203 853 2320 loquimar
884 2211 992 2319 quia,
1016 2202 1106 2291 licet
1122 2209 1161 2292 S.
1178 2203 1368 2321 Josephus
1386 2232 1467 2289 non
1493 2208 1657 2290 commi·

216 2314 303 2404 serit
320 2314 473 2430 eulpam
494 2318 731 2431 suspicione,
777 2318 873 2404 assus
893 2346 1022 2405 tamen
1045 2323 1098 2404 est
1127 2314 1298 2434 aliquam
1322 2318 1658 2429 perturbationem

215 2430 516 2631 seffi·um³0slua
533 2435 585 2518 ad
616 2350 827 2518 sensibilem
854 2429 1148 2518 familiaritatem
1175 2460 1263 2519 cum
1283 2426 1426 2544 angelo
1445 2432 1656 2533 inidoneus,

217 2571 259 2632 re
317 2569 390 2630 rtur
465 2606 476 2630 .

332 2687 429 2762 402.
472 2658 521 2744 Et
547 2662 628 2747 hac
653 2658 732 2775 ipsa
764 2655 869 2745 causa
897 2659 972 2759 est,
1002 2685 1069 2743 cur
1087 2664 1194 2742 Deus
1216 2660 1256 2740 in
1282 2659 1415 2743 Veteri
1437 2657 1658 2742 Tenrmem

216 2798 259 2859 to
286 2779 401 2857 toties
431 2769 579 2886 legatur
609 2770 763 2860 locutus
794 2772 901 2858 fuisse
930 2777 1103 2856 Patribus
1135 2778 1173 2854 in
1197 2763 1362 2858 somno;
1399 2774 1490 2882 quia
1514 2797 1659 2883 nempe

218 2883 342 2972 sensus
362 2915 499 2972 eorum
522 2890 574 2974 ad
595 2886 819 2997 familiarem
842 2881 1172 2972 conversationem
1190 2888 1286 2971 'cum
1308 2881 1454 2997 angelis
1477 2885 1658 2971 nondum

219 3025 327 3086 erant
380 3025 514 3087 urata.

334 3028 570 3217 appag'sunc
586 3111 731 3227 Joseph
745 3119 785 3199 in
802 3108 942 3198 somno
963 3107 1152 3196 intellexit
1172 3109 1247 3195 eise
1262 3133 1423 3196 matrem
1447 3111 1536 3193 Dei.
1560 3112 1658 3194 -Ira·

221 3256 302 3342 que
332 3227 556 3340 increpabat
576 3227 736 3341 seipsum
754 3227 905 3312 dicens:
945 3223 985 3311 Ο
1008 3234 1129 3312 mater
1147 3226 1231 3313 Dei
1251 3230 1328 3310 &c
1380 3251 1477 3326 405.
1511 3217 1660 3337 Flebat,

221 3347 260 3424 δι
283 3341 459 3428 verrebat
484 3342 660 3438 domum,
683 3367 729 3425 ac
754 3340 943 3454 purgabat
959 3334 1098 3435 solum,
1121 3339 1235 3453 quod
1250 3340 1412 3448 vestigiis
1436 3345 1476 3420 B.
1492 3341 1660 3449 Virginis

219 3457 477 3570 premebatur.
548 3479 647 3558 408.
674 3460 839 3558 Proiecit
871 3449 909 3537 se
944 3454 1133 3537 etiamad
1163 3463 1243 3560 ejus
1270 3450 1394 3564 pedes
1420 3451 1576 3535 dicens:
1617 3445 1658 3535 O

222 3570 368 3655 Mater
392 3565 516 3656 Verbi
539 3572 670 3655 eterni
690 3573 766 3653 dre.

343 3709 441 3785 410,
469 3712 563 3786 4¹¹·
622 3688 666 3766 B.
695 3686 745 3769 V.
785 3673 1053 3764 consolabatur
1082 3674 1316 3793 Josephum,
1358 3672 1663 3771 &illuminabat
1703 3741 1706 3747 ·

223 3795 392 3996 dicsmb
417 3792 464 3882 de
491 3793 663 3916 mysteriis
689 3800 764 3880 &c
822 3795 899 3875 Hic
927 3790 1021 3876 verb
1044 3788 1290 3889 exclamavit:
1323 3787 1598 3904 erdr‘da‘ta
1622 3794 1663 3875 ira

223 3913 369 3995 variari
394 3936 439 3994 us
464 3917 540 3999 dre.

320 4131 380 4220 D.
395 4130 766 4221 annaneane.
783 4132 887 4220 Pars
905 4131 960 4219 ll.
1050 4235 1055 4243 .
1187 4114 1300 4218 ne‘
1563 4120 1662 4227 4'1r.
