3796 4994
415 404 418 409 1
475 258 724 402 judiciam
749 246 1080 392 Bodaadrfl.“cse
1109 261 1264 357 Renes,
1296 226 1421 359 Mur
1574 300 1600 365 2
1612 240 1672 390 5}

215 497 288 558 nus
314 462 511 571 institisse,
542 468 717 553 dicemus
754 461 854 550 insra
895 491 961 567 15.
995 466 1124 550 Martii
1154 466 1205 549 ad
1247 472 1327 575 ejus
1363 471 1492 555 vitam.
1604 472 1674 558 Ad

216 590 268 673 C.
300 613 368 669 rr.
397 584 441 669 L.
463 611 497 683 ς.
513 584 866 687 ιὼῖΒΝετοηίεα
886 581 983 665 vidit
1013 576 1181 692 aliquam
1201 579 1471 668 solennitatem
1497 587 1537 667 in
1564 584 1673 674 coelo
1774 580 1783 599 ⁸
1836 662 1842 674 .

213 708 280 786 vix
302 699 451 812 septem
470 701 651 783 horarum
677 695 797 809 spatio
821 693 1030 807 persedam
1055 691 1141 796 csse,
1166 697 1296 782 addit:
1341 704 1459 783 Horae
1481 698 1531 782 ad
1548 707 1675 816 Virgi·
1763 698 1769 715 '

215 823 277 902 uis
316 842 491 898 urentem
528 809 612 898 sunt
648 811 889 911 referendae,
932 811 1077 925 quibus
1117 816 1303 925 imagines
1349 819 1504 927 propria
1540 821 1676 931 imagi·

218 936 389 1017 natione
423 954 655 1040 praceptas,
698 923 764 1011 sed
793 924 856 1010 vel
884 925 932 1009 ab
961 920 1104 1039 angelo
1133 955 1236 1010 nunc
1263 954 1504 1028 commotas,
1535 928 1598 1015 vel
1628 959 1678 1018 ex

220 1048 477 1159 sympathia,
507 1044 636 1130 divina
666 1048 839 1157 patiente
867 1036 1064 1127 intellectu
1094 1047 1134 1126 dc
1154 1040 1375 1149 voluntate,
1403 1042 1508 1133 ultro
1534 1051 1679 1138 excitas

224 1164 453 1249 decucurrit.

336 1415 377 1470 ι.
406 1385 451 1467 ln
477 1365 567 1467 Viri
603 1353 660 1457 Β.
697 1352 986 1496 Margarita
1021 1351 1082 1456 de
1118 1349 1359 1463 Cortona
1393 1382 1445 1469 ad
1475 1383 1580 1470 diem
1611 1418 1679 1476 η.

230 1486 421 1589 Februarii
438 1499 489 1581 C.
516 1529 550 1603 5.
572 1520 743 1579 narratur
767 1493 866 1581 illius
891 1495 984 1578 visto
1005 1495 1056 1578 de
1075 1498 1259 1608 Longino
1282 1500 1340 1582 his
1358 1500 1509 1584 verbis:
1538 1505 1675 1604 Nunc,

232 1625 276 1703 rit
292 1624 336 1699 in
353 1610 486 1712 Euan,
507 1612 615 1696 videt
636 1615 761 1694 anima
783 1638 869 1693 mea
887 1613 1105 1722 Longinum
1127 1639 1281 1696 coecum
1300 1614 1352 1696 ad
1375 1616 1545 1699 Crucem
1571 1620 1678 1718 duci,

236 1727 471 1816 &lanceam
506 1732 603 1840 poni
635 1728 679 1808 in
710 1727 886 1809 manibus
907 1720 1006 1825 suis,
1033 1731 1071 1807 δι
1093 1721 1331 1812 illuminatur
1354 1730 1480 1813 modo
1504 1731 1677 1843 pretioso
1808 1784 1811 1791 ,

237 1844 410 1960 smguine
436 1844 516 1925 Dei
543 1843 633 1924 mei.
748 1840 875 1925 Addit
907 1846 945 1923 in
980 1845 1103 1924 Notis
1138 1837 1378 1926 Bollandus:
1432 1848 1488 1927 lta
1516 1849 1680 1959 quidam

241 1967 284 2074 pii
301 1964 482 2045 homines
506 1956 746 2059 arbitrantur.
783 1956 847 2037 De
868 1956 905 2039 S.
926 1958 1110 2067 Longino
1139 1981 1297 2059 agemus
1326 1986 1390 2060 15.
1413 1962 1553 2046 Martii.
1583 1968 1681 2050 'Hoc

247 2103 328 2181 uero
351 2076 417 2158 die
437 2077 478 2157 in
501 2075 581 2155 vita
598 2074 635 2153 S.
655 2071 821 2182 Longini
846 2067 881 2180 ᾗ.
901 2100 940 2153 a.
960 2075 1032 2154 ait:
1087 2070 1214 2182 Quod
1240 2071 1292 2154 de
1313 2069 1437 2158 oculis
1460 2082 1600 2162 mentis
1621 2079 1680 2163 di·
1715 2090 1721 2097 ’

251 2195 350 2291 dum,
374 2188 428 2273 ad
445 2212 661 2297 corporeos
687 2182 889 2270 oculos&
914 2179 1126 2271 sensibilem
1150 2184 1268 2269 divini
1286 2187 1475 2303 sanguinis
1501 2190 1681 2309 aspersio·

254 2331 325 2388 nrm
352 2299 537 2416 paularim
564 2300 670 2384 rudia
700 2294 821 2411 vulgi·
841 2304 1060 2411 ignorantia
1087 2298 1257 2384 detorfit.
1376 2311 1512 2411 Quare
1535 2314 1679 2395 merito
1714 2364 1720 2371 -

176 2424 183 2521 ζ’
256 2416 452 2521 Cardinalis
492 2413 1004 2527 Batonius'redarguendor
1046 2411 1208 2513 censuit,
1244 2420 1313 2529 qui
1353 2446 1402 2502 ex
1430 2421 1467 2503 A
1498 2428 1683 2536 occyphis

176 2526 184 2647 l
260 2534 469 2643 quibusdam
497 2531 638 2642 scriptis
658 2529 814 2613 tradunt
839 2557 992 2614 coecum
1018 2527 1126 2611 fuisse
1151 2526 1340 2627 militem,
1380 2450 1683 2648 quilanceala·

176 2662 187 2769 'p
261 2669 308 2729 rur
327 2650 487 2731 Domini
509 2650 672 2756 aperuit.
740 2641 821 2728 Alii
855 2645 969 2756 quod
990 2642 1111 2756 ipsum
1140 2647 1273 2731 auditu
1294 2643 1379 2734 satis
1402 2651 1455 2735 est
1479 2649 1683 2760 absonum,

176 2798 192 2865 ,-
262 2765 346 2848 uias
361 2765 545 2848 duntaxat
563 2753 667 2845 oculi
686 2763 855 2861 coecimr,
877 2755 998 2871 ipsum
1018 2756 1254 2846 deformant.
1326 2818 1329 2823 -

176 2942 186 3037 l
307 3002 386 3102 pn,
414 3004 507 3085 vna
540 2970 588 3078 S.
625 2972 890 3079 Franciseae
932 2971 1241 3091 Romanae‚-
1268 3025 1370 3112 quae-
1390 3000 1565 3088 abundat
1604 3010 1685 3101 Re.-

262 3110 508 3217 rtlationibus,
540 3114 591 3198 ad
621 3143 659 3208 9·
685 3119 813 3200 Martii
843 3112 879 3224 §.
902 3145 938 3198 a.
958 3115 1181 3226 approbant
1203 3120 1502 3202 continuatores
1528 3116 1686 3205 Bollan'·

265 3226 487 3333 dijudicium
510 3225 769 3341 Anquillaria,
789 3231 857 3312 sub
890 3237 995 3335 cuiue
1019 3239 1179 3313 nomine
1209 3257 1350 3342 magna
1373 3258 1501 3315 earum
1523 3230 1685 3320 Revela·

263 3346 387 3429 &uum
405 3345 620 3456 conscripta
638 3345 702 3426 es'c
758 3347 822 3428 Sic
848 3368 976 3426 autem
1002 3345 1146 3427 habete
1183 3340 1308 3428 Multa
1332 3371 1380 3428 ex
1402 3350 1460 3442 iis,
1487 3374 1573 3462 quae
1592 3356 1687 3436 San·

264 3456 531 3547 &adsensibus
556 3454 720 3541 alienata
744 3460 853 3558 vidit,
883 3459 1062 3543 habenda
1088 3454 1236 3542 tartum
1260 3456 1347 3543 sunt
1370 3486 1411 3544 ur
1431 3464 1689 3554 mediationea

262 3577 318 3681 pir
346 3580 383 3657 dc
410 3568 765 3684 contemplationes
792 3572 904 3686 ipsius
930 3577 1115 3684 propria,
1146 3588 1278 3687 eaque·
1299 3573 1570 3686 pottisrmum,
1597 3608 1687 3694 quae

203 3782 210 3795 ‚
264 3690 413 3797 mysteria
432 3695 518 3774 vitae
544 3715 591 3771 ac
615 3686 791 3796 paisronis
814 3691 1029 3775 Dominicae
1054 3682 1256 3799 specianta
1290 3690 1417 3802 idque
1436 3689 1556 3801 ipsum
1575 3692 1689 3780 facile

263 3801 344 3885 inter
363 3799 572 3917 legendum
593 3798 861 3914 cognoscetur.
919 3807 1016 3886 Non
1041 3826 1171 3887 tamen
1197 3809 1327 3918 negari
1345 3807 1494 3914 potest,
1521 3814 1616 3919 quin
1642 3814 1690 3894 iis

264 3916 416 4021 admixta
442 3916 514 4002 snt
543 3943 642 4000 vera
668 3913 807 4030 aliquae
844 3911 1133 4006 revelationcst
1186 3946 1260 4003 nos
1300 3926 1428 4002 autem
1468 3920 1690 4008 discriminis

264 4026 357 4139 inps
376 4034 565 4143 iudicium
579 4026 644 4117 uel
669 4036 740 4146 pio
756 4034 912 4120 Ledori
940 4028 1004 4144 vel
1029 4029 1217 4148 superiori
1247 4032 1394 4120 arbitro
1424 4029 1692 4148 relinqucmer

1631 4177 1673 4233 m
