3772 4988
249 312 353 415 412
625 272 1318 418 Reuelrr.chgreda.Parsil.

255 495 296 575 dc
322 486 437 574 rediit
458 489 547 573 cum
569 484 759 603 discipulis
779 495 816 576 io
841 484 1117 577 Coenaculum.
1178 491 1262 573 Fuit
1284 511 1381 602 ergo
1404 507 1508 570 tunc
1535 479 1699 575 fimuliu

259 603 418 688 duobus
439 597 550 703 locis,
576 632 667 689 nem
697 631 720 690 c
743 609 783 690 in
805 601 911 691 coelo
933 608 972 689 itt
991 604 1139 688 throno
1155 595 1209 687 sui
1229 597 1318 699 filii,
1344 604 1385 685 dt
1407 605 1453 683 in
1472 592 1700 686 Coeuaculo.

257 715 398 804 Tribus
419 714 558 801 diebus
576 634 710 803 munst
726 722 767 803 in
787 719 867 803 boc
888 719 1009 819 statu,
1031 722 1071 800 δι
1087 716 1223 802 babuit
1248 718 1363 801 ctiam
1393 715 1568 799 interra
1583 708 1701 825 perse·

257 838 365 919 dum
381 824 489 914 usum
516 824 666 917 suarum
684 835 835 929 virium,
859 835 899 914 dt
925 831 1111 929 sensuum.

373 989 497 1066 ¹5¹3·
526 965 690 1063 Omnes,
715 966 784 1075 qui
799 966 881 1050 haec
897 959 1074 1075 legerint,
1096 988 1260 1061 moneo,
1287 960 1402 1075 quod
1420 965 1532 1046 Deus
1554 984 1621 1044 nte
1636 982 1699 1072 pet

256 1073 403 1164 multos
428 1099 548 1159 annos
566 1079 809 1190 instigaverit,
830 1082 869 1162 δι
893 1072 1053 1185 jusserit,
1076 1099 1120 1164 ut
1143 1071 1347 1162 scriberem
1367 1080 1471 1160 banc
1499 1075 1697 1158 historiam.

258 1193 439 1304 Mysleria
460 1206 690 1276 autemnon
711 1186 819 1275 fimul
841 1216 890 1275 ac
915 1184 1031 1275 semel
1057 1194 1255 1304 cognovi,
1279 1184 1346 1272 sed
1369 1181 1589 1285 successive,
1611 1212 1696 1300 pra·

171 1308 176 1317 ’
258 1303 385 1392 sertim
404 1309 443 1387 in
461 1300 562 1388 festis
574 1307 742 1389 Domini
764 1310 803 1388 dr
826 1312 869 1388 B.
889 1308 1069 1417 Virginis.
1126 1309 1217 1388 Hoc
1234 1305 1473 1416 mysterium,
1493 1302 1610 1415 quod
1627 1294 1696 1412 ipsu

258 1446 348 1504 cum
367 1414 449 1501 filio
468 1413 575 1503 simul
594 1412 806 1504 ascenderit
822 1423 864 1503 in
887 1414 1059 1515 coelum,
1091 1422 1130 1502 dc
1150 1411 1259 1501 fimul
1279 1411 1502 1502 remanserit
1528 1421 1572 1502 in
1591 1440 1694 1511 tetra,

256 1528 464 1648 aliquoties
487 1557 703 1617 recurrente
719 1532 831 1617 Festo
856 1525 1097 1617 Ascenfionis
1118 1530 1215 1617 vidi.

376 1671 498 1755 1514
525 1647 702 1753 Quando
726 1644 849 1759 prim‘a
867 1649 953 1730 vice
970 1645 1049 1728 boc
1067 1647 1286 1757 mysterium
1305 1648 1494 1758 cognovi,
1516 1669 1694 1756 magnum

257 1789 324 1847 me
339 1754 565 1845 molestabat
584 1761 771 1849 dubiumr
800 1786 903 1845 nunc
926 1783 1079 1854 autem,
1106 1757 1199 1844 dum
1221 1760 1302 1843 hac
1314 1753 1458 1857 scribo,
1485 1784 1608 1842 omne
1629 1756 1693 1840 du·

64 1939 80 1951 .
247 1874 366 1959 bium
390 1878 556 1968 evanuit,
584 1901 671 1959 curn
692 1876 797 1958 idem
818 1876 1023 1986 contigerit
1049 1878 1089 1957 B.
1109 1876 1256 1987 Virgini
1280 1875 1320 1954 in
1341 1869 1527 1969 infantia,
1547 1875 1588 1955 dt
1605 1875 1694 1954 intra

256 2015 403 2184 noqem
422 1988 505 2071 dies
530 2008 619 2070 ante
639 1989 945 2072 incarnationem
976 1984 1121 2086 Verbi,
1146 1988 1214 2072 ubi
1245 1991 1359 2072 ctiam
1379 1982 1454 2072 suit
1476 2009 1633 2099 portata
1658 1986 1693 2066 iu

255 2128 320 2190 cue
336 2127 412 2186 um.

379 2237 502 2315 1515·
542 2207 768 2299 Universalis
794 2209 926 2327 regula
951 2215 1026 2311 est,
1051 2215 1166 2329 quod
1188 2217 1297 2301 Deus
1318 2222 1362 2299 B.
1381 2216 1432 2302 Vi
1481 2218 1538 2298 ini
1560 2208 1693 2297 nullan

79 2440 82 2445 .
258 2326 506 2440 denegaverit
530 2333 688 2440 gratiam
715 2331 972 2442 pertinentem
1004 2329 1057 2413 ad
1085 2337 1164 2438 ejus
1190 2323 1354 2443 gloriam
1383 2334 1424 2414 δι
1487 2333 1692 2423 unitatem,

69 2448 83 2473 '⁴
255 2467 377 2576 quam
404 2426 577 2639 agilolille
602 2445 732 2557 potuit
753 2439 929 2529 conserte
954 2443 1054 2528 insta
1074 2440 1237 2558 gloriam
1256 2446 1294 2528 dt
1311 2442 1551 2530 bromton
1567 2445 1693 2528 huma·

53 2785 60 2792 ·
252 2580 420 2865 ills
434 2584 1422 2871 'salbari
1435 2666 1692 2870 susus

253 2913 314 2980 tes
329 2837 449 2978 solelt
473 2891 673 2983 successive
695 2836 952 2984 manisestate:
965 2813 1062 2984 q8ic
1083 2901 1123 2983 δι
1144 2838 1273 3012 angeli
1294 2813 1434 2984 llrultas
1458 2898 1691 2984 circumstan-

224 3011 324 3092 'tias
353 3009 627 3096 lncamationis
656 3010 820 3125 primurn
855 3037 906 3097 co
936 3035 1129 3099 noverunt
1159 3014 1246 3124 post
1277 3016 1490 3128 quinquies
1520 3008 1688 3097 mille&

253 3120 445 3206 ducentos
463 3149 599 3209 annos.
658 3130 748 3209 Hoc
765 3036 947 3239 exemplo
961 3123 1182 3239 respondeo
1199 3126 1252 3210 ad
1271 3127 1447 3231 dubium,
1468 3122 1591 3240 quod
1613 3150 1689 3209 mo·

253 3238 335 3320 veri
354 3239 481 3347 potest
503 3240 600 3321 circa
617 3235 911 3352 descriptionem
931 3242 1071 3324 horum
1090 3266 1285 3326 novorum
1311 3241 1594 3352 mysteriorum.

255 3452 302 3543 lis
324 3376 390 3543 Oba
404 3377 419 3477 p
434 3376 446 3430 t
459 3347 773 3547 aadApccngcnte
792 3355 1053 3550 Cltbrislo'gum
1069 3348 1133 3437 sua
1153 3357 1335 3553 matredin
1354 3349 1501 3441 coelum
1523 3347 1689 3440 Pateril·

384 3489 483 3544 utam
537 3489 647 3558 ecen
679 3488 708 3548 tt
732 3494 771 3549 tn
790 3493 842 3549 nu
873 3491 954 3565 e,a
1006 3494 1076 3552 eos
1100 3494 1183 3552 excr
1212 3495 1276 3552 ten
1307 3496 1365 3554 os.

320 3656 324 3663 ,
375 3600 494 3674 15¹9·
530 3574 673 3689 Angeli
698 3578 938 3665 renovabant
953 3572 1018 3663 illa
1039 3498 1374 3694 verbatpAperite
1392 3606 1531 3696 portas
1554 3583 1688 3670 Princi-¹

251 3711 323 3798 pes
339 3689 489 3787 vestras,
518 3693 557 3770 dc
577 3697 777 3776 elevamini
796 3717 916 3802 porta
935 3691 1139 3779 eternales.
1159 3701 1234 3777 dcc.
1400 3736 1406 3742 ·

214 3810 219 3825 '
373 3828 492 3905 1520.
521 3809 634 3887 Pater
653 3806 693 3888 in
708 3808 855 3892 throno
877 3810 1042 3895 Deitatis
1058 3809 1110 3895 ad
1135 3804 1240 3896 suam
1265 3807 1465 3898 dexteram
1487 3807 1686 3898 collocavit

245 3909 488 4013 Incatnatum
509 3914 695 4017 Verbum.
833 3943 842 3953 ⁸
1389 3920 1397 3930 “

1574 4160 1686 4246 1521.
1738 4122 1744 4143 ’
