3796 4994
387 242 391 251 .
531 316 874 454 ¹(Mservrtr'ones
889 320 953 425 ad
961 325 1117 453 Reum(y
1134 320 1190 420 de
1206 323 1396 459 Agmpae⁶
1560 360 1571 397 ¹.
1579 346 1605 462 ς
1617 363 1641 460 3
1652 362 1686 464 ς’
1859 342 1864 351 .

232 537 406 632 tationis,
424 531 492 619 nifi
517 536 559 617 iis
579 530 847 641 temporibus,
866 529 1009 642 quibus
1027 534 1069 615 in
1086 533 1271 615 comitatu
1289 533 1330 617 S.
1351 535 1514 637 Joann'is
1534 562 1676 652 open.
1809 594 1813 601 .

232 655 346 738 batur
371 647 642 734 conversiones
668 653 707 728 δι
732 641 923 729 miracula.
951 650 993 729 P.
1013 675 1050 728 3.
1072 650 1127 730 N.
1151 663 1272 738 1108.
1580 654 1587 668 ’

349 785 412 859 18.
440 772 480 847 Β.
503 770 624 872 Virgo
646 762 734 871 post
754 785 922 842 mortem
944 760 1086 844 Christi
1107 755 1266 872 suscepit
1284 763 1322 845 in
1344 755 1383 870 se
1403 788 1534 851 curam
1554 769 1594 853 or
1613 796 1673 855 re·

227 884 356 997 §men
377 875 558 964 Ecclefiae.
589 882 632 959 P.
652 906 688 958 3.
717 902 850 981 33333.
1448 963 1455 977 .

347 1022 411 1090 19·
442 993 614 1076 Cluilius
631 993 809 1100 pracepit
827 978 1030 1099 discipulis,
1045 1011 1087 1072 ut
1099 988 1349 1102 imposterum
1364 990 1575 1079 obedirent
1593 1024 1673 1082 ma·

227 1115 277 1197 rti
293 1113 331 1194 io
352 1107 535 1192 omnibus
557 1099 653 1188 loco
671 1101 746 1193 sois
776 1127 817 1185 ut
835 1131 920 1185 eam
938 1100 1192 1214 agnoscerent
1205 1134 1282 1214 pro
1294 1102 1364 1191 suo
1385 1111 1523 1217 capite,
1542 1115 1582 1194 dr
1599 1116 1673 1197 Su·

224 1218 434 1338 permulsa,
454 1227 492 1302 δι
513 1243 556 1303 ut
580 1217 631 1300 ad
648 1245 732 1299 eam
754 1215 950 1299 deferrent
968 1223 1096 1300 omnia
1117 1217 1248 1319 dubia,
1276 1247 1320 1305 ac
1338 1218 1604 1326 difficultatem
1631 1232 1671 1312 dr

226 1365 270 1431 ut
292 1364 378 1423 eam
395 1336 564 1419 habeant
579 1357 655 1442 pro
671 1331 854 1440 supremo
871 1333 997 1441 capite
1020 1326 1208 1417 Ecclesiae.
1235 1340 1278 1419 Ρ.
1294 1365 1329 1420 3.
1351 1340 1406 1420 Ν.
1432 1365 1557 1439 ¹505·
1584 1344 1670 1431 Cur

225 1447 316 1539 talia
333 1443 581 1560 Evangelrstae
595 1474 679 1530 non
703 1442 923 1556 scripserint,
938 1448 977 1528 in
992 1439 1100 1529 caula
1119 1448 1195 1544 est,
1212 1453 1305 1560 quia
1320 1443 1394 1535 illis
1413 1457 1671 1565 praecepium

226 1565 300 1655 alia
321 1569 375 1652 de
388 1564 425 1652 se
443 1562 661 1661 scriberent,
674 1559 743 1646 nisi
763 1587 849 1674 quar
871 1584 982 1645 erant
994 1555 1198 1649 necessaria
1215 1563 1269 1646 ad
1283 1561 1524 1653 fundandam
1537 1566 1672 1657 Eccle·
1780 1562 1783 1567 ’
1883 1510 1887 1515 ¹

225 1682 331 1770 bam.
359 1686 404 1767 P.
423 1711 456 1763 3.
484 1682 540 1762 N.
568 1694 689 1779 1508·

229 1838 237 1849 ·
346 1825 411 1878 ao.
439 1802 482 1877 Β.
506 1796 626 1901 Virgo
646 1790 732 1902 post
752 1787 918 1872 reditum
936 1785 1044 1873 suum
1070 1788 1094 1873 ὲ
1117 1782 1226 1874 coelo
1246 1784 1453 1900 explicavit
1469 1791 1670 1905 Apostolis

224 1911 459 2107 mysteriuulpJ
463 1909 670 2002 Trinitatis,
694 1909 732 1986 Β(
749 1907 916 1995 Uniom's
932 1906 1209 2025 Hypostaucae,
1228 1910 1269 2023 dt
1290 1900 1365 1991 alia
1382 1904 1478 1993 fidei
1490 1911 1668 2027 Dogma.

225 2051 276 2110 ta.
303 2029 345 2108 Ρ.
389 2081 402 2103 .
463 2085 474 2104 .
523 2038 564 2111 8·
1519 2086 1522 2093 .
1616 2098 1620 2105 .

229 2180 237 2191 ·
343 2053 411 2222 el.
439 2054 516 2221 De4
516 2127 718 2227 miraculis,
731 2158 817 2246 qua
833 2138 878 2218 B.
894 2137 1021 2247 Virgo
1035 2157 1194 2247 operata
1210 2134 1317 2221 estin
1332 2137 1668 2251 primitiraEccle·

223 2254 289 2356 lia,
310 2279 384 2337 nec
397 2253 553 2335 minima
566 2274 652 2360 pars
671 2245 832 2333 describi
845 2252 984 2359 potest.
1014 2254 1059 2335 P.
1083 2281 1119 2352 3.
1132 2255 1188 2337 Ν.
1209 2271 1303 2350 87..
1659 2270 1662 2274 ’

231 2412 235 2419 -
341 2398 408 2452 33.
429 2368 592 2450 Donum
604 2356 873 2446 miraculorum
883 2358 1069 2448 collatum
1079 2364 1565 2475 fuitttemporendventus
1577 2358 1665 2484 Spi·
1734 2426 1740 2439 ·

221 2481 314 2571 ritds
327 2484 473 2579 Sanni)
494 2483 608 2563 etiam
630 2473 824 2564 foerniniss
849 2503 937 2561 nam
953 2483 993 2561 &
1010 2474 1098 2585 ipsa
1113 2504 1206 2563 tunc
1224 2479 1470 2589 impositione
1483 2478 1666 2572 manuum

222 2592 470 2686 contulerunt
489 2595 596 2705 agris
615 2584 828 2687 sanitatem,
840 2597 961 2676 coecis
982 2589 1118 2692 udum,
1134 2597 1250 2680 mutis
1267 2587 1467 2711 loqudtm
1478 2660 1497 2703 ,
1520 2593 1665 2688 claudis

222 2708 404 2829 gressum,
426 2710 588 2792 mortuis
608 2708 742 2789 vitam.
767 2709 812 2789 Ρ.
826 2733 863 2806 3.
882 2710 940 2790 Ν.
958 2728 980 2802 8
988 2738 1028 2808 3.

340 2853 405 2927 33.
446 2831 488 2907 Β.
512 2826 635 2933 Virgo
663 2818 932 2904 determinavit
960 2846 1101 2905 omnes
1125 2819 1404 2907 controversas
1426 2825 1467 2907 in
1482 2823 1662 2935 Bedese,

195 3026 200 3035 ,
220 2970 262 3028 u.
273 2969 309 3054 g.
330 2968 378 3024 an
398 2937 653 3049 inposterum
676 2932 721 3017 fit
741 2932 946 3044 baptismus
968 2938 1127 3036 Joannis
1148 2937 1478 3039 administrandus,
1495 2969 1543 3026 an
1564 2943 1663 3030 verb

220 3056 394 3252 Chriffi?
423 3058 467 3135 P.
486 3083 521 3153 3.
541 3053 595 3134 Ν.
619 3077 716 3132 ror.
769 3050 999 3162 Qtomodo
1015 3050 1088 3138 fint
1117 3050 1414 3137 administranda
1436 3053 1543 3143 bona
1563 3083 1659 3145 tem·

248 3197 316 3254 ora
345 3173 397 3252 a?
423 3171 481 3252 Ν.
501 3192 597 3264 roa.

217 3199 247 3288 p
337 3312 405 3382 34.
438 3281 609 3365 Sanabat
634 3305 775 3363 omnes
796 3278 963 3363 morbos
987 3285 1164 3366 omnium
1187 3273 1361 3365 fidelium
1387 3283 1430 3365 in
1452 3278 1660 3385 Palaestina,

217 3399 381 3514 quando
407 3398 593 3506 cognovit
611 3395 692 3476 hoc
716 3385 789 3495 illis
811 3390 885 3477 else
907 3388 1011 3478 utile.
1042 3399 1086 3478 P.
1108 3424 1144 3494 3.
1167 3399 1225 3479 Ν.
1248 3420 1341 3492 159.

336 3537 403 3611 25.
432 3509 596 3591 Ordmar
614 3503 827 3616 Apostolu,
850 3534 891 3592 ur
913 3501 1155 3591 conscribant
1173 3503 1406 3620 Symbolum
1424 3508 1535 3608 fidei,
1556 3519 1660 3625 cujus
1744 3578 1749 3586 .

217 3626 341 3709 docet
359 3624 523 3706 modum
545 3626 584 3703 &
611 3616 832 3705 formulam.
857 3627 898 3707 P.
916 3652 951 3725 3.
971 3626 1027 3707 N.
1049 3650 1144 3710 211..
1163 3650 1258 3706 ara.
1282 3627 1356 3709 dte.
1384 3626 1433 3708 Et
1453 3633 1533 3731 ejus
1547 3629 1659 3737 Sym.

214 3736 302 3825 boli
321 3735 502 3850 plurimas
523 3738 673 3845 Copias
697 3733 901 3847 descriptas
927 3736 977 3818 ab
1003 3735 1149 3930 rupelo
1178 3735 1276 3822 mifit
1298 3736 1352 3821 ad
1375 3764 1514 3825 omnes
1537 3740 1663 3827 ubivis

213 3860 255 3941 in
273 3879 362 3937 toto
378 3855 478 3937 orbe
492 3845 639 3949 fideles,
653 3847 827 3961 joibrque
843 3876 1058 3961 easpromu
1074 3853 1166 3962 gari.
1180 3854 1223 3933 P.
1240 3880 1272 3953 3.
1283 3853 1337 3935 Ν.
1353 3881 1446 3936 333.
1460 3883 1554 3956 333.
1582 3860 1658 3941 Per

213 3970 283 4052 bas
309 3971 460 4077 Copias
492 3970 607 4049 etiam
629 3961 728 4046 facia
752 3966 836 4047 lunt
858 3968 1022 4047 maxima
1051 3959 1234 4048 miracula
1257 3966 1504 4076 imfsositione
1525 3996 1658 4056 manu·

210 4079 355 4199 scripta
382 4084 521 4191 Copia
540 4077 650 4189 supra
676 4073 857 4177 obsessos,
882 4106 1019 4191 agros,
1035 4104 1224 4164 mortuos.
1250 4083 1290 4163 P.
1311 4107 1348 4179 3.
1365 4085 1486 4168 Num.
1505 4111 1600 4187 ²24·

218 4266 222 4273 .
325 4213 397 4284 36.
412 4198 549 4285 Cuivis
566 4189 850 4308 Apostolorum
875 4219 963 4280 ante
981 4193 1227 4283 Divisionem
1241 4194 1404 4284 donavit
1416 4220 1549 4314 togam
1563 4226 1675 4285 cons-

1511 4336 1659 4402 textam
