<?xml version="1.0" encoding="UTF-8"?>
<!DOCTYPE html PUBLIC "-//W3C//DTD XHTML 1.0 Transitional//EN"
    "http://www.w3.org/TR/xhtml1/DTD/xhtml1-transitional.dtd">
<html xmlns="http://www.w3.org/1999/xhtml" xml:lang="en" lang="en">
 <head>
  <title>
</title>
<meta http-equiv="Content-Type" content="text/html;charset=utf-8" />
  <meta name='ocr-system' content='tesseract 3.04.00' />
  <meta name='ocr-capabilities' content='ocr_page ocr_carea ocr_par ocr_line ocrx_word'/>
</head>
<body>
  <div class='ocr_page' id='page_1' title='image "./derevelationibu00amorgoog_0359.png"; bbox 0 0 3796 4994; ppageno 0'>
   <div class='ocr_carea' id='block_1_1' title="bbox 646 219 1697 373">
    <p class='ocr_par' dir='ltr' id='par_1_1' title="bbox 646 219 1697 373">
     <span class='ocr_line' id='line_1_1' title="bbox 646 219 1697 373; baseline 0.011 -31"><span class='ocrx_word' id='word_1_1' title='bbox 646 226 952 343; x_wconf 78' lang='lat' dir='ltr'>Revelationes</span> <span class='ocrx_word' id='word_1_2' title='bbox 989 245 1033 341; x_wconf 86' lang='lat' dir='ltr'>S.</span> <span class='ocrx_word' id='word_1_3' title='bbox 1076 219 1308 340; x_wconf 73' lang='lat' dir='ltr'>Gerlrnrlie&#39;</span> <span class='ocrx_word' id='word_1_4' title='bbox 1638 224 1697 373; x_wconf 66' lang='lat' dir='ltr'>lt</span> 
     </span>
    </p>
   </div>
   <div class='ocr_carea' id='block_1_2' title="bbox 212 443 1818 3213">
    <p class='ocr_par' dir='ltr' id='par_1_2' title="bbox 212 443 1818 3213">
     <span class='ocr_line' id='line_1_2' title="bbox 242 443 1702 544; baseline -0.001 -6"><span class='ocrx_word' id='word_1_5' title='bbox 242 449 565 544; x_wconf 81' lang='lat' dir='ltr'>concubitoribus</span> <span class='ocrx_word' id='word_1_6' title='bbox 587 451 803 534; x_wconf 85' lang='lat' dir='ltr'>Corinthiis</span> <span class='ocrx_word' id='word_1_7' title='bbox 831 445 1050 533; x_wconf 83' lang='lat' dir='ltr'>inculcandi</span> <span class='ocrx_word' id='word_1_8' title='bbox 1086 443 1347 533; x_wconf 81' lang='lat' dir='ltr'>severiffimnn</span> <span class='ocrx_word' id='word_1_9' title='bbox 1383 448 1590 534; x_wconf 74' lang='lat' dir='ltr'>vindidatn</span> <span class='ocrx_word' id='word_1_10' title='bbox 1614 457 1702 537; x_wconf 77' lang='lat' dir='ltr'>Nu-</span> 
     </span>
     <span class='ocr_line' id='line_1_3' title="bbox 212 561 1818 673; baseline -0.001 -19"><span class='ocrx_word' id='word_1_11' title='bbox 212 573 355 654; x_wconf 70' lang='lat' dir='ltr'>l‘urinis</span> <span class='ocrx_word' id='word_1_12' title='bbox 384 573 422 651; x_wconf 93' lang='lat' dir='ltr'>io</span> <span class='ocrx_word' id='word_1_13' title='bbox 447 567 669 673; x_wconf 84' lang='lat' dir='ltr'>hujusmodi</span> <span class='ocrx_word' id='word_1_14' title='bbox 694 561 846 661; x_wconf 84' lang='lat' dir='ltr'>seelera,</span> <span class='ocrx_word' id='word_1_15' title='bbox 871 589 1068 648; x_wconf 83' lang='lat' dir='ltr'>extantem</span> <span class='ocrx_word' id='word_1_16' title='bbox 1099 565 1228 647; x_wconf 88' lang='lat' dir='ltr'>adbuc</span> <span class='ocrx_word' id='word_1_17' title='bbox 1258 573 1296 650; x_wconf 88' lang='lat' dir='ltr'>iu</span> <span class='ocrx_word' id='word_1_18' title='bbox 1325 568 1525 651; x_wconf 87' lang='lat' dir='ltr'>hominum</span> <span class='ocrx_word' id='word_1_19' title='bbox 1554 596 1706 653; x_wconf 85' lang='lat' dir='ltr'>mento·</span> <span class='ocrx_word' id='word_1_20' title='bbox 1815 605 1818 611; x_wconf 59' lang='lat'><strong><em>¹</em></strong></span> 
     </span>
     <span class='ocr_line' id='line_1_4' title="bbox 245 676 1707 792; baseline 0.002 -24"><span class='ocrx_word' id='word_1_21' title='bbox 245 690 312 781; x_wconf 83' lang='lat' dir='ltr'>ria,</span> <span class='ocrx_word' id='word_1_22' title='bbox 338 681 362 766; x_wconf 88' lang='lat' dir='ltr'>sr</span> <span class='ocrx_word' id='word_1_23' title='bbox 387 709 565 791; x_wconf 86' lang='lat' dir='ltr'>tempore</span> <span class='ocrx_word' id='word_1_24' title='bbox 581 686 799 765; x_wconf 68' lang='lat' dir='ltr'>Natiuitatis</span> <span class='ocrx_word' id='word_1_25' title='bbox 815 683 1034 762; x_wconf 81' lang='lat' dir='ltr'>Dominieae</span> <span class='ocrx_word' id='word_1_26' title='bbox 1050 676 1279 792; x_wconf 80' lang='lat' dir='ltr'>generaliter</span> <span class='ocrx_word' id='word_1_27' title='bbox 1301 687 1340 764; x_wconf 91' lang='lat' dir='ltr'>in</span> <span class='ocrx_word' id='word_1_28' title='bbox 1363 682 1462 765; x_wconf 87' lang='lat' dir='ltr'>orbe</span> <span class='ocrx_word' id='word_1_29' title='bbox 1482 680 1707 771; x_wconf 69' lang='lat' dir='ltr'>interiissent</span> 
     </span>
     <span class='ocr_line' id='line_1_5' title="bbox 243 790 1706 913; baseline -0.001 -29"><span class='ocrx_word' id='word_1_30' title='bbox 243 806 282 885; x_wconf 92' lang='lat' dir='ltr'>in</span> <span class='ocrx_word' id='word_1_31' title='bbox 315 825 390 881; x_wconf 85' lang='lat' dir='ltr'>utra</span> <span class='ocrx_word' id='word_1_32' title='bbox 418 805 536 880; x_wconf 68' lang='lat' dir='ltr'>nocte</span> <span class='ocrx_word' id='word_1_33' title='bbox 566 791 673 880; x_wconf 83' lang='lat' dir='ltr'>simul</span> <span class='ocrx_word' id='word_1_34' title='bbox 703 793 797 879; x_wconf 86' lang='lat' dir='ltr'>tales</span> <span class='ocrx_word' id='word_1_35' title='bbox 828 797 1009 904; x_wconf 82' lang='lat' dir='ltr'>improbi,</span> <span class='ocrx_word' id='word_1_36' title='bbox 1042 824 1082 876; x_wconf 93' lang='lat' dir='ltr'>ut</span> <span class='ocrx_word' id='word_1_37' title='bbox 1113 790 1207 878; x_wconf 89' lang='lat' dir='ltr'>olim</span> <span class='ocrx_word' id='word_1_38' title='bbox 1237 804 1275 878; x_wconf 91' lang='lat' dir='ltr'>in</span> <span class='ocrx_word' id='word_1_39' title='bbox 1305 801 1484 908; x_wconf 72' lang='lat' dir='ltr'>AEgypro</span> <span class='ocrx_word' id='word_1_40' title='bbox 1508 804 1706 913; x_wconf 78' lang='lat' dir='ltr'>primoge-</span> 
     </span>
     <span class='ocr_line' id='line_1_6' title="bbox 246 907 1714 1023; baseline 0.001 -24"><span class='ocrx_word' id='word_1_41' title='bbox 246 919 347 999; x_wconf 82' lang='lat' dir='ltr'>niti?</span> <span class='ocrx_word' id='word_1_42' title='bbox 372 942 457 996; x_wconf 92' lang='lat' dir='ltr'>non</span> <span class='ocrx_word' id='word_1_43' title='bbox 485 908 666 1023; x_wconf 82' lang='lat' dir='ltr'>potuillet</span> <span class='ocrx_word' id='word_1_44' title='bbox 697 940 781 994; x_wconf 93' lang='lat' dir='ltr'>non</span> <span class='ocrx_word' id='word_1_45' title='bbox 820 912 965 994; x_wconf 87' lang='lat' dir='ltr'>habere</span> <span class='ocrx_word' id='word_1_46' title='bbox 991 907 1338 1020; x_wconf 33' lang='lat' dir='ltr'>praesentemmdum</span> <span class='ocrx_word' id='word_1_47' title='bbox 1369 911 1587 1016; x_wconf 77' lang='lat' dir='ltr'>scribebat,</span> <span class='ocrx_word' id='word_1_48' title='bbox 1624 942 1714 1001; x_wconf 87' lang='lat' dir='ltr'>tam-</span> 
     </span>
     <span class='ocr_line' id='line_1_7' title="bbox 247 1022 1803 1137; baseline 0.001 -23"><span class='ocrx_word' id='word_1_49' title='bbox 247 1024 408 1114; x_wconf 88' lang='lat' dir='ltr'>eelebris</span> <span class='ocrx_word' id='word_1_50' title='bbox 444 1033 499 1111; x_wconf 85' lang='lat' dir='ltr'>tei</span> <span class='ocrx_word' id='word_1_51' title='bbox 524 1031 773 1114; x_wconf 76' lang='lat' dir='ltr'>memoriamr</span> <span class='ocrx_word' id='word_1_52' title='bbox 810 1052 882 1108; x_wconf 91' lang='lat' dir='ltr'>nec</span> <span class='ocrx_word' id='word_1_53' title='bbox 912 1030 1042 1137; x_wconf 88' lang='lat' dir='ltr'>potuit</span> <span class='ocrx_word' id='word_1_54' title='bbox 1065 1026 1210 1110; x_wconf 90' lang='lat' dir='ltr'>babere</span> <span class='ocrx_word' id='word_1_55' title='bbox 1241 1022 1361 1111; x_wconf 91' lang='lat' dir='ltr'>ullum</span> <span class='ocrx_word' id='word_1_56' title='bbox 1392 1034 1585 1113; x_wconf 89' lang='lat' dir='ltr'>motivum</span> <span class='ocrx_word' id='word_1_57' title='bbox 1616 1034 1707 1115; x_wconf 90' lang='lat' dir='ltr'>reti·</span> <span class='ocrx_word' id='word_1_58' title='bbox 1779 1079 1803 1135; x_wconf 87' lang='lat'>.·</span> 
     </span>
     <span class='ocr_line' id='line_1_8' title="bbox 248 1139 1705 1256; baseline 0.001 -29"><span class='ocrx_word' id='word_1_59' title='bbox 248 1145 363 1231; x_wconf 90' lang='lat' dir='ltr'>cendi</span> <span class='ocrx_word' id='word_1_60' title='bbox 398 1166 665 1256; x_wconf 82' lang='lat' dir='ltr'>argumentum</span> <span class='ocrx_word' id='word_1_61' title='bbox 698 1167 776 1225; x_wconf 86' lang='lat' dir='ltr'>tarn</span> <span class='ocrx_word' id='word_1_62' title='bbox 811 1139 958 1236; x_wconf 82' lang='lat' dir='ltr'>efficax,</span> <span class='ocrx_word' id='word_1_63' title='bbox 985 1146 1023 1222; x_wconf 89' lang='lat'>&amp;</span> <span class='ocrx_word' id='word_1_64' title='bbox 1057 1146 1250 1225; x_wconf 85' lang='lat' dir='ltr'>motivum</span> <span class='ocrx_word' id='word_1_65' title='bbox 1278 1166 1357 1225; x_wconf 86' lang='lat' dir='ltr'>tarn</span> <span class='ocrx_word' id='word_1_66' title='bbox 1380 1147 1705 1236; x_wconf 73' lang='lat' dir='ltr'>accommodum}</span> 
     </span>
     <span class='ocr_line' id='line_1_9' title="bbox 249 1253 1706 1371; baseline 0.001 -28"><span class='ocrx_word' id='word_1_67' title='bbox 249 1269 348 1343; x_wconf 86' lang='lat' dir='ltr'>Cum</span> <span class='ocrx_word' id='word_1_68' title='bbox 375 1287 475 1371; x_wconf 83' lang='lat' dir='ltr'>ergo</span> <span class='ocrx_word' id='word_1_69' title='bbox 497 1285 571 1341; x_wconf 89' lang='lat' dir='ltr'>nec</span> <span class='ocrx_word' id='word_1_70' title='bbox 597 1253 687 1365; x_wconf 84' lang='lat' dir='ltr'>iple,</span> <span class='ocrx_word' id='word_1_71' title='bbox 718 1284 789 1340; x_wconf 92' lang='lat' dir='ltr'>nec</span> <span class='ocrx_word' id='word_1_72' title='bbox 810 1254 908 1338; x_wconf 91' lang='lat' dir='ltr'>ullus</span> <span class='ocrx_word' id='word_1_73' title='bbox 934 1260 999 1340; x_wconf 84' lang='lat' dir='ltr'>SS.</span> <span class='ocrx_word' id='word_1_74' title='bbox 1027 1260 1182 1339; x_wconf 87' lang='lat' dir='ltr'>Parrum</span> <span class='ocrx_word' id='word_1_75' title='bbox 1216 1262 1436 1343; x_wconf 89' lang='lat' dir='ltr'>meminerit</span> <span class='ocrx_word' id='word_1_76' title='bbox 1468 1257 1578 1356; x_wconf 79' lang='lat' dir='ltr'>faeti,</span> <span class='ocrx_word' id='word_1_77' title='bbox 1602 1260 1706 1346; x_wconf 88' lang='lat' dir='ltr'>haud</span> 
     </span>
     <span class='ocr_line' id='line_1_10' title="bbox 249 1367 1709 1482; baseline 0.001 -23"><span class='ocrx_word' id='word_1_78' title='bbox 249 1376 370 1459; x_wconf 74' lang='lat' dir='ltr'>dubie</span> <span class='ocrx_word' id='word_1_79' title='bbox 390 1403 473 1458; x_wconf 92' lang='lat' dir='ltr'>non</span> <span class='ocrx_word' id='word_1_80' title='bbox 500 1376 554 1455; x_wconf 91' lang='lat' dir='ltr'>est</span> <span class='ocrx_word' id='word_1_81' title='bbox 577 1367 967 1473; x_wconf 82' lang='lat' dir='ltr'>credibile,·extitiffe.</span> <span class='ocrx_word' id='word_1_82' title='bbox 1068 1376 1213 1454; x_wconf 87' lang='lat' dir='ltr'>Verum</span> <span class='ocrx_word' id='word_1_83' title='bbox 1233 1368 1404 1482; x_wconf 85' lang='lat' dir='ltr'>pluribus</span> <span class='ocrx_word' id='word_1_84' title='bbox 1423 1373 1552 1458; x_wconf 87' lang='lat' dir='ltr'>adbuc</span> <span class='ocrx_word' id='word_1_85' title='bbox 1578 1381 1709 1460; x_wconf 89' lang='lat' dir='ltr'>osten-</span> 
     </span>
     <span class='ocr_line' id='line_1_11' title="bbox 247 1482 1713 1601; baseline 0.002 -28"><span class='ocrx_word' id='word_1_86' title='bbox 247 1492 443 1574; x_wconf 63' lang='lat' dir='ltr'>dendum,</span> <span class='ocrx_word' id='word_1_87' title='bbox 465 1493 613 1573; x_wconf 89' lang='lat' dir='ltr'>Vitium</span> <span class='ocrx_word' id='word_1_88' title='bbox 637 1489 837 1571; x_wconf 81' lang='lat' dir='ltr'>Sodomiae</span> <span class='ocrx_word' id='word_1_89' title='bbox 857 1488 960 1598; x_wconf 87' lang='lat' dir='ltr'>apud</span> <span class='ocrx_word' id='word_1_90' title='bbox 975 1482 1153 1570; x_wconf 84' lang='lat' dir='ltr'>Gentiles</span> <span class='ocrx_word' id='word_1_91' title='bbox 1173 1483 1281 1571; x_wconf 84' lang='lat' dir='ltr'>fuilse</span> <span class='ocrx_word' id='word_1_92' title='bbox 1291 1485 1488 1601; x_wconf 75' lang='lat' dir='ltr'>generale.</span> <span class='ocrx_word' id='word_1_93' title='bbox 1547 1495 1713 1592; x_wconf 85' lang='lat' dir='ltr'>Seneca,·</span> 
     </span>
     <span class='ocr_line' id='line_1_12' title="bbox 253 1601 1711 1718; baseline 0.004 -31"><span class='ocrx_word' id='word_1_94' title='bbox 253 1605 488 1718; x_wconf 51' lang='lat' dir='ltr'>qui&#39;eodem</span> <span class='ocrx_word' id='word_1_95' title='bbox 512 1601 608 1699; x_wconf 83' lang='lat' dir='ltr'>fere,</span> <span class='ocrx_word' id='word_1_96' title='bbox 633 1631 721 1717; x_wconf 80' lang='lat' dir='ltr'>¹quo</span> <span class='ocrx_word' id='word_1_97' title='bbox 748 1604 938 1699; x_wconf 68' lang='lat' dir='ltr'>&#39;cunum</span> <span class='ocrx_word' id='word_1_98' title='bbox 971 1627 1205 1707; x_wconf 84' lang='lat' dir='ltr'>annonatus</span> <span class='ocrx_word' id='word_1_99' title='bbox 1232 1605 1298 1704; x_wconf 91' lang='lat' dir='ltr'>est,</span> <span class='ocrx_word' id='word_1_100' title='bbox 1331 1602 1511 1716; x_wconf 59' lang='lat' dir='ltr'>utpote&amp;</span> <span class='ocrx_word' id='word_1_101' title='bbox 1541 1611 1711 1693; x_wconf 83' lang='lat' dir='ltr'>Nerone</span> 
     </span>
     <span class='ocr_line' id='line_1_13' title="bbox 252 1717 1710 1823; baseline 0.001 -18"><span class='ocrx_word' id='word_1_102' title='bbox 252 1727 339 1805; x_wconf 86' lang='lat' dir='ltr'>treci</span> <span class='ocrx_word' id='word_1_103' title='bbox 359 1720 520 1804; x_wconf 82' lang='lat' dir='ltr'>traditus</span> <span class='ocrx_word' id='word_1_104' title='bbox 541 1744 652 1802; x_wconf 87' lang='lat' dir='ltr'>anno</span> <span class='ocrx_word' id='word_1_105' title='bbox 667 1722 941 1802; x_wconf 84' lang='lat' dir='ltr'>iucarnationis</span> <span class='ocrx_word' id='word_1_106' title='bbox 966 1718 1186 1800; x_wconf 83' lang='lat' dir='ltr'>Dominicae</span> <span class='ocrx_word' id='word_1_107' title='bbox 1212 1735 1278 1814; x_wconf 78' lang='lat'>65.</span> <span class='ocrx_word' id='word_1_108' title='bbox 1306 1726 1423 1802; x_wconf 84' lang='lat' dir='ltr'>aetatis</span> <span class='ocrx_word' id='word_1_109' title='bbox 1449 1717 1519 1802; x_wconf 86' lang='lat' dir='ltr'>suae</span> <span class='ocrx_word' id='word_1_110' title='bbox 1542 1739 1610 1823; x_wconf 85' lang='lat'>64,</span> <span class='ocrx_word' id='word_1_111' title='bbox 1631 1724 1710 1810; x_wconf 92' lang='lat' dir='ltr'>boc</span> 
     </span>
     <span class='ocr_line' id='line_1_14' title="bbox 253 1828 1711 1944; baseline 0.003 -26"><span class='ocrx_word' id='word_1_112' title='bbox 253 1839 389 1919; x_wconf 90' lang='lat' dir='ltr'>vitium</span> <span class='ocrx_word' id='word_1_113' title='bbox 414 1830 483 1918; x_wconf 89' lang='lat' dir='ltr'>suo</span> <span class='ocrx_word' id='word_1_114' title='bbox 511 1857 691 1944; x_wconf 87' lang='lat' dir='ltr'>tempore</span> <span class='ocrx_word' id='word_1_115' title='bbox 720 1836 834 1917; x_wconf 89' lang='lat' dir='ltr'>etiam</span> <span class='ocrx_word' id='word_1_116' title='bbox 859 1839 900 1916; x_wconf 88' lang='lat' dir='ltr'>in</span> <span class='ocrx_word' id='word_1_117' title='bbox 931 1829 1102 1915; x_wconf 83' lang='lat' dir='ltr'>foeminis</span> <span class='ocrx_word' id='word_1_118' title='bbox 1140 1828 1341 1942; x_wconf 81' lang='lat' dir='ltr'>grallatum</span> <span class='ocrx_word' id='word_1_119' title='bbox 1378 1832 1486 1919; x_wconf 77' lang='lat' dir='ltr'>inille</span> <span class='ocrx_word' id='word_1_120' title='bbox 1524 1830 1711 1923; x_wconf 83' lang='lat' dir='ltr'>lamenta-</span> 
     </span>
     <span class='ocr_line' id='line_1_15' title="bbox 254 1947 1711 2061; baseline 0.005 -29"><span class='ocrx_word' id='word_1_121' title='bbox 254 1947 385 2034; x_wconf 88' lang='lat' dir='ltr'>biliter</span> <span class='ocrx_word' id='word_1_122' title='bbox 404 1954 570 2045; x_wconf 87' lang='lat' dir='ltr'>testatur,</span> <span class='ocrx_word' id='word_1_123' title='bbox 589 1951 647 2030; x_wconf 88' lang='lat' dir='ltr'>his</span> <span class='ocrx_word' id='word_1_124' title='bbox 676 1949 803 2032; x_wconf 89' lang='lat' dir='ltr'>verbis</span> <span class='ocrx_word' id='word_1_125' title='bbox 828 1950 942 2061; x_wconf 82' lang='lat' dir='ltr'>Epist.</span> <span class='ocrx_word' id='word_1_126' title='bbox 964 1956 1030 2052; x_wconf 81' lang='lat'>95.</span> <span class='ocrx_word' id='word_1_127' title='bbox 1116 1947 1288 2033; x_wconf 74' lang='lat' dir='ltr'>Pietnt&#39;ne</span> <span class='ocrx_word' id='word_1_128' title='bbox 1334 1975 1416 2035; x_wconf 88' lang='lat' dir='ltr'>cum</span> <span class='ocrx_word' id='word_1_129' title='bbox 1461 1955 1634 2037; x_wconf 82' lang='lat' dir='ltr'>virorum</span> <span class='ocrx_word' id='word_1_130' title='bbox 1665 1951 1711 2040; x_wconf 87' lang='lat' dir='ltr'>li·</span> 
     </span>
     <span class='ocr_line' id='line_1_16' title="bbox 255 2059 1724 2180; baseline 0.005 -28"><span class='ocrx_word' id='word_1_131' title='bbox 255 2069 416 2152; x_wconf 78' lang='lat' dir='ltr'>tentiam</span> <span class='ocrx_word' id='word_1_132' title='bbox 446 2068 697 2176; x_wconf 66' lang='lat' dir='ltr'>aequaverint,</span> <span class='ocrx_word' id='word_1_133' title='bbox 728 2087 926 2175; x_wconf 85' lang='lat' dir='ltr'>corporum</span> <span class='ocrx_word' id='word_1_134' title='bbox 956 2086 1099 2174; x_wconf 84' lang='lat' dir='ltr'>quoque</span> <span class='ocrx_word' id='word_1_135' title='bbox 1115 2059 1289 2149; x_wconf 84' lang='lat' dir='ltr'>virilium</span> <span class='ocrx_word' id='word_1_136' title='bbox 1316 2067 1417 2151; x_wconf 82' lang='lat' dir='ltr'>vitia</span> <span class='ocrx_word' id='word_1_137' title='bbox 1445 2078 1724 2180; x_wconf 75' lang='lat' dir='ltr'>equoverttnl3,</span> 
     </span>
     <span class='ocr_line' id='line_1_17' title="bbox 253 2174 1712 2295; baseline 0.003 -27"><span class='ocrx_word' id='word_1_138' title='bbox 253 2209 331 2268; x_wconf 89' lang='lat' dir='ltr'>non</span> <span class='ocrx_word' id='word_1_139' title='bbox 363 2183 485 2268; x_wconf 84' lang='lat' dir='ltr'>minus</span> <span class='ocrx_word' id='word_1_140' title='bbox 506 2189 659 2290; x_wconf 78' lang='lat' dir='ltr'>potant,</span> <span class='ocrx_word' id='word_1_141' title='bbox 686 2175 838 2266; x_wconf 85' lang='lat' dir='ltr'>libidine</span> <span class='ocrx_word' id='word_1_142' title='bbox 868 2177 959 2264; x_wconf 80' lang='lat' dir='ltr'>verb</span> <span class='ocrx_word' id='word_1_143' title='bbox 991 2204 1059 2264; x_wconf 87' lang='lat' dir='ltr'>nec</span> <span class='ocrx_word' id='word_1_144' title='bbox 1096 2174 1263 2264; x_wconf 77' lang='lat' dir='ltr'>maribus</span> <span class='ocrx_word' id='word_1_145' title='bbox 1293 2176 1443 2278; x_wconf 79' lang='lat' dir='ltr'>cedunt,</span> <span class='ocrx_word' id='word_1_146' title='bbox 1467 2187 1555 2294; x_wconf 81' lang='lat' dir='ltr'>pati</span> <span class='ocrx_word' id='word_1_147' title='bbox 1584 2196 1682 2272; x_wconf 74' lang='lat' dir='ltr'>onte</span> <span class='ocrx_word' id='word_1_148' title='bbox 1693 2212 1712 2295; x_wconf 73' lang='grc' dir='ltr'><strong><em>ς</em></strong></span> 
     </span>
     <span class='ocr_line' id='line_1_18' title="bbox 254 2289 1712 2419; baseline 0.003 -36"><span class='ocrx_word' id='word_1_149' title='bbox 254 2294 334 2383; x_wconf 86' lang='lat' dir='ltr'>Dii</span> <span class='ocrx_word' id='word_1_150' title='bbox 360 2291 445 2382; x_wconf 81' lang='lat' dir='ltr'>illos</span> <span class='ocrx_word' id='word_1_151' title='bbox 484 2294 656 2406; x_wconf 81' lang='lat' dir='ltr'>Deaeque</span> <span class='ocrx_word' id='word_1_152' title='bbox 680 2291 777 2379; x_wconf 73' lang='lat' dir='ltr'>mall</span> <span class='ocrx_word' id='word_1_153' title='bbox 797 2291 991 2406; x_wconf 76' lang='lat' dir='ltr'>perdanl3</span> <span class='ocrx_word' id='word_1_154' title='bbox 1036 2289 1129 2378; x_wconf 84' lang='lat' dir='ltr'>adeo</span> <span class='ocrx_word' id='word_1_155' title='bbox 1152 2293 1374 2409; x_wconf 81' lang='lat' dir='ltr'>perversum</span> <span class='ocrx_word' id='word_1_156' title='bbox 1408 2310 1617 2384; x_wconf 75' lang='lat' dir='ltr'>contenente</span> <span class='ocrx_word' id='word_1_157' title='bbox 1644 2322 1712 2419; x_wconf 77' lang='lat' dir='ltr'>ge·</span> 
     </span>
     <span class='ocr_line' id='line_1_19' title="bbox 256 2407 1714 2528; baseline 0.002 -30"><span class='ocrx_word' id='word_1_158' title='bbox 256 2436 330 2498; x_wconf 82' lang='lat' dir='ltr'>nus</span> <span class='ocrx_word' id='word_1_159' title='bbox 360 2409 622 2523; x_wconf 75' lang='lat' dir='ltr'>impudicitia,</span> <span class='ocrx_word' id='word_1_160' title='bbox 653 2414 764 2496; x_wconf 77' lang='lat' dir='ltr'>viros</span> <span class='ocrx_word' id='word_1_161' title='bbox 791 2414 936 2496; x_wconf 77' lang='lat' dir='ltr'>ineunt.</span> <span class='ocrx_word' id='word_1_162' title='bbox 1024 2407 1238 2493; x_wconf 84' lang='lat' dir='ltr'>Cornelius</span> <span class='ocrx_word' id='word_1_163' title='bbox 1273 2410 1296 2494; x_wconf 71' lang='grc' dir='ltr'>ὲ</span> <span class='ocrx_word' id='word_1_164' title='bbox 1335 2414 1485 2522; x_wconf 87' lang='lat' dir='ltr'>Lapide</span> <span class='ocrx_word' id='word_1_165' title='bbox 1516 2418 1568 2523; x_wconf 89' lang='lat' dir='ltr'>in</span> <span class='ocrx_word' id='word_1_166' title='bbox 1595 2420 1714 2528; x_wconf 77' lang='lat' dir='ltr'>Epist:</span> 
     </span>
     <span class='ocr_line' id='line_1_20' title="bbox 258 2522 1714 2645; baseline 0.008 -35"><span class='ocrx_word' id='word_1_167' title='bbox 258 2527 311 2610; x_wconf 88' lang='lat' dir='ltr'>ad</span> <span class='ocrx_word' id='word_1_168' title='bbox 332 2528 447 2612; x_wconf 87' lang='lat' dir='ltr'>Rom.</span> <span class='ocrx_word' id='word_1_169' title='bbox 470 2531 523 2611; x_wconf 88' lang='lat' dir='ltr'>C.</span> <span class='ocrx_word' id='word_1_170' title='bbox 554 2556 590 2611; x_wconf 82' lang='lat' dir='ltr'>t.</span> <span class='ocrx_word' id='word_1_171' title='bbox 616 2526 792 2609; x_wconf 88' lang='lat' dir='ltr'>adhunc</span> <span class='ocrx_word' id='word_1_172' title='bbox 826 2522 959 2608; x_wconf 90' lang='lat' dir='ltr'>locum</span> <span class='ocrx_word' id='word_1_173' title='bbox 995 2525 1152 2608; x_wconf 85' lang='lat' dir='ltr'>Senecae</span> <span class='ocrx_word' id='word_1_174' title='bbox 1182 2527 1318 2611; x_wconf 87' lang='lat' dir='ltr'>addit:</span> <span class='ocrx_word' id='word_1_175' title='bbox 1380 2528 1528 2613; x_wconf 81' lang='lat' dir='ltr'>Grecis</span> <span class='ocrx_word' id='word_1_176' title='bbox 1552 2526 1607 2616; x_wconf 75' lang='lat' dir='ltr'>lrae</span> <span class='ocrx_word' id='word_1_177' title='bbox 1632 2537 1714 2645; x_wconf 65' lang='lat' dir='ltr'>ste-¹</span> 
     </span>
     <span class='ocr_line' id='line_1_21' title="bbox 258 2636 1714 2751; baseline 0.008 -24"><span class='ocrx_word' id='word_1_178' title='bbox 258 2643 367 2727; x_wconf 72' lang='lat' dir='ltr'>mine</span> <span class='ocrx_word' id='word_1_179' title='bbox 396 2636 585 2729; x_wconf 81' lang='lat' dir='ltr'>Tribades</span> <span class='ocrx_word' id='word_1_180' title='bbox 614 2637 732 2742; x_wconf 67' lang='lat' dir='ltr'>dine,</span> <span class='ocrx_word' id='word_1_181' title='bbox 765 2637 809 2726; x_wconf 82' lang='lat' dir='ltr'>id</span> <span class='ocrx_word' id='word_1_182' title='bbox 827 2636 887 2751; x_wconf 78' lang='lat' dir='ltr'>est,</span> <span class='ocrx_word' id='word_1_183' title='bbox 906 2640 1090 2746; x_wconf 60' lang='lat' dir='ltr'>ildrico,</span> <span class='ocrx_word' id='word_1_184' title='bbox 1117 2667 1276 2751; x_wconf 84' lang='lat' dir='ltr'>quarum</span> <span class='ocrx_word' id='word_1_185' title='bbox 1305 2644 1475 2729; x_wconf 72' lang='lat' dir='ltr'>meminit</span> <span class='ocrx_word' id='word_1_186' title='bbox 1502 2639 1714 2740; x_wconf 60' lang='lat' dir='ltr'>Tertullus</span> 
     </span>
     <span class='ocr_line' id='line_1_22' title="bbox 257 2749 1714 2884; baseline 0.005 -41"><span class='ocrx_word' id='word_1_187' title='bbox 257 2781 335 2843; x_wconf 79' lang='lat' dir='ltr'>nus</span> <span class='ocrx_word' id='word_1_188' title='bbox 360 2754 406 2842; x_wconf 84' lang='lat' dir='ltr'>de</span> <span class='ocrx_word' id='word_1_189' title='bbox 431 2752 572 2844; x_wconf 83' lang='lat' dir='ltr'>Pallio.</span> <span class='ocrx_word' id='word_1_190' title='bbox 687 2756 759 2844; x_wconf 89' lang='lat' dir='ltr'>De</span> <span class='ocrx_word' id='word_1_191' title='bbox 805 2749 864 2842; x_wconf 84' lang='lat' dir='ltr'>lis</span> <span class='ocrx_word' id='word_1_192' title='bbox 900 2756 981 2873; x_wconf 76' lang='lat' dir='ltr'>ugit</span> <span class='ocrx_word' id='word_1_193' title='bbox 1020 2755 1276 2866; x_wconf 82' lang='lat' dir='ltr'>impuriffimus</span> <span class='ocrx_word' id='word_1_194' title='bbox 1312 2757 1505 2845; x_wconf 72' lang='lat' dir='ltr'>lucianus</span> <span class='ocrx_word' id='word_1_195' title='bbox 1543 2760 1714 2884; x_wconf 80' lang='lat' dir='ltr'>Dialugo</span> 
     </span>
     <span class='ocr_line' id='line_1_23' title="bbox 262 2868 1774 2986; baseline 0.001 -28"><span class='ocrx_word' id='word_1_196' title='bbox 262 2869 482 2960; x_wconf 80' lang='lat' dir='ltr'>Clonorium</span> <span class='ocrx_word' id='word_1_197' title='bbox 512 2869 570 2967; x_wconf 64' lang='lat'>65</span> <span class='ocrx_word' id='word_1_198' title='bbox 599 2874 746 2958; x_wconf 72' lang='lat' dir='ltr'>Leaena</span> <span class='ocrx_word' id='word_1_199' title='bbox 838 2871 938 2957; x_wconf 78' lang='lat' dir='ltr'>Haec</span> <span class='ocrx_word' id='word_1_200' title='bbox 977 2873 1127 2956; x_wconf 78' lang='lat' dir='ltr'>invitus</span> <span class='ocrx_word' id='word_1_201' title='bbox 1167 2868 1254 2958; x_wconf 83' lang='lat' dir='ltr'>lieet</span> <span class='ocrx_word' id='word_1_202' title='bbox 1278 2869 1412 2986; x_wconf 78' lang='lat' dir='ltr'>scripfi</span> <span class='ocrx_word' id='word_1_203' title='bbox 1446 2870 1503 2959; x_wconf 78' lang='lat' dir='ltr'>ad</span> <span class='ocrx_word' id='word_1_204' title='bbox 1534 2871 1630 2976; x_wconf 82' lang='lat' dir='ltr'>boe,</span> <span class='ocrx_word' id='word_1_205' title='bbox 1666 2888 1714 2968; x_wconf 70' lang='lat' dir='ltr'>ut</span> <span class='ocrx_word' id='word_1_206' title='bbox 1769 2930 1774 2943; x_wconf 86' lang='lat'><em>-</em></span> 
     </span>
     <span class='ocr_line' id='line_1_24' title="bbox 255 2985 1715 3102; baseline 0.006 -31"><span class='ocrx_word' id='word_1_207' title='bbox 255 2985 381 3102; x_wconf 72' lang='lat' dir='ltr'>stiunt</span> <span class='ocrx_word' id='word_1_208' title='bbox 419 2988 637 3100; x_wconf 74' lang='lat' dir='ltr'>Conseffarii</span> <span class='ocrx_word' id='word_1_209' title='bbox 663 2991 846 3098; x_wconf 77' lang='lat' dir='ltr'>suminus</span> <span class='ocrx_word' id='word_1_210' title='bbox 882 3012 1029 3098; x_wconf 84' lang='lat' dir='ltr'>quoque</span> <span class='ocrx_word' id='word_1_211' title='bbox 1069 2994 1113 3072; x_wconf 82' lang='lat' dir='ltr'>ut</span> <span class='ocrx_word' id='word_1_212' title='bbox 1154 2990 1264 3071; x_wconf 83' lang='lat' dir='ltr'>uiros</span> <span class='ocrx_word' id='word_1_213' title='bbox 1301 2996 1496 3099; x_wconf 79' lang='lat' dir='ltr'>peccalum</span> <span class='ocrx_word' id='word_1_214' title='bbox 1544 2989 1715 3081; x_wconf 82' lang='lat' dir='ltr'>mollitiei</span> 
     </span>
     <span class='ocr_line' id='line_1_25' title="bbox 260 3097 1713 3213; baseline 0.007 -25"><span class='ocrx_word' id='word_1_215' title='bbox 260 3106 503 3206; x_wconf 71' lang='lat' dir='ltr'>committere,</span> <span class='ocrx_word' id='word_1_216' title='bbox 532 3113 578 3192; x_wconf 78' lang='lat' dir='ltr'>ul</span> <span class='ocrx_word' id='word_1_217' title='bbox 607 3101 801 3200; x_wconf 82' lang='lat' dir='ltr'>Galenus,</span> <span class='ocrx_word' id='word_1_218' title='bbox 838 3099 897 3198; x_wconf 48' lang='grc' dir='ltr'>ἐς</span> <span class='ocrx_word' id='word_1_219' title='bbox 924 3104 1160 3213; x_wconf 76' lang='lat' dir='ltr'>experientia</span> <span class='ocrx_word' id='word_1_220' title='bbox 1189 3097 1317 3199; x_wconf 80' lang='lat' dir='ltr'>docel,</span> <span class='ocrx_word' id='word_1_221' title='bbox 1347 3102 1522 3213; x_wconf 74' lang='lat' dir='ltr'>&amp;ficui</span> <span class='ocrx_word' id='word_1_222' title='bbox 1549 3104 1713 3198; x_wconf 79' lang='lat' dir='ltr'>illudio</span> 
     </span>
    </p>
   </div>
   <div class='ocr_carea' id='block_1_3' title="bbox 254 3211 1847 3331">
    <p class='ocr_par' dir='ltr' id='par_1_3' title="bbox 254 3211 1847 3331">
     <span class='ocr_line' id='line_1_26' title="bbox 254 3211 1847 3331; baseline 0.004 -27"><span class='ocrx_word' id='word_1_223' title='bbox 254 3211 600 3331; x_wconf 74' lang='lat' dir='ltr'>seexercent‚&#39;&#39;ila</span> <span class='ocrx_word' id='word_1_224' title='bbox 628 3217 687 3315; x_wconf 57' lang='grc' dir='ltr'>Θ*</span> <span class='ocrx_word' id='word_1_225' title='bbox 713 3222 753 3306; x_wconf 92' lang='lat' dir='ltr'>in</span> <span class='ocrx_word' id='word_1_226' title='bbox 789 3215 882 3305; x_wconf 73' lang='lat' dir='ltr'>ulios</span> <span class='ocrx_word' id='word_1_227' title='bbox 907 3242 1084 3302; x_wconf 82' lang='lat' dir='ltr'>exercere</span> <span class='ocrx_word' id='word_1_228' title='bbox 1116 3212 1289 3327; x_wconf 73' lang='lat' dir='ltr'>nefandis</span> <span class='ocrx_word' id='word_1_229' title='bbox 1316 3217 1447 3305; x_wconf 84' lang='lat' dir='ltr'>modis.</span> <span class='ocrx_word' id='word_1_230' title='bbox 1522 3223 1578 3304; x_wconf 87' lang='lat' dir='ltr'>Ita</span> <span class='ocrx_word' id='word_1_231' title='bbox 1608 3226 1714 3309; x_wconf 86' lang='lat' dir='ltr'>Cor·</span> <span class='ocrx_word' id='word_1_232' title='bbox 1844 3272 1847 3277; x_wconf 95' lang='lat'>·</span> 
     </span>
    </p>
   </div>
   <div class='ocr_carea' id='block_1_4' title="bbox 259 3330 1810 4260">
    <p class='ocr_par' dir='ltr' id='par_1_4' title="bbox 259 3330 1810 4260">
     <span class='ocr_line' id='line_1_27' title="bbox 260 3330 1714 3449; baseline 0.005 -29"><span class='ocrx_word' id='word_1_233' title='bbox 260 3331 408 3433; x_wconf 82' lang='lat' dir='ltr'>uelius,</span> <span class='ocrx_word' id='word_1_234' title='bbox 435 3361 555 3449; x_wconf 89' lang='lat' dir='ltr'>quem</span> <span class='ocrx_word' id='word_1_235' title='bbox 585 3360 792 3447; x_wconf 86' lang='lat' dir='ltr'>propterea</span> <span class='ocrx_word' id='word_1_236' title='bbox 826 3333 995 3429; x_wconf 85' lang='lat' dir='ltr'>adduxi,</span> <span class='ocrx_word' id='word_1_237' title='bbox 1029 3357 1074 3416; x_wconf 92' lang='lat' dir='ltr'>ut</span> <span class='ocrx_word' id='word_1_238' title='bbox 1103 3355 1272 3442; x_wconf 88' lang='lat' dir='ltr'>pateret,</span> <span class='ocrx_word' id='word_1_239' title='bbox 1303 3330 1439 3419; x_wconf 88' lang='lat' dir='ltr'>locum</span> <span class='ocrx_word' id='word_1_240' title='bbox 1471 3336 1626 3423; x_wconf 86' lang='lat' dir='ltr'>Senecae</span> <span class='ocrx_word' id='word_1_241' title='bbox 1660 3338 1714 3428; x_wconf 89' lang='lat' dir='ltr'>de</span> 
     </span>
     <span class='ocr_line' id='line_1_28' title="bbox 261 3442 1716 3561; baseline 0.003 -26"><span class='ocrx_word' id='word_1_242' title='bbox 261 3445 428 3535; x_wconf 86' lang='lat' dir='ltr'>mollitie</span> <span class='ocrx_word' id='word_1_243' title='bbox 449 3477 495 3535; x_wconf 91' lang='lat' dir='ltr'>ac</span> <span class='ocrx_word' id='word_1_244' title='bbox 513 3453 704 3535; x_wconf 88' lang='lat' dir='ltr'>Sodomia</span> <span class='ocrx_word' id='word_1_245' title='bbox 731 3444 1025 3561; x_wconf 83' lang='lat' dir='ltr'>intelligendum</span> <span class='ocrx_word' id='word_1_246' title='bbox 1048 3442 1134 3549; x_wconf 86' lang='lat' dir='ltr'>esse,</span> <span class='ocrx_word' id='word_1_247' title='bbox 1164 3453 1205 3530; x_wconf 76' lang='grc' dir='ltr'>δι</span> <span class='ocrx_word' id='word_1_248' title='bbox 1226 3449 1304 3533; x_wconf 93' lang='lat' dir='ltr'>hoc</span> <span class='ocrx_word' id='word_1_249' title='bbox 1327 3455 1461 3535; x_wconf 89' lang='lat' dir='ltr'>vitium</span> <span class='ocrx_word' id='word_1_250' title='bbox 1494 3458 1609 3538; x_wconf 87' lang='lat' dir='ltr'>etiam</span> <span class='ocrx_word' id='word_1_251' title='bbox 1638 3449 1716 3553; x_wconf 68' lang='lat' dir='ltr'>file-j</span> 
     </span>
     <span class='ocr_line' id='line_1_29' title="bbox 290 3560 1810 3677; baseline 0.005 -26"><span class='ocrx_word' id='word_1_252' title='bbox 290 3593 388 3651; x_wconf 78' lang='lat' dir='ltr'>uena</span> <span class='ocrx_word' id='word_1_253' title='bbox 415 3560 524 3649; x_wconf 84' lang='lat' dir='ltr'>furlse</span> <span class='ocrx_word' id='word_1_254' title='bbox 551 3591 730 3677; x_wconf 87' lang='lat' dir='ltr'>tempore</span> <span class='ocrx_word' id='word_1_255' title='bbox 759 3568 981 3648; x_wconf 78' lang='lat' dir='ltr'>Natiuitatis</span> <span class='ocrx_word' id='word_1_256' title='bbox 1009 3562 1228 3647; x_wconf 86' lang='lat' dir='ltr'>Dominicae</span> <span class='ocrx_word' id='word_1_257' title='bbox 1255 3569 1295 3648; x_wconf 94' lang='lat' dir='ltr'>in</span> <span class='ocrx_word' id='word_1_258' title='bbox 1324 3570 1482 3651; x_wconf 88' lang='lat' dir='ltr'>Graecia.</span> <span class='ocrx_word' id='word_1_259' title='bbox 1584 3568 1714 3659; x_wconf 80' lang='lat' dir='ltr'>Con·</span> <span class='ocrx_word' id='word_1_260' title='bbox 1808 3662 1810 3668; x_wconf 76' lang='grc'>,</span> 
     </span>
     <span class='ocr_line' id='line_1_30' title="bbox 259 3595 1715 3791; baseline 0.003 -25"><span class='ocrx_word' id='word_1_261' title='bbox 259 3595 434 3766; x_wconf 62' lang='lat' dir='ltr'>limatur</span> <span class='ocrx_word' id='word_1_262' title='bbox 461 3711 510 3765; x_wconf 89' lang='lat' dir='ltr'>ex</span> <span class='ocrx_word' id='word_1_263' title='bbox 535 3675 746 3763; x_wconf 86' lang='lat' dir='ltr'>Clemente</span> <span class='ocrx_word' id='word_1_264' title='bbox 776 3675 1057 3774; x_wconf 77' lang='lat' dir='ltr'>Alexandrino,</span> <span class='ocrx_word' id='word_1_265' title='bbox 1085 3683 1156 3791; x_wconf 89' lang='lat' dir='ltr'>qui</span> <span class='ocrx_word' id='word_1_266' title='bbox 1184 3682 1226 3762; x_wconf 88' lang='lat' dir='ltr'>L.</span> <span class='ocrx_word' id='word_1_267' title='bbox 1259 3709 1295 3780; x_wconf 81' lang='lat'>3.</span> <span class='ocrx_word' id='word_1_268' title='bbox 1329 3683 1564 3769; x_wconf 75' lang='lat' dir='ltr'>stromatum</span> <span class='ocrx_word' id='word_1_269' title='bbox 1593 3687 1645 3773; x_wconf 84' lang='lat' dir='ltr'>C.</span> <span class='ocrx_word' id='word_1_270' title='bbox 1677 3718 1715 3791; x_wconf 83' lang='lat'>3.</span> 
     </span>
     <span class='ocr_line' id='line_1_31' title="bbox 261 3790 1715 3914; baseline 0.006 -32"><span class='ocrx_word' id='word_1_271' title='bbox 261 3796 311 3882; x_wconf 83' lang='lat' dir='ltr'>fic</span> <span class='ocrx_word' id='word_1_272' title='bbox 336 3797 456 3881; x_wconf 84' lang='lat' dir='ltr'>habet</span> <span class='ocrx_word' id='word_1_273' title='bbox 481 3832 490 3880; x_wconf 73' lang='grc' dir='ltr'>ι</span> <span class='ocrx_word' id='word_1_274' title='bbox 549 3795 651 3914; x_wconf 77' lang='lat' dir='ltr'>Ergo</span> <span class='ocrx_word' id='word_1_275' title='bbox 674 3792 771 3881; x_wconf 78' lang='lat' dir='ltr'>verb</span> <span class='ocrx_word' id='word_1_276' title='bbox 795 3800 909 3880; x_wconf 79' lang='lat' dir='ltr'>etium</span> <span class='ocrx_word' id='word_1_277' title='bbox 932 3818 1073 3893; x_wconf 87' lang='lat' dir='ltr'>eorum,</span> <span class='ocrx_word' id='word_1_278' title='bbox 1107 3790 1236 3904; x_wconf 79' lang='lat' dir='ltr'>quial</span> <span class='ocrx_word' id='word_1_279' title='bbox 1260 3798 1319 3895; x_wconf 84' lang='lat' dir='ltr'>iis,</span> <span class='ocrx_word' id='word_1_280' title='bbox 1348 3801 1413 3907; x_wconf 86' lang='lat' dir='ltr'>qui</span> <span class='ocrx_word' id='word_1_281' title='bbox 1434 3804 1622 3913; x_wconf 80' lang='lat' dir='ltr'>mancipia</span> <span class='ocrx_word' id='word_1_282' title='bbox 1644 3830 1715 3891; x_wconf 85' lang='lat' dir='ltr'>ve·</span> 
     </span>
     <span class='ocr_line' id='line_1_32' title="bbox 261 3904 1716 4038; baseline 0.001 -38"><span class='ocrx_word' id='word_1_283' title='bbox 261 3908 451 4010; x_wconf 60' lang='lat' dir='ltr'>enabat,</span> <span class='ocrx_word' id='word_1_284' title='bbox 480 3919 664 4007; x_wconf 82' lang='lat' dir='ltr'>veneunt,</span> <span class='ocrx_word' id='word_1_285' title='bbox 691 3911 887 4023; x_wconf 77' lang='lat' dir='ltr'>puftonum</span> <span class='ocrx_word' id='word_1_286' title='bbox 921 3909 1109 4024; x_wconf 70' lang='lat' dir='ltr'>misereor,</span> <span class='ocrx_word' id='word_1_287' title='bbox 1133 3904 1192 4005; x_wconf 58' lang='grc' dir='ltr'>ὅ</span> <span class='ocrx_word' id='word_1_288' title='bbox 1213 3919 1337 3997; x_wconf 78' lang='lat' dir='ltr'>tanen</span> <span class='ocrx_word' id='word_1_289' title='bbox 1362 3910 1502 4024; x_wconf 82' lang='lat' dir='ltr'>probro</span> <span class='ocrx_word' id='word_1_290' title='bbox 1526 3911 1584 4010; x_wconf 69' lang='lat'>65</span> <span class='ocrx_word' id='word_1_291' title='bbox 1607 3920 1716 4038; x_wconf 78' lang='lat' dir='ltr'>igno·</span> 
     </span>
     <span class='ocr_line' id='line_1_33' title="bbox 262 4021 1718 4260; baseline 0.001 -143"><span class='ocrx_word' id='word_1_292' title='bbox 262 4031 381 4120; x_wconf 77' lang='lat' dir='ltr'>ninia</span> <span class='ocrx_word' id='word_1_293' title='bbox 409 4054 488 4117; x_wconf 89' lang='lat' dir='ltr'>non</span> <span class='ocrx_word' id='word_1_294' title='bbox 519 4025 690 4144; x_wconf 71' lang='lat' dir='ltr'>iscipfls</span> <span class='ocrx_word' id='word_1_295' title='bbox 715 4026 956 4138; x_wconf 73' lang='lat' dir='ltr'>afficiuntur,</span> <span class='ocrx_word' id='word_1_296' title='bbox 976 4021 1051 4142; x_wconf 71' lang='lat' dir='ltr'>sed</span> <span class='ocrx_word' id='word_1_297' title='bbox 1066 4027 1169 4144; x_wconf 77' lang='lat' dir='ltr'>juffu</span> <span class='ocrx_word' id='word_1_298' title='bbox 1200 4023 1324 4117; x_wconf 83' lang='lat' dir='ltr'>alieno</span> <span class='ocrx_word' id='word_1_299' title='bbox 1349 4023 1405 4115; x_wconf 86' lang='lat' dir='ltr'>ud</span> <span class='ocrx_word' id='word_1_300' title='bbox 1432 4039 1581 4144; x_wconf 79' lang='lat' dir='ltr'>turpem</span> <span class='ocrx_word' id='word_1_301' title='bbox 1613 4060 1718 4260; x_wconf 46' lang='lat' dir='ltr'>lla·</span> 
     </span>
     <span class='ocr_line' id='line_1_34' title="bbox 1653 4174 1718 4236; baseline 0.015 -1"><span class='ocrx_word' id='word_1_302' title='bbox 1653 4174 1718 4236; x_wconf 78' lang='lat' dir='ltr'>utu</span> 
     </span>
    </p>
   </div>
   <div class='ocr_carea' id='block_1_5' title="bbox 0 0 1916 4994">
    <p class='ocr_par' dir='ltr' id='par_1_5' title="bbox 0 0 1916 4994">
     <span class='ocr_line' id='line_1_35' title="bbox 0 0 1916 4994; baseline 0 0"><span class='ocrx_word' id='word_1_303' title='bbox 0 0 1916 4994; x_wconf 95' lang='lat' dir='ltr'> </span> 
     </span>
    </p>
   </div>
  </div>
 </body>
</html>
