3690 4988
523 315 704 447 Regula
722 343 780 411 ex
804 318 858 412 P.
883 307 1049 463 Sybidn
1205 296 1211 311 ’
1295 422 1300 433 ,
1417 313 1481 418 16
1486 350 1512 447 5

64 517 335 625 admodiram
366 489 652 604 limilitudinem
694 513 756 604 vel
791 514 956 631 speciem
996 514 1159 603 credunt
1188 517 1259 618 ei,
1294 517 1409 635 quod
1444 517 1515 609 libi
1619 542 1622 547 ’

62 646 227 752 apparet.
283 639 380 721 llaec
401 660 448 718 ex
467 639 622 738 Joanne
642 634 694 718 de
715 636 754 718 S.
779 639 1017 720 Gemniano.

75 836 79 841 -
161 774 336 911 Regula
376 812 419 901 3·
455 767 744 909 Prophetiae
780 769 1202 877 &revelationes
1239 781 1514 880 vaticinan-

50 914 287 1027 tium&
324 914 634 1056 quandoque
675 936 940 1053 raptarum
989 913 1266 1018 mulierum
1309 912 1513 1023 Christo

59 1058 173 1201 vere
227 1059 538 1171 devotarum
582 1079 641 1171 ut
693 1082 822 1195 puta
874 1055 1084 1198 Brigidae
1140 1057 1222 1161 seu
1265 1055 1514 1198 Brigittae,

60 1194 354 1311 Catharin'ae
389 1198 451 1305 de
488 1198 648 1318 Senis,
684 1198 737 1305 ἃ
773 1196 1033 1309 hmilium
1070 1229 1165 1304 nec
1202 1195 1390 1307 debent
1425 1197 1514 1309 ha·

59 1347 162 1454 beri
200 1377 299 1483 pro
336 1342 680 1477 indubitanter
710 1352 863 1461 veris,
898 1372 994 1447 nec
1028 1366 1282 1481 tanquam
1328 1342 1357 1447 ὲ
1400 1343 1514 1477 8ρί-

59 1503 158 1596 ritu
186 1487 374 1593 Sanslo
402 1481 550 1588 editae‘
575 1484 897 1620 acceptanda
920 1488 1033 1590 sunt
1056 1485 1136 1591 vel
1166 1481 1512 1619 praedicandae.

59 1637 159 1716 Tum
203 1633 300 1743 quia
330 1622 470 1715 sunilia
505 1627 589 1711 lieri
614 1623 784 1740 possunt
811 1653 859 1710 ex
893 1626 1072 1711 industria
1099 1624 1277 1711 humana·
1295 1634 1516 1732 exercitata,

60 1743 265 1851 delumine
286 1742 380 1828 sidei
403 1739 635 1826 confortata.
704 1748 805 1827 Tum
835 1745 928 1856 quia
951 1737 1045 1824 nihil
1069 1740 1255 1854 prohibet
1280 1736 1363 1824 illas
1420 1770 1515 1829 uan·
1599 1776 1605 1785 ¹

59 1863 197 1974 doque
217 1855 327 1941 fuisse
348 1851 485 1955 illusas,
516 1885 566 1941 eo
592 1856 705 1971 quod
726 1854 938 1943 forte·non
969 1853 1048 1940 stne
1067 1851 1178 1968 culpa
1202 1771 1514 1970 praesumplerunt

59 1973 120 2061 illa
148 1972 303 2070 facere,
333 2000 421 2086 quae
455 1971 507 2055 ad
549 1998 613 2055 eas
648 1999 729 2057 non
768 1978 1042 2084 pertinuerunt.
1101 1972 1262 2055 Docere
1297 1975 1400 2056 enim
1447 1966 1512 2057 vel

59 2091 268 2205 praedicare
311 2081 536 2171 mulieribus
566 2094 670 2197 juxta
685 2168 688 2173 .
703 2082 940 2198 Apostolum
980 2114 1064 2171 non
1086 2087 1344 2198 permittitur.
1408 2090 1512 2189 Tum

59 2209 150 2319 quia
169 2231 237 2288 eas
258 2226 541 2315 nonnunquam
560 2204 690 2314 potuit
710 2197 845 2285 fallere
863 2199 1056 2313 phantasia
1081 2202 1193 2288 nimis
1207 2194 1393 2314 fatigata.¹
1407 2205 1513 2290 Tum
1620 2242 1628 2249 ·

86 2326 163 2421 uia,
177 2318 210 2402 fi
223 2313 312 2404 libri
335 2343 464 2401 earum
484 2315 588 2400 bene
603 2314 907 2413 'confiderentun
937 2340 1143 2402 occurrunt
1164 2342 1212 2400 ex
1229 2315 1339 2401 dietis
1358 2321 1399 2399 δι
1420 2344 1512 2403 mo-

57 2347 115 2519 dis
138 2432 303 2518 dicendi
327 2428 456 2545 aliqua
482 2434 608 2515 minus
633 2426 776 2542 sapida,
804 2435 932 2516 minus
970 2425 1233 2520 rationabiliae
1271 2454 1338 2516 aut
1362 2436 1522 2520 veritati·

59 2546 223 2637 dissona.
280 2553 384 2630 'sum
409 2551 510 2659 quiaa
526 2546 742 2657 prophetiae
760 2573 890 2630 earum
911 2541 1150 2657 supervacuae
1171 2537 1349 2631 videntur
1371 2547 1512 2633 dedo·

59 2670 199 2749 brine.
254 2662 364 2747 cum
390 2662 609 2746 authentice
635 2688 682 2765 ex
706 2660 814 2744 sacris
848 2662 1051 2772 scripturis
1075 2665 1115 2743 δι
1147 2661 1296 2744 Sanctis
1322 2662 1513 2748 Dotiori·

58 2778 129 2864 bus
154 2776 369 2872 habeatur,
397 2774 593 2888 quidquid
623 2775 674 2858 de
701 2772 841 2859 talibus
871 2777 925 2860 esi
953 2769 1059 2859 saluti
1092 2771 1350 2861 necessarium.
1409 2783 1512 2865 Tum

62 2898 152 3008 quia
179 2893 266 2991 slat,
293 2885 463 3002 aliquem
492 2885 567 2974 elle
595 2883 919 2986 valde'lansium
951 2893 1146 2974 &tamen
1174 2916 1335 2974 omnem
1365 2891 1512 2977 douri-
1616 2900 1618 2904 ’

63 2999 1512 3232 hialsffa‘b‘lllhibiibi-ilidii”himiteri

67 3236 171 3321 Deus
189 3230 371 3319 voluisset
394 3238 449 3317 uti
469 3260 598 3339 earum
621 3229 753 3318 officio
770 3239 810 3317 in
844 3228 1054 3331 docendo,
1084 3239 1125 3317 δι
1144 3222 1436 3348 prophetando,
1466 3262 1512 3319 u·

71 3350 169 3465 tique
196 3345 447 3434 surdioribus
474 3343 697 3434 mulieribus
724 3352 763 3432 in
794 3352 872 3433 hoc
897 3344 983 3432 usus
1010 3346 1147 3447 millet,
1177 3375 1219 3434 ut
1246 3345 1372 3433 sanda
1399 3345 1515 3436 Elisa·

33 3566 36 3571 ¹
74 3462 180 3565 berh,
209 3469 251 3547 ἂ
277 3457 484 3552 hmilibus;
528 3490 626 3578 quas
650 3463 811 3562 constat,
843 3457 939 3547 nihil
964 3457 1096 3547 tahum
1124 3458 1337 3562 attentasse,
1362 3459 1428 3549 sed
1449 3463 1512 3552 so·
1804 3530 1810 3535 -

10 3586 20 3639 ;·
76 3571 143 3663 ltin
171 3573 351 3665 studuisse
372 3574 601 3691 perfedioni
628 3581 833 3680 virtutum,
863 3571 957 3665 nihil
984 3573 1022 3662 le
1040 3582 1340 3664 intromittentes
1360 3581 1413 3665 de
1443 3584 1515 3669 inr-
1565 3667 1568 3671 ,
1746 3590 1784 3619 ·’

78 3694 493 3812 pertinentibus'earum
528 3691 696 3806 [latibus.
751 3696 885 3777 Potuit
909 3718 1039 3777 tamen
1071 3691 1166 3796 elle,
1194 3695 1311 3808 quod
1328 3695 1440 3782 Deus
1462 3698 1518 3785 ad

27 3844 32 3849 ·
78 3803 297 3921 inplendam'
322 3802 599 3920 negligentiam
629 3806 952 3908 ordinariorum,
979 3811 1019 3889 δε
1056 3809 1108 3891 ad
1128 3804 1296 3921 ipsorum
1328 3819 1518 3921 majorem

79 3923 332 4011 confufionem
366 3919 594 4006 suscitaverit
624 3922 934 4034 quandoque&
965 3917 1111 4006 suscitet
1143 3925 1333 4037 quasdam
1356 3922 1518 4013 mulier·
1677 4011 1678 4015 a

75 4033 163 4125 culae
178 4065 367 4156 tanquam
394 4036 600 4133 dourices,
629 4041 667 4118 &
700 4039 925 4148 prophetas,
954 4034 1046 4120 srcut
1072 4040 1186 4121 etiam
1210 4064 1369 4151 apparet
1387 4047 1428 4126 in
1447 4069 1515 4125 va·
1561 4048 1569 4055 ’

10 4144 23 4229 ἶ
73 4153 161 4244 tibus
182 4162 393 4274 utriusque-
412 4147 522 4240 lextis
542 4153 584 4238 iu
608 4146 763 4267 populo
789 4150 1068 4353 Hepraeorum,
1092 4177 1134 4258 ut
1155 4151 1205 4241 hc
1221 4176 1384 4268 propter
1401 4160 1515 4238 novi·
1641 4256 1646 4263 ι

442 4298 453 4305 ’
911 4294 930 4374 3
1254 4291 1260 4301 ·
1395 4291 1517 4355 tatem
1627 4292 1642 4303 ”
