3690 4988
440 350 616 486 Regulae·
631 367 690 446 aar
714 344 836 446 eard.
858 335 1126 447 desereret?
1395 366 1497 455 '101

37 566 78 649 in
100 561 373 674 corpores&
400 556 595 642 interdum
622 583 705 640 non
732 549 869 640 sentiet
899 558 1131 668 angustiams
1176 533 1374 642 interdum
1408 559 1507 646 verb

41 699 273 792 prorumpet
294 679 337 757 in
358 699 517 785 magnas
535 697 668 756 voces.
726 668 781 754 Αι
803 699 885 754 ιιοιι
906 667 1056 784 semper
1076 671 1222 754 eodem
1247 670 1387 758 modo.
1444 674 1513 757 In·

45 793 196 878 terdum
212 789 334 874 cadet
349 792 388 872 in
408 813 545 872 tetram
568 781 799 878 retrorsums
821 786 1019 870 interdum
1034 789 1072 868 in
1097 783 1250 870 faciem.
1307 785 1507 872 Interdum
1628 790 1636 827 ²

48 908 206 992 tandem
226 910 270 988 in
295 909 402 988 aetus
424 895 662 987 irrationales
689 923 930 1012 prorumpet.
989 906 1036 984 Et
1062 901 1205 1013 quod,
1229 902 1394 1014 quando
1419 929 1507 985 cor·

51 1051 116 1136 pus
141 1015 225 1105 tale
251 1015 419 1133 aliquod
443 1015 673 1131 patiebatur,
695 1014 840 1129 signum
866 1038 960 1112 crat,
982 1019 1095 1128 quod
1111 1017 1237 1098 bomo
1263 1011 1329 1100 ille
1347 1019 1508 1128 incipie-

52 1137 115 1222 bat
143 1128 420 1246 contemplari.
477 1133 741 1244 Interrogatus
768 1133 827 1214 vir
853 1128 1024 1227 sanstus,
1044 1135 1171 1215 Frater
1198 1131 1281 1248 Ugo
1307 1131 1507 1241 Panfierra

57 1275 100 1337 an
127 1251 194 1335 hic
224 1252 369 1333 modus
396 1246 534 1330 orandi
561 1246 690 1328 bonus
715 1238 829 1334 eisets
877 1244 1108 1358 respondit,
1145 1244 1362 1330 doctrinam
1402 1246 1505 1329 hanc

57 1365 314 1452 matronalem
336 1388 382 1446 ac
401 1356 598 1455 bestialem
615 1355 704 1455 eise,
733 1364 771 1442 dc
791 1358 984 1474 assignavit
1001 1362 1068 1443 has
1088 1364 1270 1443 tationes.
1334 1388 1369 1445 r.
1399 1362 1505 1467 Quia

64 1482 178 1565 bomo
214 1505 354 1563 vacans
380 1472 609 1588 perfectioni
639 1502 723 1558 non
749 1474 871 1558 deber
896 1472 934 1558 se
960 1475 1124 1558 alienate
1153 1474 1204 1557 ab
1228 1480 1336 1559 omni
1359 1479 1506 1586 cogita·

68 1600 161 1680 tione
190 1587 411 1706 corporali,
444 1596 484 1673 dr
514 1584 704 1702 spirituali.
762 1621 798 1674 a.
839 1594 943 1698 Quia
972 1592 1110 1673 invia
1136 1587 1386 1703 persedionis
1418 1591 1505 1674 sunt
1537 1606 1540 1611 ’
1655 1590 1665 1599 ’

72 1705 257 1795 nneffnia
284 1731 406 1819 opera
439 1709 619 1790 virtutum
660 1705 775 1788 etiam
813 1699 1041 1816 corporalia.
1104 1732 1139 1807 3.
1178 1710 1283 1814 Quia
1319 1703 1345 1787 sr
1378 1704 1506 1788 homo

77 1825 204 1910 detinet
224 1817 464 1906 intellesium
487 1812 702 1932 suspensum
721 1819 771 1902 ab
800 1824 909 1903 omni
928 1824 1180 1931 operatione,
1213 1819 1251 1903 se
1274 1823 1436 1930 exponit
1461 1813 1507 1901 il·

79 1931 193 2025 lusioni
211 1937 427 2034 doemonis,
456 1940 525 2048 qui
549 1934 627 2019 line
651 1927 728 2017 ulla
747 1933 950 2018 resistentia
972 1939 1007 2019 ei
1026 1939 1234 2018 immittere
1255 1936 1400 2044 poterit
1418 1959 1508 2045 per·

82 2053 178 2139 tersas
207 2054 478 2166 cogitationes.
532 2045 630 2135 Aliae
658 2047 754 2133 verb
784 2056 1030 2158 operationes
1058 2075 1257 2162 corporea
1285 2073 1327 2132 ut
1347 2051 1507 2132 studio·

10 2156 18 2270 ζ
85 2163 366 2254 ruretentionis
401 2159 540 2252 halitus
588 2158 662 2248 eise
700 2190 844 2262 vanas,
883 2169 921 2247 dr
962 2157 1165 2250 diabolicis
1206 2162 1351 2249 insidiis
1397 2162 1524 2288 adin-,-

37 2304 40 2311 ·
87 2303 203 2369 tutas.

174 2432 261 2525 Alii
288 2434 434 2521 detedii
454 2429 538 2520 sunt
567 2447 688 2539 1623.
716 2430 861 2548 Hispali
892 2436 933 2520 in
956 2433 1158 2550 Hispania,
1189 2433 1281 2521 diui
1309 2431 1508 2526 illumina·

90 2549 120 2649 li,
136 2559 199 2666 qui
217 2554 449 2637 docuerunt.
494 2579 530 2636 1.
557 2551 684 2662 Quod
699 2550 879 2636 homines
908 2556 1078 2636 orationi
1103 2546 1262 2639 mentali
1283 2553 1405 2638 dediti
1424 2580 1507 2640 non

16 2688 23 2699 ·
90 2661 138 2750 snt
151 2666 406 2779 adstringendi
432 2665 483 2749 ad
504 2660 683 2749 laborem
704 2688 914 2764 manuum,
936 2691 1003 2751 aut
1024 2661 1098 2751 alia
1127 2669 1306 2751 exercitia
1325 2695 1509 2780 corpora·

10 2824 23 2877 2
88 2768 133 2864 lit.
185 2798 235 2868 2.
263 2780 391 2892 Quod
430 2774 591 2889 perferri
631 2808 713 2864 non
761 2806 902 2894 egeant
948 2787 1101 2893 operari
1149 2809 1270 2894 opera
1312 2786 1509 2871 virtutum.

10 2937 22 2989 :
92 2896 255 3014 thod
279 2922 394 2980 orans
414 2900 466 2979 ita
486 2890 523 2979 se
549 2888 734 3008 colligere
755 2900 795 2978 in
818 2898 895 2980 Dei
922 2893 1117 3007 praesentia
1139 2921 1330 2994 teneatur,
1362 2924 1406 2985 ut
1432 2927 1508 2985 nec

10 3053 22 3107 ς
90 3005 257 3119 discurrat,
279 3037 352 3093 nec
368 3010 588 3107 meditetur,
606 3037 679 3100 nec
697 3013 736 3094 in
752 3005 849 3114 JEsu
864 3012 1010 3101 Christi
1027 3009 1209 3124 passione,
1237 3007 1362 3098 multb
1384 3018 1525 3099 minus:

10 3186 22 3200 .
90 3121 212 3230 ineius
238 3123 372 3210 sanda
399 3126 643 3211 humanitatis
670 3128 897 3238 cognitione
923 3129 1165 3213 immoretur.
1205 3161 1245 3230 4.
1276 3129 1401 3232 Quod
1422 3124 1509 3213 nul·

10 3298 22 3319 .
90 3229 252 3325 lomodo
276 3267 449 3354 unquam
468 3240 656 3323 utendum
682 3238 726 3324 fit
746 3241 990 3354 imaginibus,
1013 3267 1055 3326 ut
1079 3247 1166 3357 quis
1187 3235 1225 3326 se
1243 3243 1294 3327 ad
1315 3245 1509 3329 orandum
1590 3332 1594 3343 ,
1633 3284 1643 3299 ·

93 3348 235 3469 colligat.
297 3383 333 3458 ς.
372 3353 499 3462 Quod
526 3349 548 3437 ὲ
575 3359 717 3467 quovis
758 3382 805 3438 ex
837 3383 974 3440 eorum
1004 3351 1313 3442 illuminatorum
1343 3385 1510 3444 numero

10 3556 24 3577 ,
92 3468 213 3583 smper
237 3496 284 3582 ac
305 3464 459 3580 fingulis
482 3469 589 3553 horis
608 3469 733 3553 videri
755 3468 869 3582 possit
895 3472 952 3575 id,
982 3472 1097 3588 quod
1118 3471 1169 3556 ab
1192 3468 1275 3586 ipso
1290 3479 1368 3580 jam
1393 3468 1511 3561 semel

93 3594 120 3674 n
133 3589 304 3670 oratione
319 3579 445 3667 'visum
469 3578 555 3667 fuir.
575 3587 652 3669 dec.

179 3722 398 3814 Noviffims
417 3754 520 3812 anno
542 3743 666 3830 1⁶56.
688 3726 822 3814 nefarii
838 3731 996 3845 quidam
1018 3732 1261 3846 prodierunt,
1265 3741 1346 3932 ¹poi
1365 3735 1514 3824 docue-

10 3863 21 3917 ε
96 3862 168 3926 ιιι.
226 3856 264 3928 ι.
294 3846 527 3927 Orationem
555 3841 762 3928 mentalem
790 3848 844 3930 ira
879 3843 954 3931 eisc
988 3851 1139 3933 homini
1168 3878 1264 3935 nece
1295 3855 1441 3951 ariam,
1471 3876 1518 3941 ut

97 3950 195 4042 bomo
212 3954 289 4042 fine
310 3984 357 4041 ea
378 3976 464 4041 ιιοιι
490 3958 603 4068 possit
625 3953 765 4044 salvari
824 3993 861 4045 a.
889 3964 930 4044 Si
962 3960 1013 4046 ab
1039 3959 1234 4078 Episcopo
1253 3961 1317 4052 vel
1340 3961 1419 4049 alio
1441 3968 1516 4051 Su,

10 4114 17 4130 ·
99 4077 221 4172 periore
244 4072 499 4186 prohibeatur
526 4067 638 4157 alicui
667 4079 795 4185 oratio
821 4073 1018 4175 mentalis,
1049 4106 1133 4162 non
1161 4072 1216 4164 esi
1243 4083 1298 4166 eis
1323 4078 1517 4163 obedien-
1554 4097 1559 4105 “

10 4211 15 4261 :
101 4179 189 4277 lunis
213 4214 345 4303 neque
366 4187 395 4275 fi
417 4183 488 4274 sub
516 4194 920 4278 excommuricanone
950 4193 1093 4303 jubeat.
1150 4221 1189 4302 3.
1218 4199 1315 4308 Quo
1336 4215 1519 4394 tfpmpopae

70 4330 73 4335 ·
831 4308 927 4409 Ns
1383 4309 1465 4392 cieo
