3796 4994
62 235 64 239 Ι
148 435 151 439 ,
220 301 306 449 46
623 315 841 450 Exempla
865 317 1020 418 Revel.
1043 311 1299 449 dffcilium.

237 529 381 611 intrare
407 513 628 623 Ecclesiam,
656 552 743 610 cum
773 523 953 611 nondum
981 525 1066 614 dies
1097 521 1201 628 esset,
1231 523 1355 611 dixit:
1390 523 1449 609 lte
1479 526 1575 624 ciro,
1600 517 1696 611 &l

240 639 406 727 custode
425 644 573 751 aperire
600 648 733 754 petite.
791 641 944 728 Eodem
975 665 1105 726 autem
1131 639 1271 726 sertum
1297 648 1527 754 imponente
1546 646 1587 725 Β.
1607 646 1697 757 Vig-

238 759 340 872 ginis
356 756 536 868 imagini,
581 761 622 839 dt
645 780 777 842 coram
805 762 976 871 imagine
1010 779 1150 842 orante
1184 750 1345 870 angelus
1375 754 1515 841 sertum
1553 751 1696 858 retulit,

238 869 349 956 unde
364 864 521 955 allatum
535 868 672 984 fuerat.
731 873 875 958 Custos
889 896 1018 956 autem
1032 876 1180 958 interea
1198 867 1277 957 alid
1291 866 1696 956 abscesserat.&c.&c.

238 991 336 1087 Haec
360 986 523 1099 quidem
563 988 745 1073 videntur
773 982 972 1085 difficilia,
1004 985 1080 1073 ..sed
1117 992 1205 1102 quis
1244 987 1361 1074 nescit
1386 983 1488 1072 lusus
1517 1015 1698 1073 amorum

239 1104 369 1187 uarios
392 1101 533 1213 Sponsa
557 1102 690 1201 divini,
714 1107 753 1187 dc
773 1103 839 1187 88.
863 1097 1110 1217 Angelorum
1128 1103 1334 1188 custodum
1356 1129 1448 1216 erga
1472 1106 1619 1187 animas
1639 1108 1700 1188 in·

240 1221 466 1302 nocentes?
523 1220 662 1333 Itaque
691 1220 830 1316 iniis,
859 1245 949 1331 quae
984 1216 1150 1303 dubium
1191 1217 1245 1301 est
1279 1220 1426 1303 fiantne
1465 1223 1701 1332 operatione

58 1427 61 1430 Α
240 1330 385 1430 divina,
417 1357 467 1416 an
485 1336 582 1418 vero
607 1337 841 1446 operatione
870 1335 1097 1433 doemonis,
1125 1332 1229 1417 redii
1255 1360 1304 1418 ex
1325 1329 1521 1419 fatuitate
1544 1337 1632 1420 vitae
1658 1361 1701 1420 a·

240 1441 378 1534 liunde
409 1472 512 1533 certa
543 1450 584 1533 in
618 1443 823 1534 meliorem
862 1471 1012 1561 partem
1047 1446 1205 1533 sumitur
1242 1446 1523 1562 praesumptio,
1557 1475 1623 1534 aut
1655 1477 1701 1534 u·

242 1560 366 1696 bide
400 1558 597 1652 funditate
625 1558 799 1680 personae
819 1557 984 1680 liquidis
1016 1590 1102 1650 non
1129 1565 1301 1665 constat,
1329 1562 1567 1680 suspenditur
1601 1565 1725 1676 judi·¹

241 1702 359 1767 uum.

63 1846 66 1851 ⁵
170 1872 173 1877 ’
223 1874 250 2007 s
391 1929 435 2027 5.
480 1893 541 2006 In
576 1895 695 2002 Vita
728 1892 789 2013 Β.
824 1888 1172 2001 Gerardeschae
1208 1891 1393 1999 Pisana
1428 1917 1479 2005 ad
1510 1949 1577 2020 ι’.
1605 1925 1703 2041 May

43 2107 47 2114 .
84 2084 90 2099 ι
243 2031 427 2152 leguntur
453 2038 506 2125 Cs
525 2066 566 2139 4.
599 2040 659 2124 hae
694 2036 884 2122 vifiones:
932 2037 1074 2123 Sandis
1100 2038 1219 2135 dixit,
1244 2036 1369 2150 quod
1403 2036 1498 2122 dum
1530 2039 1706 2152 quadam

154 2212 160 2223 ,
245 2151 340 2252 dle,
364 2175 408 2237 ut
428 2176 510 2238 erat
537 2148 719 2250 solitum,
747 2157 874 2237 anima
895 2153 976 2258 ejus
1012 2175 1231 2265 portaretur
1260 2157 1301 2237 in
1326 2152 1499 2251 eoelum,
1524 2154 1623 2239 vidit
1649 2157 1706 2241 ibi

244 2267 445 2383 planitiem
481 2269 707 2382 ingentem,
747 2295 836 2382 quae
872 2290 1036 2352 vocatur
1072 2269 1296 2359 Comitatus
1332 2265 1539 2371 Jerusalem
1572 2266 1707 2357 sande

246 2383 442 2470 Civitatis.
467 2430 486 2451 ·
542 2384 601 2467 Ibi
620 2409 709 2468 cum
727 2387 770 2466 B.
793 2385 917 2468 Maria
939 2407 1075 2499 preces
1105 2378 1273 2468 effundit
1298 2411 1372 2495 pro
1390 2378 1587 2498 aliquibus
1608 2384 1707 2489 filio,

122 2509 127 2520 “
209 2558 215 2579 ,
244 2499 288 2587 8.
311 2502 486 2606 ioannes
510 2493 567 2585 illi
592 2492 768 2597 sublevat
790 2525 982 2583 coronam
1005 2496 1057 2581 de
1079 2501 1219 2612 capite,
1239 2524 1359 2612 quam
1378 2497 1504 2614 angeli
1527 2527 1709 2587 reveren·

246 2637 308 2701 ter
327 2610 529 2727 suscipiunt
554 2621 596 2700 de
616 2609 864 2725 conservante
913 2617 953 2697 dr
979 2607 1087 2698 illico
1110 2615 1285 2700 Christus
1306 2609 1460 2730 assurgit
1476 2620 1524 2703 ei.
1549 2668 1567 2685 ·
1621 2618 1709 2704 Ne·

249 2726 447 2817 cessarium
476 2731 530 2816 est
550 2734 667 2846 igitur
696 2755 878 2846 quasque
906 2732 1138 2842 petitiones,
1167 2730 1262 2815 Deo
1297 2734 1399 2816 Patri
1433 2726 1610 2831 oblatas,
1638 2758 1709 2847 per

247 2846 413 2933 Mariam
444 2844 628 2934 obtineri.
651 2893 672 2913 ·
737 2848 782 2929 In
812 2847 1033 2928 Dominicis
1061 2842 1200 2928 diebus
1233 2848 1279 2929 B.
1303 2849 1461 2950 Joanne
1484 2843 1604 2933 Missae
1623 2877 1711 2963 my·

174 2976 177 3007 ,-
249 2958 360 3048 steria
389 2953 632 3061 celebrante,
654 2958 838 3046 omnibus
860 2960 1008 3044 Sandis
1035 2954 1200 3045 Clericis
1220 2961 1261 3044 in
1286 2971 1543 3076 unoquoque
1568 2964 1711 3049 ordine

248 3075 485 3163 adstmubus
513 3073 661 3162 Officiis
683 3071 803 3172 Miffae
822 3079 867 3159 B.
890 3076 1015 3160 Maria
1039 3078 1164 3189 Virgo
1188 3075 1457 3162 Eucharistiam
1475 3106 1550 3191 pro
1570 3105 1710 3192 pecca·

250 3191 405 3280 toribus
426 3192 609 3278 omnibus
626 3188 772 3306 septem
792 3189 941 3275 vicibus
967 3185 1093 3290 sumit,
1119 3197 1159 3275 δι
1175 3195 1276 3277 mito
1298 3191 1440 3288 modo,
1458 3220 1547 3278 cum
1565 3191 1710 3282 Domi·

251 3332 326 3400 nus
346 3304 542 3422 voblftum
569 3307 733 3405 dicitur,
757 3304 807 3390 ab
837 3303 1020 3396 omnibus
1049 3301 1317 3418 respondetur.
1400 3303 1629 3422 Nullusque
1653 3311 1711 3397 ibi

251 3423 373 3510 audet
395 3450 535 3510 canere
559 3419 734 3520 Missam,
758 3419 830 3507 nist
853 3426 899 3537 Β.
917 3426 1120 3526 Joannes,
1151 3447 1225 3506 nec
1255 3417 1395 3534 aliquis
1420 3429 1711 3512 communicate

253 3539 311 3624 est
337 3532 467 3636 ausus,
494 3535 564 3623 nist
585 3542 630 3624 Β.
652 3541 798 3653 Virgo,
832 3536 947 3651 duod
968 3539 1105 3650 utique
1127 3558 1275 3622 tanturn
1296 3533 1340 3620 fit
1362 3540 1402 3621 in
1428 3533 1529 3623 fello
1556 3535 1713 3628 Natalis

252 3652 436 3752 Domini,
458 3657 499 3737 in
519 3654 747 3767 Epiphania,
770 3657 812 3738 in
838 3649 1130 3738 Resurreiiione
1155 3655 1195 3736 de
1209 3644 1480 3755 ascensione,
1500 3657 1541 3738 in
1563 3658 1712 3744 Pente·

119 3770 131 3785 '
187 3830 190 3843 .
253 3767 375 3877 colle,
395 3771 438 3852 in
462 3772 784 3869 annuntiatione,
805 3771 844 3852 dr
868 3765 1139 3878 assumptione
1165 3772 1210 3851 Β.
1232 3767 1375 3854 Maria.
1404 3815 1423 3836 ·
1481 3769 1624 3855 ltemm
1650 3772 1711 3858 di·

252 3866 332 3991 aab:
360 3882 467 3970 Cum
484 3878 600 3971 essem
621 3885 663 3971 in
683 3878 854 3979 Ecclesia¹
868 3887 910 3970 Β.
928 3883 1129 3994 Stephani,
1149 3881 1282 3966 audivi
1305 3884 1451 3968 choros
1468 3879 1711 3996 psallentium

252 4001 297 4085 in
323 3993 455 4091 coelos
494 4004 535 4084 dt
563 4002 665 4086 Ecce
691 3994 819 4115 angeli
850 3993 1109 4083 ascendebant
1138 4003 1179 4080 dr
1217 3991 1523 4088 descendebaots
1568 4005 1609 4084 dr
1637 4006 1710 4088 mi·

230 4106 413 4206 'scebant
430 4114 485 4206 de
504 4114 623 4207 nobis
641 4142 774 4204 coram
793 4107 987 4203 Altiiiimo
1008 4109 1117 4199 bona
1139 4117 1180 4198 δι’
1205 4106 1317 4202 mala.
1386 4113 1562 4203 Christus
1580 4139 1708 4228 gratu-

1543 4224 1706 4342 labatur,
