<?xml version="1.0" encoding="UTF-8"?>
<!DOCTYPE html PUBLIC "-//W3C//DTD XHTML 1.0 Transitional//EN"
    "http://www.w3.org/TR/xhtml1/DTD/xhtml1-transitional.dtd">
<html xmlns="http://www.w3.org/1999/xhtml" xml:lang="en" lang="en">
 <head>
  <title>
</title>
<meta http-equiv="Content-Type" content="text/html;charset=utf-8" />
  <meta name='ocr-system' content='tesseract 3.04.00' />
  <meta name='ocr-capabilities' content='ocr_page ocr_carea ocr_par ocr_line ocrx_word'/>
</head>
<body>
  <div class='ocr_page' id='page_1' title='image "./derevelationibu00amorgoog_0655.png"; bbox 0 0 3796 4994; ppageno 0'>
   <div class='ocr_carea' id='block_1_1' title="bbox 650 262 1744 466">
    <p class='ocr_par' dir='ltr' id='par_1_1' title="bbox 650 262 1744 466">
     <span class='ocr_line' id='line_1_1' title="bbox 650 262 1744 466; baseline 0.014 -38"><span class='ocrx_word' id='word_1_1' title='bbox 650 329 850 428; x_wconf 82' lang='lat' dir='ltr'>Revelat.</span> <span class='ocrx_word' id='word_1_2' title='bbox 864 328 916 427; x_wconf 84' lang='lat' dir='ltr'>de</span> <span class='ocrx_word' id='word_1_3' title='bbox 931 325 1118 464; x_wconf 85' lang='lat' dir='ltr'>Agreda.</span> <span class='ocrx_word' id='word_1_4' title='bbox 1137 335 1249 445; x_wconf 76' lang='lat' dir='ltr'>Pars</span> <span class='ocrx_word' id='word_1_5' title='bbox 1263 337 1322 434; x_wconf 88' lang='lat' dir='ltr'>II.</span> <span class='ocrx_word' id='word_1_6' title='bbox 1394 262 1397 268; x_wconf 19' lang='grc' dir='ltr'>Ι</span> <span class='ocrx_word' id='word_1_7' title='bbox 1480 429 1489 455; x_wconf 87' lang='grc'><strong><em>,</em></strong></span> <span class='ocrx_word' id='word_1_8' title='bbox 1588 282 1744 466; x_wconf 59' lang='grc' dir='ltr'>391Ιὶ</span> 
     </span>
    </p>
   </div>
   <div class='ocr_carea' id='block_1_2' title="bbox 357 530 1886 655">
    <p class='ocr_par' dir='ltr' id='par_1_2' title="bbox 357 530 1886 655">
     <span class='ocr_line' id='line_1_2' title="bbox 357 530 1886 655; baseline -0.005 -31"><span class='ocrx_word' id='word_1_9' title='bbox 357 565 452 636; x_wconf 78' lang='grc' dir='ltr'><strong><em>79ι.</em></strong></span> <span class='ocrx_word' id='word_1_10' title='bbox 482 533 690 635; x_wconf 77' lang='lat' dir='ltr'>Plenitudo</span> <span class='ocrx_word' id='word_1_11' title='bbox 710 539 790 641; x_wconf 87' lang='lat' dir='ltr'>ejus</span> <span class='ocrx_word' id='word_1_12' title='bbox 818 562 984 649; x_wconf 90' lang='lat' dir='ltr'>operum</span> <span class='ocrx_word' id='word_1_13' title='bbox 1006 534 1272 625; x_wconf 81' lang='lat' dir='ltr'>concordabat</span> <span class='ocrx_word' id='word_1_14' title='bbox 1294 561 1381 621; x_wconf 88' lang='lat' dir='ltr'>cum</span> <span class='ocrx_word' id='word_1_15' title='bbox 1402 530 1585 622; x_wconf 76' lang='lat' dir='ltr'>immensa</span> <span class='ocrx_word' id='word_1_16' title='bbox 1607 546 1690 646; x_wconf 78' lang='lat' dir='ltr'>ejus</span> <span class='ocrx_word' id='word_1_17' title='bbox 1755 592 1759 599; x_wconf 88' lang='lat'><em>-</em></span> <span class='ocrx_word' id='word_1_18' title='bbox 1807 635 1810 638; x_wconf 9' lang='grc' dir='ltr'><em>Α</em></span> <span class='ocrx_word' id='word_1_19' title='bbox 1883 646 1886 655; x_wconf 25' lang='lat'>¹</span> 
     </span>
    </p>
   </div>
   <div class='ocr_carea' id='block_1_3' title="bbox 236 640 1688 850">
    <p class='ocr_par' dir='ltr' id='par_1_3' title="bbox 236 640 1688 850">
     <span class='ocr_line' id='line_1_3' title="bbox 236 640 1688 767; baseline 0.002 -31"><span class='ocrx_word' id='word_1_20' title='bbox 236 643 416 762; x_wconf 82' lang='lat' dir='ltr'>sapientia</span> <span class='ocrx_word' id='word_1_21' title='bbox 441 657 480 734; x_wconf 82' lang='lat' dir='ltr'>be</span> <span class='ocrx_word' id='word_1_22' title='bbox 506 640 683 738; x_wconf 72' lang='lat' dir='ltr'>scientias¹</span> <span class='ocrx_word' id='word_1_23' title='bbox 725 657 762 733; x_wconf 84' lang='lat' dir='ltr'>dr</span> <span class='ocrx_word' id='word_1_24' title='bbox 783 651 864 734; x_wconf 83' lang='lat' dir='ltr'>haec</span> <span class='ocrx_word' id='word_1_25' title='bbox 883 674 963 736; x_wconf 89' lang='lat' dir='ltr'>erat</span> <span class='ocrx_word' id='word_1_26' title='bbox 983 646 1134 763; x_wconf 88' lang='lat' dir='ltr'>provisa</span> <span class='ocrx_word' id='word_1_27' title='bbox 1157 651 1208 736; x_wconf 88' lang='lat' dir='ltr'>de</span> <span class='ocrx_word' id='word_1_28' title='bbox 1236 676 1314 737; x_wconf 90' lang='lat' dir='ltr'>tam</span> <span class='ocrx_word' id='word_1_29' title='bbox 1339 646 1448 736; x_wconf 88' lang='lat' dir='ltr'>claris</span> <span class='ocrx_word' id='word_1_30' title='bbox 1472 654 1688 767; x_wconf 72' lang='lat' dir='ltr'>speciebuS,</span> 
     </span>
     <span class='ocr_line' id='line_1_4' title="bbox 237 763 858 850; baseline -0.002 -1"><span class='ocrx_word' id='word_1_31' title='bbox 237 789 281 849; x_wconf 89' lang='lat' dir='ltr'>ut</span> <span class='ocrx_word' id='word_1_32' title='bbox 300 771 383 850; x_wconf 89' lang='lat' dir='ltr'>norl</span> <span class='ocrx_word' id='word_1_33' title='bbox 404 763 750 849; x_wconf 86' lang='lat' dir='ltr'>confunderentur.</span> <span class='ocrx_word' id='word_1_34' title='bbox 856 827 858 836; x_wconf 84' lang='lat'>.</span> 
     </span>
    </p>
   </div>
   <div class='ocr_carea' id='block_1_4' title="bbox 229 894 1810 1455">
    <p class='ocr_par' dir='ltr' id='par_1_4' title="bbox 229 894 1810 1455">
     <span class='ocr_line' id='line_1_5' title="bbox 352 894 1810 1011; baseline 0.006 -32"><span class='ocrx_word' id='word_1_35' title='bbox 352 926 449 998; x_wconf 81' lang='lat'>795·</span> <span class='ocrx_word' id='word_1_36' title='bbox 479 896 545 992; x_wconf 77' lang='lat' dir='ltr'>Ab</span> <span class='ocrx_word' id='word_1_37' title='bbox 560 921 664 980; x_wconf 89' lang='lat' dir='ltr'>anno</span> <span class='ocrx_word' id='word_1_38' title='bbox 685 894 926 991; x_wconf 84' lang='lat' dir='ltr'>duodecimo</span> <span class='ocrx_word' id='word_1_39' title='bbox 945 921 1073 1011; x_wconf 86' lang='lat' dir='ltr'>usque</span> <span class='ocrx_word' id='word_1_40' title='bbox 1096 894 1147 979; x_wconf 86' lang='lat' dir='ltr'>ad</span> <span class='ocrx_word' id='word_1_41' title='bbox 1162 894 1415 1010; x_wconf 85' lang='lat' dir='ltr'>Trigefimum</span> <span class='ocrx_word' id='word_1_42' title='bbox 1437 898 1586 999; x_wconf 84' lang='lat' dir='ltr'>JESUS</span> <span class='ocrx_word' id='word_1_43' title='bbox 1602 927 1688 988; x_wconf 92' lang='lat' dir='ltr'>non</span> <span class='ocrx_word' id='word_1_44' title='bbox 1804 906 1810 921; x_wconf 54' lang='lat'><em>³</em></span> 
     </span>
     <span class='ocr_line' id='line_1_6' title="bbox 235 1005 1686 1125; baseline 0 -26"><span class='ocrx_word' id='word_1_45' title='bbox 235 1012 470 1124; x_wconf 80' lang='lat' dir='ltr'>operabatur</span> <span class='ocrx_word' id='word_1_46' title='bbox 490 1036 568 1095; x_wconf 90' lang='lat' dir='ltr'>tam</span> <span class='ocrx_word' id='word_1_47' title='bbox 587 1007 783 1093; x_wconf 88' lang='lat' dir='ltr'>manifesta</span> <span class='ocrx_word' id='word_1_48' title='bbox 805 1005 1000 1107; x_wconf 90' lang='lat' dir='ltr'>miracula,</span> <span class='ocrx_word' id='word_1_49' title='bbox 1031 1035 1073 1095; x_wconf 91' lang='lat' dir='ltr'>ur</span> <span class='ocrx_word' id='word_1_50' title='bbox 1096 1015 1200 1122; x_wconf 91' lang='lat' dir='ltr'>prius</span> <span class='ocrx_word' id='word_1_51' title='bbox 1221 1017 1262 1095; x_wconf 91' lang='lat' dir='ltr'>in</span> <span class='ocrx_word' id='word_1_52' title='bbox 1277 1016 1483 1125; x_wconf 71' lang='lat' dir='ltr'>AEgyprot</span> <span class='ocrx_word' id='word_1_53' title='bbox 1509 1007 1607 1096; x_wconf 91' lang='lat' dir='ltr'>clam</span> <span class='ocrx_word' id='word_1_54' title='bbox 1628 1039 1686 1099; x_wconf 88' lang='lat' dir='ltr'>ta·</span> 
     </span>
     <span class='ocr_line' id='line_1_7' title="bbox 233 1123 1706 1239; baseline 0.003 -27"><span class='ocrx_word' id='word_1_55' title='bbox 233 1152 324 1212; x_wconf 91' lang='lat' dir='ltr'>men</span> <span class='ocrx_word' id='word_1_56' title='bbox 351 1125 585 1239; x_wconf 85' lang='lat' dir='ltr'>operabatur</span> <span class='ocrx_word' id='word_1_57' title='bbox 619 1150 758 1238; x_wconf 87' lang='lat' dir='ltr'>magna</span> <span class='ocrx_word' id='word_1_58' title='bbox 792 1131 832 1210; x_wconf 91' lang='lat' dir='ltr'>in</span> <span class='ocrx_word' id='word_1_59' title='bbox 865 1123 1066 1211; x_wconf 82' lang='lat' dir='ltr'>animabus</span> <span class='ocrx_word' id='word_1_60' title='bbox 1100 1131 1139 1209; x_wconf 80' lang='lat' dir='ltr'>dt</span> <span class='ocrx_word' id='word_1_61' title='bbox 1173 1128 1417 1238; x_wconf 90' lang='lat' dir='ltr'>corporibus.</span> <span class='ocrx_word' id='word_1_62' title='bbox 1498 1125 1706 1216; x_wconf 75' lang='lat' dir='ltr'>Vifitabat</span> 
     </span>
     <span class='ocr_line' id='line_1_8' title="bbox 231 1235 1742 1353; baseline 0.003 -29"><span class='ocrx_word' id='word_1_63' title='bbox 231 1245 486 1353; x_wconf 88' lang='lat' dir='ltr'>pauperes&amp;</span> <span class='ocrx_word' id='word_1_64' title='bbox 519 1266 642 1353; x_wconf 85' lang='lat' dir='ltr'>aegros</span> <span class='ocrx_word' id='word_1_65' title='bbox 682 1289 701 1308; x_wconf 91' lang='lat'><strong>·</strong></span> <span class='ocrx_word' id='word_1_66' title='bbox 772 1252 867 1338; x_wconf 87' lang='grc'><strong><em>796.</em></strong></span> <span class='ocrx_word' id='word_1_67' title='bbox 899 1235 1109 1352; x_wconf 87' lang='lat' dir='ltr'>Reliquum</span> <span class='ocrx_word' id='word_1_68' title='bbox 1136 1264 1288 1352; x_wconf 92' lang='lat' dir='ltr'>tempus</span> <span class='ocrx_word' id='word_1_69' title='bbox 1314 1238 1572 1352; x_wconf 85' lang='lat' dir='ltr'>impendebat</span> <span class='ocrx_word' id='word_1_70' title='bbox 1596 1270 1686 1330; x_wconf 89' lang='lat' dir='ltr'>cum</span> <span class='ocrx_word' id='word_1_71' title='bbox 1738 1336 1742 1340; x_wconf 67' lang='grc'><strong>,</strong></span> 
     </span>
     <span class='ocr_line' id='line_1_9' title="bbox 229 1355 1528 1455; baseline -0.001 -14"><span class='ocrx_word' id='word_1_72' title='bbox 229 1358 297 1442; x_wconf 87' lang='lat' dir='ltr'>SS.</span> <span class='ocrx_word' id='word_1_73' title='bbox 318 1359 459 1455; x_wconf 88' lang='lat' dir='ltr'>Matre,</span> <span class='ocrx_word' id='word_1_74' title='bbox 486 1382 572 1438; x_wconf 86' lang='lat' dir='ltr'>eam</span> <span class='ocrx_word' id='word_1_75' title='bbox 601 1355 822 1438; x_wconf 87' lang='lat' dir='ltr'>exercendo</span> <span class='ocrx_word' id='word_1_76' title='bbox 840 1360 881 1439; x_wconf 89' lang='lat' dir='ltr'>in</span> <span class='ocrx_word' id='word_1_77' title='bbox 901 1357 1095 1452; x_wconf 86' lang='lat' dir='ltr'>oratione,</span> <span class='ocrx_word' id='word_1_78' title='bbox 1121 1358 1161 1437; x_wconf 80' lang='lat' dir='ltr'>dr</span> <span class='ocrx_word' id='word_1_79' title='bbox 1184 1381 1270 1440; x_wconf 87' lang='lat' dir='ltr'>earn</span> <span class='ocrx_word' id='word_1_80' title='bbox 1289 1355 1528 1440; x_wconf 86' lang='lat' dir='ltr'>instruendo.</span> 
     </span>
    </p>
   </div>
   <div class='ocr_carea' id='block_1_5' title="bbox 346 1478 1849 1607">
    <p class='ocr_par' dir='ltr' id='par_1_5' title="bbox 346 1478 1849 1607">
     <span class='ocr_line' id='line_1_10' title="bbox 346 1478 1849 1607; baseline 0.003 -37"><span class='ocrx_word' id='word_1_81' title='bbox 346 1512 445 1584; x_wconf 84' lang='lat'>797.</span> <span class='ocrx_word' id='word_1_82' title='bbox 487 1486 664 1598; x_wconf 82' lang='lat' dir='ltr'>Agnovit</span> <span class='ocrx_word' id='word_1_83' title='bbox 690 1508 860 1596; x_wconf 81' lang='lat' dir='ltr'>quatuor</span> <span class='ocrx_word' id='word_1_84' title='bbox 892 1478 1102 1595; x_wconf 87' lang='lat' dir='ltr'>Evangelia</span> <span class='ocrx_word' id='word_1_85' title='bbox 1131 1510 1376 1569; x_wconf 87' lang='lat' dir='ltr'>cumeorum</span> <span class='ocrx_word' id='word_1_86' title='bbox 1405 1486 1613 1596; x_wconf 80' lang='lat' dir='ltr'>mysteriisr</span> <span class='ocrx_word' id='word_1_87' title='bbox 1640 1483 1684 1574; x_wconf 80' lang='lat' dir='ltr'>dr</span> <span class='ocrx_word' id='word_1_88' title='bbox 1780 1508 1790 1531; x_wconf 78' lang='lat'><strong><em>¹</em></strong></span> <span class='ocrx_word' id='word_1_89' title='bbox 1845 1600 1849 1607; x_wconf 21' lang='grc' dir='ltr'>Ι</span> 
     </span>
    </p>
   </div>
   <div class='ocr_carea' id='block_1_6' title="bbox 177 1595 1819 2879">
    <p class='ocr_par' dir='ltr' id='par_1_6' title="bbox 177 1595 1815 2287">
     <span class='ocr_line' id='line_1_11' title="bbox 231 1595 1683 1714; baseline 0.003 -30"><span class='ocrx_word' id='word_1_90' title='bbox 231 1605 439 1714; x_wconf 88' lang='lat' dir='ltr'>cognovit,</span> <span class='ocrx_word' id='word_1_91' title='bbox 459 1601 573 1714; x_wconf 93' lang='lat' dir='ltr'>quod</span> <span class='ocrx_word' id='word_1_92' title='bbox 596 1596 659 1682; x_wconf 91' lang='lat' dir='ltr'>lua</span> <span class='ocrx_word' id='word_1_93' title='bbox 683 1595 835 1684; x_wconf 88' lang='lat' dir='ltr'>scientia</span> <span class='ocrx_word' id='word_1_94' title='bbox 856 1597 900 1683; x_wconf 83' lang='lat' dir='ltr'>stt</span> <span class='ocrx_word' id='word_1_95' title='bbox 923 1598 1031 1711; x_wconf 86' lang='lat' dir='ltr'>quast</span> <span class='ocrx_word' id='word_1_96' title='bbox 1052 1600 1184 1709; x_wconf 88' lang='lat' dir='ltr'>Copia</span> <span class='ocrx_word' id='word_1_97' title='bbox 1212 1595 1275 1683; x_wconf 90' lang='lat' dir='ltr'>seu</span> <span class='ocrx_word' id='word_1_98' title='bbox 1305 1602 1573 1712; x_wconf 83' lang='lat' dir='ltr'>apographum</span> <span class='ocrx_word' id='word_1_99' title='bbox 1599 1607 1683 1709; x_wconf 86' lang='lat' dir='ltr'>ejus</span> 
     </span>
     <span class='ocr_line' id='line_1_12' title="bbox 228 1710 1685 1827; baseline 0.002 -28"><span class='ocrx_word' id='word_1_100' title='bbox 228 1714 403 1809; x_wconf 74' lang='lat' dir='ltr'>scientie,</span> <span class='ocrx_word' id='word_1_101' title='bbox 435 1742 523 1827; x_wconf 88' lang='lat' dir='ltr'>quae</span> <span class='ocrx_word' id='word_1_102' title='bbox 541 1716 595 1798; x_wconf 88' lang='lat' dir='ltr'>est</span> <span class='ocrx_word' id='word_1_103' title='bbox 615 1718 655 1795; x_wconf 90' lang='lat' dir='ltr'>in</span> <span class='ocrx_word' id='word_1_104' title='bbox 682 1715 852 1813; x_wconf 88' lang='lat' dir='ltr'>Christo,</span> <span class='ocrx_word' id='word_1_105' title='bbox 882 1718 922 1795; x_wconf 81' lang='lat' dir='ltr'>dc</span> <span class='ocrx_word' id='word_1_106' title='bbox 950 1710 1063 1825; x_wconf 92' lang='lat' dir='ltr'>quod</span> <span class='ocrx_word' id='word_1_107' title='bbox 1083 1713 1164 1796; x_wconf 83' lang='lat' dir='ltr'>haec</span> <span class='ocrx_word' id='word_1_108' title='bbox 1187 1714 1313 1822; x_wconf 85' lang='lat' dir='ltr'>Copia</span> <span class='ocrx_word' id='word_1_109' title='bbox 1346 1715 1610 1823; x_wconf 86' lang='lat' dir='ltr'>deponeretur</span> <span class='ocrx_word' id='word_1_110' title='bbox 1637 1721 1685 1802; x_wconf 71' lang='lat' dir='ltr'>in‘</span> 
     </span>
     <span class='ocr_line' id='line_1_13' title="bbox 229 1823 1679 1939; baseline 0.001 -26"><span class='ocrx_word' id='word_1_111' title='bbox 229 1835 357 1913; x_wconf 88' lang='lat' dir='ltr'>anima</span> <span class='ocrx_word' id='word_1_112' title='bbox 379 1824 455 1926; x_wconf 91' lang='lat' dir='ltr'>sua,</span> <span class='ocrx_word' id='word_1_113' title='bbox 483 1829 577 1913; x_wconf 89' lang='lat' dir='ltr'>srcut</span> <span class='ocrx_word' id='word_1_114' title='bbox 607 1825 744 1910; x_wconf 86' lang='lat' dir='ltr'>tabulae</span> <span class='ocrx_word' id='word_1_115' title='bbox 767 1831 880 1939; x_wconf 84' lang='lat' dir='ltr'>Legis</span> <span class='ocrx_word' id='word_1_116' title='bbox 901 1833 940 1909; x_wconf 90' lang='lat' dir='ltr'>in</span> <span class='ocrx_word' id='word_1_117' title='bbox 959 1830 1061 1910; x_wconf 80' lang='lat' dir='ltr'>Arca</span> <span class='ocrx_word' id='word_1_118' title='bbox 1082 1823 1257 1924; x_wconf 87' lang='lat' dir='ltr'>foederis,</span> <span class='ocrx_word' id='word_1_119' title='bbox 1282 1851 1324 1912; x_wconf 91' lang='lat' dir='ltr'>ut</span> <span class='ocrx_word' id='word_1_120' title='bbox 1344 1823 1497 1911; x_wconf 86' lang='lat' dir='ltr'>serviret</span> <span class='ocrx_word' id='word_1_121' title='bbox 1515 1831 1616 1933; x_wconf 84' lang='lat' dir='ltr'>justis</span> <span class='ocrx_word' id='word_1_122' title='bbox 1636 1834 1679 1915; x_wconf 79' lang='lat' dir='ltr'>dt</span> 
     </span>
     <span class='ocr_line' id='line_1_14' title="bbox 227 1938 1682 2056; baseline -0.001 -26"><span class='ocrx_word' id='word_1_123' title='bbox 227 1941 361 2030; x_wconf 74' lang='lat' dir='ltr'>landis</span> <span class='ocrx_word' id='word_1_124' title='bbox 390 1971 464 2056; x_wconf 94' lang='lat' dir='ltr'>pro</span> <span class='ocrx_word' id='word_1_125' title='bbox 488 1970 583 2027; x_wconf 92' lang='lat' dir='ltr'>vero</span> <span class='ocrx_word' id='word_1_126' title='bbox 609 1938 796 2053; x_wconf 80' lang='lat' dir='ltr'>originali</span> <span class='ocrx_word' id='word_1_127' title='bbox 823 1946 938 2053; x_wconf 85' lang='lat' dir='ltr'>Legis</span> <span class='ocrx_word' id='word_1_128' title='bbox 962 1944 1116 2025; x_wconf 84' lang='lat' dir='ltr'>Gratiae.</span> <span class='ocrx_word' id='word_1_129' title='bbox 1187 1944 1294 2024; x_wconf 89' lang='lat' dir='ltr'>Nam</span> <span class='ocrx_word' id='word_1_130' title='bbox 1312 1966 1451 2025; x_wconf 89' lang='lat' dir='ltr'>onmes</span> <span class='ocrx_word' id='word_1_131' title='bbox 1480 1939 1584 2028; x_wconf 89' lang='lat' dir='ltr'>suarn</span> <span class='ocrx_word' id='word_1_132' title='bbox 1603 1948 1682 2029; x_wconf 86' lang='lat' dir='ltr'>vir·</span> 
     </span>
     <span class='ocr_line' id='line_1_15' title="bbox 226 2054 1815 2168; baseline -0.002 -23"><span class='ocrx_word' id='word_1_133' title='bbox 226 2083 350 2145; x_wconf 92' lang='lat' dir='ltr'>tutem</span> <span class='ocrx_word' id='word_1_134' title='bbox 374 2064 414 2142; x_wconf 84' lang='lat'>&amp;</span> <span class='ocrx_word' id='word_1_135' title='bbox 440 2054 674 2142; x_wconf 69' lang='lat' dir='ltr'>sanstitatem</span> <span class='ocrx_word' id='word_1_136' title='bbox 693 2054 863 2141; x_wconf 89' lang='lat' dir='ltr'>formare</span> <span class='ocrx_word' id='word_1_137' title='bbox 891 2054 1039 2143; x_wconf 88' lang='lat' dir='ltr'>debent</span> <span class='ocrx_word' id='word_1_138' title='bbox 1056 2060 1161 2164; x_wconf 87' lang='lat' dir='ltr'>juxta</span> <span class='ocrx_word' id='word_1_139' title='bbox 1189 2081 1307 2153; x_wconf 88' lang='lat' dir='ltr'>earn,</span> <span class='ocrx_word' id='word_1_140' title='bbox 1337 2083 1424 2168; x_wconf 83' lang='lat' dir='ltr'>quae</span> <span class='ocrx_word' id='word_1_141' title='bbox 1453 2058 1507 2141; x_wconf 86' lang='lat' dir='ltr'>est</span> <span class='ocrx_word' id='word_1_142' title='bbox 1531 2061 1573 2143; x_wconf 87' lang='lat' dir='ltr'>in</span> <span class='ocrx_word' id='word_1_143' title='bbox 1597 2057 1679 2144; x_wconf 81' lang='lat' dir='ltr'>Ar·</span> <span class='ocrx_word' id='word_1_144' title='bbox 1812 2158 1815 2162; x_wconf 11' lang='grc' dir='ltr'><strong>Α</strong></span> 
     </span>
     <span class='ocr_line' id='line_1_16' title="bbox 177 2175 1602 2287; baseline -0.008 -29"><span class='ocrx_word' id='word_1_145' title='bbox 177 2269 181 2275; x_wconf 90' lang='lat'><em>.</em></span> <span class='ocrx_word' id='word_1_146' title='bbox 226 2175 357 2258; x_wconf 88' lang='lat' dir='ltr'>chivio</span> <span class='ocrx_word' id='word_1_147' title='bbox 378 2179 420 2261; x_wconf 88' lang='grc' dir='ltr'>Β.</span> <span class='ocrx_word' id='word_1_148' title='bbox 447 2176 629 2287; x_wconf 89' lang='lat' dir='ltr'>Virginis.</span> <span class='ocrx_word' id='word_1_149' title='bbox 738 2205 743 2215; x_wconf 93' lang='lat'><strong>·</strong></span> <span class='ocrx_word' id='word_1_150' title='bbox 1056 2218 1059 2229; x_wconf 48' lang='grc' dir='ltr'><strong><em>ι</em></strong></span> <span class='ocrx_word' id='word_1_151' title='bbox 1256 2236 1267 2248; x_wconf 42' lang='lat' dir='ltr'><strong><em>s</em></strong></span> <span class='ocrx_word' id='word_1_152' title='bbox 1597 2230 1602 2236; x_wconf 86' lang='lat'>.</span> 
     </span>
    </p>

    <p class='ocr_par' dir='ltr' id='par_1_7' title="bbox 223 2295 1819 2651">
     <span class='ocr_line' id='line_1_17' title="bbox 342 2295 1819 2416; baseline -0.009 -10"><span class='ocrx_word' id='word_1_153' title='bbox 342 2323 437 2405; x_wconf 83' lang='lat'><strong>798·</strong></span> <span class='ocrx_word' id='word_1_154' title='bbox 479 2306 590 2415; x_wconf 91' lang='lat' dir='ltr'>Quid</span> <span class='ocrx_word' id='word_1_155' title='bbox 617 2326 779 2416; x_wconf 89' lang='lat' dir='ltr'>operata</span> <span class='ocrx_word' id='word_1_156' title='bbox 805 2300 850 2389; x_wconf 83' lang='lat' dir='ltr'>stt</span> <span class='ocrx_word' id='word_1_157' title='bbox 871 2301 1047 2386; x_wconf 65' lang='lat' dir='ltr'>doctrina</span> <span class='ocrx_word' id='word_1_158' title='bbox 1065 2295 1297 2415; x_wconf 87' lang='lat' dir='ltr'>Evangelica</span> <span class='ocrx_word' id='word_1_159' title='bbox 1317 2300 1357 2386; x_wconf 84' lang='lat' dir='ltr'>iri</span> <span class='ocrx_word' id='word_1_160' title='bbox 1380 2304 1562 2388; x_wconf 87' lang='lat' dir='ltr'>omnibus</span> <span class='ocrx_word' id='word_1_161' title='bbox 1578 2306 1676 2393; x_wconf 87' lang='lat' dir='ltr'>San·</span> <span class='ocrx_word' id='word_1_162' title='bbox 1816 2360 1819 2365; x_wconf 75' lang='lat'>,</span> 
     </span>
     <span class='ocr_line' id='line_1_18' title="bbox 224 2417 1676 2532; baseline 0 -26"><span class='ocrx_word' id='word_1_163' title='bbox 224 2423 307 2518; x_wconf 73' lang='lat' dir='ltr'>uis,</span> <span class='ocrx_word' id='word_1_164' title='bbox 330 2426 370 2504; x_wconf 77' lang='grc' dir='ltr'>δι</span> <span class='ocrx_word' id='word_1_165' title='bbox 391 2421 522 2507; x_wconf 88' lang='lat' dir='ltr'>adhuc</span> <span class='ocrx_word' id='word_1_166' title='bbox 543 2444 728 2532; x_wconf 90' lang='lat' dir='ltr'>operetur</span> <span class='ocrx_word' id='word_1_167' title='bbox 745 2443 870 2532; x_wconf 89' lang='lat' dir='ltr'>usque</span> <span class='ocrx_word' id='word_1_168' title='bbox 892 2417 942 2500; x_wconf 93' lang='lat' dir='ltr'>ad</span> <span class='ocrx_word' id='word_1_169' title='bbox 958 2419 1078 2500; x_wconf 90' lang='lat' dir='ltr'>finem</span> <span class='ocrx_word' id='word_1_170' title='bbox 1101 2419 1264 2517; x_wconf 90' lang='lat' dir='ltr'>mundi,</span> <span class='ocrx_word' id='word_1_171' title='bbox 1282 2445 1402 2504; x_wconf 89' lang='lat' dir='ltr'>nemo</span> <span class='ocrx_word' id='word_1_172' title='bbox 1418 2422 1547 2531; x_wconf 86' lang='lat' dir='ltr'>potest</span> <span class='ocrx_word' id='word_1_173' title='bbox 1564 2447 1676 2506; x_wconf 87' lang='lat' dir='ltr'>com·</span> 
     </span>
     <span class='ocr_line' id='line_1_19' title="bbox 223 2529 824 2651; baseline -0.012 -30"><span class='ocrx_word' id='word_1_174' title='bbox 223 2535 466 2651; x_wconf 87' lang='lat' dir='ltr'>prehendere</span> <span class='ocrx_word' id='word_1_175' title='bbox 483 2533 551 2619; x_wconf 81' lang='lat' dir='ltr'>nist</span> <span class='ocrx_word' id='word_1_176' title='bbox 573 2529 676 2617; x_wconf 89' lang='lat' dir='ltr'>solus</span> <span class='ocrx_word' id='word_1_177' title='bbox 701 2539 824 2615; x_wconf 88' lang='lat' dir='ltr'>Deus.</span> 
     </span>
    </p>

    <p class='ocr_par' dir='ltr' id='par_1_8' title="bbox 221 2654 1691 2879">
     <span class='ocr_line' id='line_1_20' title="bbox 340 2654 1673 2777; baseline 0.006 -30"><span class='ocrx_word' id='word_1_178' title='bbox 340 2692 434 2764; x_wconf 82' lang='lat'>799·</span> <span class='ocrx_word' id='word_1_179' title='bbox 463 2665 504 2747; x_wconf 85' lang='lat' dir='ltr'>si</span> <span class='ocrx_word' id='word_1_180' title='bbox 517 2668 603 2777; x_wconf 76' lang='lat' dir='ltr'>jam</span> <span class='ocrx_word' id='word_1_181' title='bbox 622 2654 772 2772; x_wconf 88' lang='lat' dir='ltr'>aliquid</span> <span class='ocrx_word' id='word_1_182' title='bbox 794 2654 1044 2772; x_wconf 90' lang='lat' dir='ltr'>loquendum</span> <span class='ocrx_word' id='word_1_183' title='bbox 1061 2658 1156 2745; x_wconf 89' lang='lat' dir='ltr'>mihi</span> <span class='ocrx_word' id='word_1_184' title='bbox 1175 2656 1280 2743; x_wconf 85' lang='lat' dir='ltr'>foret</span> <span class='ocrx_word' id='word_1_185' title='bbox 1298 2658 1350 2744; x_wconf 90' lang='lat' dir='ltr'>de</span> <span class='ocrx_word' id='word_1_186' title='bbox 1372 2661 1439 2761; x_wconf 88' lang='lat' dir='ltr'>iis,</span> <span class='ocrx_word' id='word_1_187' title='bbox 1465 2687 1555 2776; x_wconf 80' lang='lat' dir='ltr'>quae</span> <span class='ocrx_word' id='word_1_188' title='bbox 1573 2666 1673 2757; x_wconf 85' lang='lat' dir='ltr'>mihi</span> 
     </span>
     <span class='ocr_line' id='line_1_21' title="bbox 221 2769 1691 2879; baseline -0.012 -14"><span class='ocrx_word' id='word_1_189' title='bbox 221 2775 393 2866; x_wconf 89' lang='lat' dir='ltr'>revelata</span> <span class='ocrx_word' id='word_1_190' title='bbox 410 2773 507 2875; x_wconf 90' lang='lat' dir='ltr'>sunt,</span> <span class='ocrx_word' id='word_1_191' title='bbox 530 2803 614 2860; x_wconf 92' lang='lat' dir='ltr'>non</span> <span class='ocrx_word' id='word_1_192' title='bbox 637 2775 850 2859; x_wconf 86' lang='lat' dir='ltr'>invenirem</span> <span class='ocrx_word' id='word_1_193' title='bbox 873 2769 1093 2879; x_wconf 77' lang='lat' dir='ltr'>sufficientia</span> <span class='ocrx_word' id='word_1_194' title='bbox 1113 2775 1245 2859; x_wconf 91' lang='lat' dir='ltr'>verba.</span> <span class='ocrx_word' id='word_1_195' title='bbox 1318 2844 1333 2853; x_wconf 84' lang='grc'>,.</span> <span class='ocrx_word' id='word_1_196' title='bbox 1688 2801 1691 2805; x_wconf 62' lang='grc'>’</span> 
     </span>
    </p>
   </div>
   <div class='ocr_carea' id='block_1_7' title="bbox 220 2903 1673 3364">
    <p class='ocr_par' dir='ltr' id='par_1_9' title="bbox 220 2903 1673 3364">
     <span class='ocr_line' id='line_1_22' title="bbox 267 2903 1673 3019; baseline 0.003 -24"><span class='ocrx_word' id='word_1_197' title='bbox 267 2914 274 2924; x_wconf 89' lang='grc'><strong>’</strong></span> <span class='ocrx_word' id='word_1_198' title='bbox 338 2932 435 3007; x_wconf 73' lang='lat' dir='ltr'>tor.</span> <span class='ocrx_word' id='word_1_199' title='bbox 461 2910 569 2992; x_wconf 85' lang='lat' dir='ltr'>Beati</span> <span class='ocrx_word' id='word_1_200' title='bbox 593 2910 720 3008; x_wconf 91' lang='lat' dir='ltr'>mites,</span> <span class='ocrx_word' id='word_1_201' title='bbox 739 2907 926 3019; x_wconf 88' lang='lat' dir='ltr'>quoniam</span> <span class='ocrx_word' id='word_1_202' title='bbox 946 2903 1014 3019; x_wconf 88' lang='lat' dir='ltr'>ipfi</span> <span class='ocrx_word' id='word_1_203' title='bbox 1034 2903 1281 3018; x_wconf 78' lang='lat' dir='ltr'>possidebunt</span> <span class='ocrx_word' id='word_1_204' title='bbox 1306 2931 1460 2996; x_wconf 82' lang='lat' dir='ltr'>terram.</span> <span class='ocrx_word' id='word_1_205' title='bbox 1516 2914 1561 2996; x_wconf 83' lang='lat' dir='ltr'>B.</span> <span class='ocrx_word' id='word_1_206' title='bbox 1583 2916 1673 3000; x_wconf 88' lang='lat' dir='ltr'>Vir·</span> 
     </span>
     <span class='ocr_line' id='line_1_23' title="bbox 222 3019 1669 3140; baseline -0.001 -28"><span class='ocrx_word' id='word_1_207' title='bbox 222 3028 340 3140; x_wconf 83' lang='lat' dir='ltr'>goin</span> <span class='ocrx_word' id='word_1_208' title='bbox 369 3026 555 3136; x_wconf 89' lang='lat' dir='ltr'>potentiis</span> <span class='ocrx_word' id='word_1_209' title='bbox 586 3025 770 3119; x_wconf 88' lang='lat' dir='ltr'>internis,</span> <span class='ocrx_word' id='word_1_210' title='bbox 805 3046 855 3103; x_wconf 90' lang='lat' dir='ltr'>ne</span> <span class='ocrx_word' id='word_1_211' title='bbox 883 3019 933 3103; x_wconf 86' lang='lat' dir='ltr'>ab</span> <span class='ocrx_word' id='word_1_212' title='bbox 959 3023 1005 3107; x_wconf 84' lang='lat' dir='ltr'>r&#39;is</span> <span class='ocrx_word' id='word_1_213' title='bbox 1041 3020 1349 3132; x_wconf 89' lang='lat' dir='ltr'>perturbaretur,</span> <span class='ocrx_word' id='word_1_214' title='bbox 1388 3019 1462 3108; x_wconf 88' lang='lat' dir='ltr'>fuit</span> <span class='ocrx_word' id='word_1_215' title='bbox 1492 3019 1669 3133; x_wconf 85' lang='lat' dir='ltr'>liberior,</span> 
     </span>
     <span class='ocr_line' id='line_1_24' title="bbox 220 3134 1671 3257; baseline -0.001 -30"><span class='ocrx_word' id='word_1_216' title='bbox 220 3140 341 3257; x_wconf 72' lang='lat' dir='ltr'>quim</span> <span class='ocrx_word' id='word_1_217' title='bbox 371 3134 511 3252; x_wconf 87' lang='lat' dir='ltr'>angeli.</span> <span class='ocrx_word' id='word_1_218' title='bbox 584 3141 668 3221; x_wconf 89' lang='lat' dir='ltr'>Fuit</span> <span class='ocrx_word' id='word_1_219' title='bbox 694 3137 866 3235; x_wconf 87' lang='lat' dir='ltr'>Domina</span> <span class='ocrx_word' id='word_1_220' title='bbox 886 3162 969 3218; x_wconf 93' lang='lat' dir='ltr'>non</span> <span class='ocrx_word' id='word_1_221' title='bbox 1003 3135 1151 3221; x_wconf 79' lang='lat' dir='ltr'>tantum</span> <span class='ocrx_word' id='word_1_222' title='bbox 1178 3143 1437 3247; x_wconf 83' lang='lat' dir='ltr'>potentiarum</span> <span class='ocrx_word' id='word_1_223' title='bbox 1465 3143 1503 3221; x_wconf 79' lang='grc' dir='ltr'>δι</span> <span class='ocrx_word' id='word_1_224' title='bbox 1530 3168 1671 3252; x_wconf 88' lang='lat' dir='ltr'>opera-</span> 
     </span>
     <span class='ocr_line' id='line_1_25' title="bbox 220 3245 1668 3364; baseline -0.001 -22"><span class='ocrx_word' id='word_1_225' title='bbox 220 3267 372 3342; x_wconf 88' lang='lat' dir='ltr'>tionum</span> <span class='ocrx_word' id='word_1_226' title='bbox 396 3248 450 3337; x_wconf 86' lang='lat' dir='ltr'>sui</span> <span class='ocrx_word' id='word_1_227' title='bbox 469 3256 657 3364; x_wconf 86' lang='lat' dir='ltr'>corporis,</span> <span class='ocrx_word' id='word_1_228' title='bbox 675 3245 741 3334; x_wconf 89' lang='lat' dir='ltr'>sed</span> <span class='ocrx_word' id='word_1_229' title='bbox 762 3251 875 3334; x_wconf 86' lang='lat' dir='ltr'>eriam</span> <span class='ocrx_word' id='word_1_230' title='bbox 898 3245 1110 3335; x_wconf 72' lang='lat' dir='ltr'>alienorum</span> <span class='ocrx_word' id='word_1_231' title='bbox 1132 3253 1309 3335; x_wconf 90' lang='lat' dir='ltr'>cordium</span> <span class='ocrx_word' id='word_1_232' title='bbox 1327 3249 1497 3361; x_wconf 66' lang='lat' dir='ltr'>respestu</span> <span class='ocrx_word' id='word_1_233' title='bbox 1517 3278 1668 3356; x_wconf 88' lang='lat' dir='ltr'>eorum,</span> 
     </span>
    </p>
   </div>
   <div class='ocr_carea' id='block_1_8' title="bbox 185 3358 1813 3482">
    <p class='ocr_par' dir='ltr' id='par_1_10' title="bbox 185 3358 1813 3482">
     <span class='ocr_line' id='line_1_26' title="bbox 185 3358 1813 3482; baseline -0.009 -22"><span class='ocrx_word' id='word_1_234' title='bbox 185 3389 309 3458; x_wconf 79' lang='lat' dir='ltr'>&#39;cum</span> <span class='ocrx_word' id='word_1_235' title='bbox 330 3369 473 3481; x_wconf 89' lang='lat' dir='ltr'>quibus</span> <span class='ocrx_word' id='word_1_236' title='bbox 490 3358 798 3451; x_wconf 88' lang='lat' dir='ltr'>conversabatur.</span> <span class='ocrx_word' id='word_1_237' title='bbox 855 3366 917 3447; x_wconf 84' lang='lat' dir='ltr'>Sic</span> <span class='ocrx_word' id='word_1_238' title='bbox 944 3392 1038 3478; x_wconf 87' lang='lat' dir='ltr'>ergo</span> <span class='ocrx_word' id='word_1_239' title='bbox 1065 3360 1235 3479; x_wconf 81' lang='lat' dir='ltr'>possedit</span> <span class='ocrx_word' id='word_1_240' title='bbox 1260 3389 1412 3452; x_wconf 78' lang='lat' dir='ltr'>terram.</span> <span class='ocrx_word' id='word_1_241' title='bbox 1466 3366 1581 3455; x_wconf 78' lang='lat' dir='ltr'>Beati</span> <span class='ocrx_word' id='word_1_242' title='bbox 1603 3372 1688 3482; x_wconf 76' lang='lat' dir='ltr'>qul</span> <span class='ocrx_word' id='word_1_243' title='bbox 1806 3467 1813 3479; x_wconf 89' lang='lat'>.</span> 
     </span>
    </p>
   </div>
   <div class='ocr_carea' id='block_1_9' title="bbox 183 3473 1706 3821">
    <p class='ocr_par' dir='ltr' id='par_1_11' title="bbox 183 3473 1706 3821">
     <span class='ocr_line' id='line_1_27' title="bbox 183 3473 1706 3602; baseline -0.001 -31"><span class='ocrx_word' id='word_1_244' title='bbox 183 3552 189 3586; x_wconf 80' lang='lat'>,</span> <span class='ocrx_word' id='word_1_245' title='bbox 218 3484 360 3602; x_wconf 78' lang='lat' dir='ltr'>lugent.</span> <span class='ocrx_word' id='word_1_246' title='bbox 443 3486 554 3566; x_wconf 89' lang='lat' dir='ltr'>Panis</span> <span class='ocrx_word' id='word_1_247' title='bbox 580 3488 660 3589; x_wconf 87' lang='lat' dir='ltr'>ejus</span> <span class='ocrx_word' id='word_1_248' title='bbox 682 3479 747 3565; x_wconf 88' lang='lat' dir='ltr'>die</span> <span class='ocrx_word' id='word_1_249' title='bbox 772 3504 818 3562; x_wconf 88' lang='lat' dir='ltr'>ac</span> <span class='ocrx_word' id='word_1_250' title='bbox 838 3485 958 3565; x_wconf 73' lang='lat' dir='ltr'>node</span> <span class='ocrx_word' id='word_1_251' title='bbox 981 3505 1063 3566; x_wconf 85' lang='lat' dir='ltr'>erat</span> <span class='ocrx_word' id='word_1_252' title='bbox 1093 3481 1238 3565; x_wconf 87' lang='lat' dir='ltr'>deflere</span> <span class='ocrx_word' id='word_1_253' title='bbox 1259 3473 1572 3590; x_wconf 85' lang='lat' dir='ltr'>ingratitudinem</span> <span class='ocrx_word' id='word_1_254' title='bbox 1594 3486 1670 3570; x_wconf 92' lang='lat' dir='ltr'>ho·</span> <span class='ocrx_word' id='word_1_255' title='bbox 1703 3501 1706 3505; x_wconf 79' lang='grc'><strong>’</strong></span> 
     </span>
     <span class='ocr_line' id='line_1_28' title="bbox 221 3591 1667 3710; baseline -0.001 -26"><span class='ocrx_word' id='word_1_256' title='bbox 221 3607 379 3685; x_wconf 86' lang='lat' dir='ltr'>minum.</span> <span class='ocrx_word' id='word_1_257' title='bbox 460 3591 582 3680; x_wconf 89' lang='lat' dir='ltr'>Nulla</span> <span class='ocrx_word' id='word_1_258' title='bbox 598 3622 694 3707; x_wconf 89' lang='lat' dir='ltr'>pura</span> <span class='ocrx_word' id='word_1_259' title='bbox 714 3617 899 3690; x_wconf 83' lang='lat' dir='ltr'>creatura,</span> <span class='ocrx_word' id='word_1_260' title='bbox 926 3599 1050 3679; x_wconf 90' lang='lat' dir='ltr'>immo</span> <span class='ocrx_word' id='word_1_261' title='bbox 1082 3622 1221 3677; x_wconf 87' lang='lat' dir='ltr'>omnes</span> <span class='ocrx_word' id='word_1_262' title='bbox 1242 3591 1350 3679; x_wconf 84' lang='lat' dir='ltr'>fimul</span> <span class='ocrx_word' id='word_1_263' title='bbox 1375 3592 1551 3710; x_wconf 83' lang='lat' dir='ltr'>sumptae,</span> <span class='ocrx_word' id='word_1_264' title='bbox 1582 3627 1667 3688; x_wconf 91' lang='lat' dir='ltr'>non</span> 
     </span>
     <span class='ocr_line' id='line_1_29' title="bbox 216 3704 1318 3821; baseline -0.007 -21"><span class='ocrx_word' id='word_1_265' title='bbox 216 3730 367 3800; x_wconf 90' lang='lat' dir='ltr'>tantum</span> <span class='ocrx_word' id='word_1_266' title='bbox 391 3707 655 3795; x_wconf 84' lang='lat' dir='ltr'>lachrimarum</span> <span class='ocrx_word' id='word_1_267' title='bbox 679 3704 951 3821; x_wconf 88' lang='lat' dir='ltr'>profuderunt,</span> <span class='ocrx_word' id='word_1_268' title='bbox 972 3705 1091 3820; x_wconf 75' lang='lat' dir='ltr'>quam</span> <span class='ocrx_word' id='word_1_269' title='bbox 1116 3712 1157 3793; x_wconf 85' lang='lat' dir='ltr'>B.</span> <span class='ocrx_word' id='word_1_270' title='bbox 1182 3714 1318 3820; x_wconf 84' lang='lat' dir='ltr'>Virgo.</span> 
     </span>
    </p>
   </div>
   <div class='ocr_carea' id='block_1_10' title="bbox 212 3810 1685 4092">
    <p class='ocr_par' dir='ltr' id='par_1_12' title="bbox 212 3810 1685 4092">
     <span class='ocr_line' id='line_1_30' title="bbox 338 3810 1685 3964; baseline 0.006 -28"><span class='ocrx_word' id='word_1_271' title='bbox 338 3880 434 3953; x_wconf 80' lang='lat'><strong>802·</strong></span> <span class='ocrx_word' id='word_1_272' title='bbox 479 3852 595 3938; x_wconf 79' lang='lat' dir='ltr'>Beati</span> <span class='ocrx_word' id='word_1_273' title='bbox 630 3843 897 3964; x_wconf 78' lang='lat' dir='ltr'>misericorder.</span> <span class='ocrx_word' id='word_1_274' title='bbox 967 3855 1012 3939; x_wconf 91' lang='lat' dir='ltr'>ln</span> <span class='ocrx_word' id='word_1_275' title='bbox 1042 3846 1302 3940; x_wconf 86' lang='lat' dir='ltr'>misericordia</span> <span class='ocrx_word' id='word_1_276' title='bbox 1327 3846 1543 3942; x_wconf 78' lang='lat' dir='ltr'>affimlanu</span> <span class='ocrx_word' id='word_1_277' title='bbox 1570 3810 1685 3944; x_wconf 78' lang='lat' dir='ltr'>Deo</span> 
     </span>
     <span class='ocr_line' id='line_1_31' title="bbox 212 3966 1245 4092; baseline -0.004 -30"><span class='ocrx_word' id='word_1_278' title='bbox 212 3966 494 4092; x_wconf 72' lang='lat' dir='ltr'>perfectissime,</span> <span class='ocrx_word' id='word_1_279' title='bbox 512 3993 558 4054; x_wconf 86' lang='lat' dir='ltr'>ac</span> <span class='ocrx_word' id='word_1_280' title='bbox 577 3994 648 4082; x_wconf 80' lang='lat' dir='ltr'>ptr</span> <span class='ocrx_word' id='word_1_281' title='bbox 669 3967 736 4055; x_wconf 77' lang='lat' dir='ltr'>est.</span> <span class='ocrx_word' id='word_1_282' title='bbox 1242 4030 1245 4037; x_wconf 87' lang='lat'>-</span> 
     </span>
    </p>
   </div>
   <div class='ocr_carea' id='block_1_11' title="bbox 1417 4181 1667 4314">
    <p class='ocr_par' dir='ltr' id='par_1_13' title="bbox 1417 4181 1667 4314">
     <span class='ocr_line' id='line_1_32' title="bbox 1417 4181 1667 4314; baseline 0.016 -23"><span class='ocrx_word' id='word_1_283' title='bbox 1417 4181 1421 4188; x_wconf 40' lang='lat'>¹</span> <span class='ocrx_word' id='word_1_284' title='bbox 1563 4223 1667 4314; x_wconf 71' lang='lat' dir='ltr'>tort</span> 
     </span>
    </p>
   </div>
   <div class='ocr_carea' id='block_1_12' title="bbox 0 0 1902 4994">
    <p class='ocr_par' dir='ltr' id='par_1_14' title="bbox 0 0 1902 4994">
     <span class='ocr_line' id='line_1_33' title="bbox 0 0 1902 4994; baseline 0 11"><span class='ocrx_word' id='word_1_285' title='bbox 0 0 1902 4994; x_wconf 95' lang='lat' dir='ltr'> </span> 
     </span>
    </p>
   </div>
  </div>
 </body>
</html>
