3796 4994
549 270 653 399 Rag.
680 255 831 364 Prafl.
855 292 913 361 ex
929 264 973 362 S.
989 263 1132 402 joan.
1155 258 1208 360 de
1225 249 1370 362 Cruee.
1571 302 1669 396 2¹3

215 470 391 593 pellem?
431 466 605 559 fimiliter
647 471 778 584 potest
806 469 1016 583 praedicere
1046 495 1178 555 motus
1200 494 1334 571 rerrae,
1361 498 1450 557 cum
1471 477 1547 579 jam
1570 481 1675 588 prius

216 591 504 694 obstrvaverit,
529 590 709 671 cavitates
741 611 847 673 terrae
869 611 1024 698 turgere
1049 594 1150 669 aere.
1208 586 1362 670 Eodem
1388 590 1515 672 modo
1542 601 1675 702 ptaevi·

215 710 294 791 deri
317 701 479 819 poliunt
502 701 622 816 aliqui
642 699 761 785 futuri
785 728 959 798 eventus,
986 700 1254 809 dependentes
1280 700 1303 786 i
1316 704 1565 811 providentia
1583 714 1675 796 Dei.

214 816 383 935 Agnosei
410 824 517 902 enim
534 817 674 931 potest,
691 811 808 899 talem
830 846 864 899 v.
887 845 926 927 g.
955 810 1181 928 personam,
1210 838 1277 898 aut
1303 818 1497 902 civitatem
1514 825 1554 903 in
1581 850 1673 909 eum

216 932 413 1023 devenisse
437 936 598 1029 statum,
630 956 671 1015 ut
692 932 825 1015 divina
853 933 991 1036 justitia
1010 958 1084 1040 pro
1115 935 1255 1013 merito
1277 957 1438 1039 poenam
1456 936 1676 1025 retribuere

216 1053 374 1154 debeat,
405 1073 471 1134 aut
494 1050 727 1163 proemium.
782 1052 894 1129 Tunc
920 1072 1016 1158 ergo
1038 1045 1191 1157 ptaedici
1212 1049 1372 1154 poterit,
1390 1045 1471 1129 hoc
1490 1046 1552 1133 vel
1573 1049 1675 1141 illud

217 1193 463 1253 eventurum.
520 1166 586 1248 Sic
616 1163 768 1267 Achior
797 1156 1008 1245 Holoferni
1044 1159 1159 1243 dixit:
1204 1159 1510 1276 Qotiescunque
1530 1176 1675 1279 prater
1750 1224 1754 1231 ·

218 1283 350 1373 Deum
371 1278 487 1392 suurn
517 1275 672 1365 alienam
707 1272 919 1385 coluerunt,
948 1271 1032 1362 dati
1050 1272 1144 1386 funi
1174 1276 1215 1360 in
1233 1269 1424 1384 predam,
1451 1272 1510 1373 ἐς
1536 1285 1576 1368 in
1592 1281 1677 1401 gia,

220 1395 335 1497 liunt,
355 1393 416 1493 δ’
439 1399 481 1481 itt
507 1391 757 1505 opprobrium.
816 1392 997 1475 Doemon
1019 1417 1130 1502 ergo,
1148 1392 1219 1503 qui
1240 1394 1339 1474 circa
1369 1392 1533 1478 modum
1557 1424 1677 1513 agen.

177 1522 181 1553 '
222 1514 259 1599 di
278 1514 456 1598 divinam
478 1534 658 1620 magnam
678 1507 800 1590 habet
822 1510 1111 1618 experientiam,
1140 1502 1449 1612 conjeoiuraliter
1470 1509 1590 1597 multa
1615 1541 1676 1601 ta.
1796 1556 1799 1563 -

223 1620 270 1715 lia
292 1628 424 1741 potest
444 1628 664 1738 pradicere.
722 1623 784 1704 Sic
815 1626 855 1703 u
882 1621 1031 1705 Tobios
1062 1619 1371 1705 exabundantia
1398 1624 1610 1737 iniquitatis
1631 1637 1674 1718 iu

225 1724 407 1831 Ninivitis
427 1735 616 1826 conclusit
638 1738 848 1823 vindictam
864 1739 1046 1820 Numinis
1065 1739 1230 1820 vicinam
1254 1733 1341 1835 elle,
1356 1736 1405 1821 ad
1429 1737 1550 1825 filium
1570 1751 1677 1833 enim

229 1848 330 1944 luum
353 1858 476 1942 dixit:
513 1863 763 1965 Quacumque
793 1851 858 1934 die
881 1846 1101 1962 sepelieritis
1125 1877 1287 1936 matrem
1308 1852 1467 1935 vestram
1493 1862 1591 1943 circa
1611 1890 1677 1951 me

200 2040 206 2049 .
233 1980 370 2059 inuno
397 1965 614 2081 sepulchro,
645 1997 694 2051 ex
719 1966 815 2051 urbe
837 1969 909 2050 hac
929 1970 1095 2064 exeatis3
1136 1962 1256 2053 video
1277 1969 1395 2064 enim,
1424 1971 1511 2078 quia
1538 1977 1680 2088 iniqui-

219 2094 400 2203 lustjus
426 2084 541 2193 finem
578 2078 698 2170 dabit.
762 2076 945 2166 Similiter
979 2083 1106 2194 potest
1137 2080 1303 2166 doemon
1326 2082 1579 2195 cognoscere,
1605 2097 1681 2179 Pe.

238 2226 328 2289 trum
355 2231 395 2287 v.
417 2229 456 2315 g.
488 2194 648 2284 naturali
673 2198 800 2301 modo
830 2225 916 2303 non·
941 2191 1051 2308 posse
1077 2190 1251 2308 pluribus
1285 2202 1392 2282 annis
1421 2205 1564 2289 vivete.
1617 2212 1683 2294 ln·

240 2344 388 2403 numera
411 2344 508 2429 ergo
534 2306 624 2397 talia
641 2319 787 2426 poterit
805 2312 1033 2428 praedicere,
1061 2313 1083 2394 a
1110 2312 1253 2426 quibus
1283 2313 1467 2399 omnibus
1494 2306 1682 2412 animast

188 2446 194 2457 '
240 2437 336 2519 aliter
354 2461 438 2517 non
462 2429 659 2542 expediet,
689 2426 809 2542 quim
844 2428 1004 2511 vitando
1031 2454 1076 2511 ac
1103 2425 1292 2541 fugiendo
1318 2455 1457 2514 omnes
1475 2433 1683 2525 revelatio·

243 2574 301 2634 uts
322 2554 363 2633 dt
381 2549 566 2632 visiones.
623 2544 734 2628 Deus
757 2548 872 2655 proin
897 2545 1038 2628 merito
1061 2539 1134 2626 illis
1157 2540 1346 2642 irascitur,
1368 2550 1437 2658 qui
1455 2574 1520 2633 eas
1542 2555 1686 2643 admit.
1738 2562 1742 2569 '

245 2686 331 2765 unt,
357 2662 480 2769 sciens
506 2662 730 2767 temeritatis
753 2655 842 2757 effe,
869 2654 907 2742 se
932 2659 1123 2766 ejusmodi
1148 2654 1325 2771 periculis
1352 2688 1561 2773 exponere.
1618 2672 1685 2759 Ac

176 2880 178 2885 ¹
247 2784 341 2865 ἀπὸ
358 2772 456 2867 illud
478 2778 533 2862 til
553 2796 691 2890 magna
714 2778 931 2871 temeritas,
962 2778 1183 2873 curiositas,
1208 2770 1374 2860 surculus
1395 2775 1592 2892 superbiae,
1624 2815 1686 2875 ra·

175 2914 185 2961 ¹--
247 2895 359 2981 tlix·&
375 2892 676 2979 fundamentum
698 2894 787 2977 vani
818 2890 1002 2987 honoris,
1029 2914 1276 3003 contemptus
1300 2919 1425 2978 rerum
1455 2898 1685 3005 divinarum,

249 3007 337 3095 nula
358 3003 573 3095 multorum
593 2999 783 3090 malorum
799 3006 949 3092 ;·Deus
976 3011 1079 3088 enim
1106 3035 1152 3089 ex
1175 3033 1220 3089 ea
1243 3005 1352 3092 causa
1370 3006 1514 3097 multos
1542 3025 1685 3128 permi-

248 3132 284 3212 tit
302 3124 394 3225 labi,
419 3127 562 3235 decipi,
586 3116 778 3207 obscurari
800 3124 841 3205 in
870 3114 1081 3219 intellectu,
1107 3117 1300 3207 declinate
1328 3123 1476 3211 abent
1508 3132 1687 3219 ordinata

246 3248 330 3342 titt,
363 3246 405 3324 &
436 3234 606 3349 relinqui
639 3231 713 3320 suis
743 3238 952 3349 phantasiis
985 3262 1029 3319 ac
1061 3238 1292 3321 vanitatibus
1301 3260 1328 3340 ,·
1338 3242 1443 3346 juxta
1466 3239 1564 3329 illud
1586 3244 1686 3335 lsaiae

249 3358 375 3457 019.
402 3354 604 3442 Dominus
632 3348 780 3464 miscuit
818 3353 858 3436 in
883 3346 1002 3436 meio
1029 3354 1109 3466 ejus
1126 3352 1305 3467 spiritum
1331 3359 1439 3441 verti
1461 3356 1547 3446 in'r's.
1606 3364 1687 3450 l.o·-

246 3478 361 3585 quom
379 3472 464 3555 hoc
486 3463 585 3551 loco
604 3469 802 3576 Propheta
823 3466 874 3550 de
898 3470 957 3565 iis,
978 3473 1046 3581 qui
1072 3468 1283 3579 cupiebant
1305 3467 1397 3555 scite
1419 3384 1685 3586 siipernatura·

243 3580 292 3673 la
345 3581 499 3673 Miscuit
520 3604 652 3679 autem
676 3587 782 3665 Deus
808 3578 976 3691 spiritum
994 3589 1188 3696 vertiginis
1205 3613 1287 3669 non
1306 3591 1476 3700 positive
1494 3594 1687 3683 inducen-

243 3704 287 3787 do
308 3707 348 3789 in
371 3725 564 3793 errorem,
596 3692 664 3781 led
686 3692 950 3814 subtrahendo
978 3692 1084 3781 suum
1109 3696 1256 3784 lumen.
1313 3705 1376 3786 Sic
1402 3709 1441 3786 dt
1468 3708 1576 3793 Deus
1599 3740 1688 3823 pet·

237 3822 342 3904 mittit
361 3818 564 3909 daemoni,
587 3830 630 3893 ut
655 3808 801 3893 multos
826 3813 1005 3923 decipiat,
1023 3817 1119 3922 quia
1137 3815 1177 3896 id
1194 3841 1389 3900 merentur
1408 3846 1542 3906 eorum
1563 3836 1687 3911 teme·

236 3938 314 4019 titas
334 3940 374 4017 δι
398 3953 581 4045 peccata.
636 3922 804 4038 idipsum
828 3933 945 4038 proin
971 3929 1136 4008 doemon
1166 3928 1310 4026 efficit,
1341 3937 1381 4015 δι
1405 3938 1573 4021 creditur
1602 3940 1685 4050 ipli,

186 4148 202 4163 ,Ι
235 4076 299 4140 otc
320 4064 506 4139 curamur
531 4039 824 4150 admonitiones
860 4070 1037 4242 sotumi)
1047 4046 1116 4242 pini
1146 4042 1291 4132 subeffe
1322 4040 1486 4137 moriem
1513 4048 1684 4164 spiritum

191 4174 196 4189 ‘
1050 4261 1053 4266 ,
1111 4186 1129 4264 3
1603 4192 1686 4252 ma·
