3796 4994
139 243 142 249 ¹
247 270 352 407 '382
483 316 486 321 ·
636 268 839 415 Revelet.
858 266 912 367 de
933 265 1122 406 Agreda.
1138 274 1300 388 Parsl.

88 454 95 463 ¹
171 502 175 509 ’
204 509 217 564 ἀ
234 511 318 598 Ιωε
336 474 427 599 palli
447 471 547 566 sunt.
604 479 711 563 Nam
735 432 889 592 serpeus
905 482 1099 595 antiquus,
1121 477 1216 567 dum
1232 430 1301 566 scit
1317 502 1460 568 eorum
1483 471 1705 570 lucotdit'm

251 607 294 689 in
320 593 567 684 continendis
596 588 824 696 affedibus,
849 599 889 678 dr
913 599 1091 711 exiguam
1115 597 1431 685 exercitationem
1455 597 1702 681 internorum

251 710 422 806 sensuum
447 715 487 796 in
516 707 656 794 divinis
684 710 799 794 rebus
827 705 979 796 instillat
1012 707 1207 796 occultam
1235 705 1474 822 superbiam,
1503 733 1591 824 qua
1624 714 1705 792 cr'e-

253 832 367 930 dunt‚
388 820 427 911 se
453 819 529 910 elle
552 819 718 909 diledlos
735 828 882 913 amicus
899 828 993 913 Dei.
1076 827 1225 911 Exinde
1243 823 1429 914 subtrahit
1451 818 1646 913 humilem
1661 824 1714 923 ti-¹

149 971 154 989 ·
238 964 433 1038 morem,
458 945 500 1024 δι
520 934 645 1053 replet
671 936 867 1025 defideriis
892 936 1047 1027 curiofis
1077 938 1222 1027 sciendi
1250 937 1446 1050 sublimia,
1471 935 1714 1026 &habendi

76 1164 111 1187 ..
219 1101 222 1107 ·
252 1051 525 1152 revelationes,
547 1059 586 1138 δι
616 1054 813 1168 gaudendi
837 1053 952 1165 donis
976 1050 1241 1179 singularibus,
1297 1055 1409 1143 uibus
1431 1055 1598 1142 tandem
1620 1078 1706 1166 ape·

252 1177 350 1261 ritur
377 1164 542 1254 diabolo
560 1194 689 1282 porta,
708 1195 751 1254 ut
773 1197 844 1255 eos
866 1175 1140 1258 circumveniat
1169 1183 1289 1257 errori
1319 1199 1392 1272 us,
1416 1176 1457 1256 δι
1484 1167 1705 1285 phantauis.

125 1376 129 1383 ,
254 1292 354 1406 quin
377 1310 509 1371 tamen
525 1313 584 1368 rcs
605 1285 697 1370 vete
723 1284 871 1370 divinas
889 1280 1124 1400 intelligant,
1149 1283 1216 1370 sed
1237 1286 1385 1374 tantum
1409 1280 1564 1390 aliquas
1589 1272 1706 1399 appa·

187 1416 197 1429 ‘
253 1427 383 1511 tenter
404 1399 570 1510 divinas,
587 1424 630 1483 ut
649 1404 706 1483 his
728 1400 835 1483 luum
856 1428 1050 1485 venenum
1074 1426 1272 1516 contegat.
1490 1421 1497 1432 '
1638 1484 1642 1491 .

374 1531 467 1611 618.
498 1519 599 1598 Huic
622 1513 845 1626 deceptioni
869 1519 957 1628 quis
988 1515 1149 1603 obviate
1176 1517 1327 1628 potest,
1355 1513 1382 1602 st
1409 1544 1493 1605 non
1516 1512 1708 1601 defideret

155 1630 159 1654 '
253 1612 347 1721 scire
366 1626 480 1715 valde
499 1624 687 1727 sublimia,
708 1633 745 1712 ἃ
765 1634 899 1714 omnia
918 1634 1135 1716 committat
1154 1632 1300 1738 judicio
1328 1629 1527 1738 servorum
1549 1632 1649 1726 D'ei,
1666 1634 1712 1715 ac'

255 1748 366 1835 dorii
399 1743 645 1850 Coufcll'arii.
728 1743 1007 1830 Securiffimum
1040 1746 1116 1847 est,
1151 1744 1344 1855 ejusmodi
1369 1745 1478 1832 dona
1502 1748 1705 1860 nunquam

255 1890 402 1978 petere,
429 1861 495 1944 led
517 1856 666 1971 semper
683 1863 819 1944 timere
841 1853 1076 1971 periculum,
1101 1854 1303 1973 presertim
1331 1865 1371 1946 in
1391 1864 1533 1959 initio,
1559 1863 1602 1943 in
1625 1884 1707 1972 quo

162 1980 165 1987 ’
255 1973 469 2092 periculum
491 1981 610 2080 majus
641 1977 708 2058 est.
790 1977 895 2059 Nam
930 1977 1107 2085 ¹quamvis
1135 1976 1254 2060 DEus
1287 1974 1562 2088 incipientibus
1587 1968 1706 2059 soleat

256 2098 464 2177 immittere
489 2083 636 2188 solaria,
660 2089 701 2172 id
733 2086 801 2185 fit,
840 2113 882 2172 ut
905 2088 1167 2173 abstrahantur
1196 2088 1221 2175 ai
1247 2093 1370 2188 vitiis,
1403 2115 1488 2175 nott
1511 2112 1557 2177 ut
1586 2091 1642 2174 de
1664 2080 1705 2170 le

257 2207 471 2292 confidant.
557 2197 647 2314 lplae
671 2201 831 2303 Eutaia,
852 2229 939 2314 quae
963 2230 1010 2286 ex
1035 2205 1292 2289 admiratione
1319 2208 1508 2302 oriuntur,
1525 2198 1613 2287 sunt
1630 2214 1705 2286 ma·

282 2328 313 2405 is
336 2318 438 2431 figna
464 2320 702 2430 ignorantia,
716 2315 842 2431 'quim
867 2327 1020 2423 amotis.
1072 2318 1301 2403 Atramensr
1322 2346 1432 2403 amor
1449 2317 1494 2404 lit
1517 2312 1705 2432 collique·

253 2349 450 2535 factivus,
493 2437 530 2515 δι
563 2429 689 2515 secum
716 2433 840 2517 trahat
866 2434 1096 2516 Dominium
1136 2439 1312 2519 omnium
1339 2429 1575 2530 affeduum,
1616 2455 1704 2516 tunc

179 2544 190 2565 ⁸
253 2573 430 2664 paratum
459 2548 515 2630 'est
540 2542 673 2632 lumen
703 2540 1008 2639 revelationumv
1039 2551 1077 2630 dt
1101 2543 1189 2661 plus
1206 2552 1339 2634 animo
1355 2571 1603 2661 preparatur,
1627 2546 1705 2659 quo

252 2668 381 2749 minus
407 2659 664 2748 revelationes
687 2660 888 2746 desrdcrat.
944 2657 1020 2745 Hic
1038 2659 1146 2747 dour
1173 2666 1244 2749 viti
1264 2688 1345 2748 non
1365 2668 1569 2758 mirentur,
1594 2657 1704 2774 quod

44 2779 53 2795 ’
198 2806 201 2812 ·
253 2776 448 2888 ejusmodi
472 2775 677 2859 donatam
701 2775 797 2886 saepe
833 2776 1041 2893 obtingant
1075 2771 1268 2876 foeminis,
1297 2804 1414 2876 nam,
1451 2799 1706 2891 praeterquam

253 2892 370 3007 quod
395 2884 570 3002 polleant
591 2913 729 2974 teneto
755 2915 903 2989 amore,
927 2894 1045 2975 etiam
1067 2918 1116 2975 ex
1142 2918 1193 2977 eo
1226 2895 1345 2977 DEus
1366 2890 1522 2978 infirma
1547 2889 1633 2975 lraec
1652 2891 1705 2973 in·

251 3008 462 3116 strumenta
483 2998 604 3116 eligit,
631 3027 674 3088 ut
699 3003 769 3088 fint
785 3030 1054 3118 argumentum
1084 3003 1156 3091 suae
1190 3010 1509 3118 omnipotentiae,
1542 3008 1583 3088 δι
1618 3005 1705 3118 quia

250 3148 383 3208 earum
401 3114 600 3205 miseretur
610 3180 624 3222 ‚
638 3141 779 3233 utpote
797 3117 956 3205 aliunde
983 3144 1066 3209 non
1085 3120 1330 3235 praeditarum
1354 3119 1525 3241 lubfidio
1546 3114 1706 3205 scientie

95 3258 99 3265 ’
248 3229 495 3349 theologica.

370 3367 465 3448 619.
486 3360 581 3435 620.
608 3350 653 3431 B.
675 3350 725 3433 V.
750 3343 845 3458 laepe
872 3347 1008 3433 habuit
1031 3342 1289 3436 revelationes
1313 3354 1351 3434 dc
1379 3346 1562 3435 vifiones.
1645 3348 1705 3436 Ee

203 3464 222 3481 ‘
252 3487 361 3551 etant
386 3458 634 3577 quintuplicis
652 3463 816 3576 generis.
887 3467 1003 3549 Primi
1024 3469 1176 3578 generis
1198 3466 1562 3569 estvifioap'ntuitiva
1587 3460 1703 3551 clarat

248 3574 318 3665 Ad
347 3579 447 3662 hanc
463 3581 671 3690 requiritur
687 3579 922 3663 omnimoda
945 3579 1149 3691 deputatio
1168 3586 1426 3691 potentiarum
1449 3578 1500 3663 ab
1523 3580 1705 3666 omnibus

248 3687 422 3807 reliquiis
444 3694 606 3804 peccati,
630 3688 830 3808 presertim
859 3688 1079 3806 personalis,
1104 3699 1218 3779 etiam
1245 3690 1415 3780 venialis.
1674 3768 1677 3771 ,

292 3830 299 3847 ·
369 3823 464 3909 625.
488 3823 581 3891 626.
611 3806 678 3890 Ad
707 3805 892 3891 visionem
919 3813 1133 3893 intuitivam
1162 3805 1303 3893 claram
1324 3808 1479 3919 insuper
1496 3835 1542 3893 re
1575 3812 1705 3894 uiritur

248 3944 387 4038 preter
399 3927 672 4035 purgationem
691 3917 901 4034 ircliquiis
919 3925 1080 4034 peccati,
1093 3951 1182 4038 quae
1202 3925 1470 4008 adhuc'habet
1487 3837 1702 4010 mdlefflm

249 4034 307 4150 ob
331 4042 556 4123 memoriam
574 4040 750 4149 peccati,
778 4043 816 4121 dc
835 4036 1002 4122 toedium
1025 4034 1077 4124 de
1106 4040 1262 4154 proptia
1283 4064 1431 4141 nutura,
1456 4034 1594 4125 lumen
1609 4036 1705 4123 sere·

182 4175 186 4188 ⁵
1596 4178 1703 4250 mus>
