3796 4994
49 398 61 409 =
217 352 327 440 1181
490 463 492 466 Ι
595 319 770 470 Regula
795 366 852 434 ex
874 334 998 435 Catil.
1019 335 1072 433 de
1095 341 1296 435 Laurea.

68 586 88 602 κ
213 534 393 650 scriptum
424 535 477 620 est
503 541 541 620 in
572 537 753 654 angelum
779 538 899 632 lucis;
947 542 998 627 ad
1024 547 1127 644 hoc,
1152 568 1196 628 ut
1221 570 1308 627 cum
1332 535 1387 626 illi
1409 543 1445 622 in
1467 528 1680 626 manifesta

218 655 406 737 creditum
435 649 565 750 fuerit,
589 662 728 741 educat
750 657 799 739 ad
820 655 897 742 sua.
958 662 1074 740 Hunc
1104 653 1264 742 discerni
1286 684 1368 741 non
1392 656 1579 753 arbitror,
1606 655 1674 741 nifi

211 765 330 884 ‚dono
356 761 442 866 illo,
462 768 514 850 de
536 796 619 881 quo
641 765 876 884 Apostolus:
906 769 971 858 alii
993 768 1168 885 discretio
1182 774 1401 892 ¹spirituum.
1534 836 1536 839 a

328 928 497 1058 Regula
549 962 626 1054 24.
665 925 912 1064 Adeoque
950 958 1046 1031 nec
1075 924 1404 1065 tranquillitas
1435 927 1464 1030 *a
1494 928 1676 1032 revela·

175 1081 178 1087 ’
221 1073 364 1169 tione
402 1063 565 1168 relide
600 1076 866 1172 inanimo
907 1070 976 1173 est
1017 1078 1220 1175 certum
1264 1069 1486 1209 fignum,
1532 1069 1677 1208 quod

219 1209 280 1314 sit
305 1208 486 1313 divina.
559 1235 669 1315 Patet
693 1261 740 1316 ex
768 1230 1012 1344 ptaecedenti.
1489 1245 1493 1253 '

331 1397 506 1526 Regula
532 1430 554 1492 2
568 1426 608 1521 5.
647 1390 780 1491 Visio
803 1386 882 1494 vel
903 1391 1163 1506 revelatio,
1186 1421 1300 1527 quae
1317 1396 1370 1490 in
1394 1397 1571 1492 animo
1591 1423 1679 1496 ex·

11 1582 16 1591 s
81 1473 101 1595 '-
226 1541 348 1637 citat
380 1559 563 1638 motus
592 1533 853 1668 superbiae,
890 1562 999 1634 non
1030 1533 1097 1633 est
1130 1532 1159 1634 a
1198 1532 1327 1636 Deo,
1417 1551 1476 1634 lb.
1508 1581 1548 1638 n.
1579 1582 1674 1657 379·

164 1742 168 1746 .
225 1671 421 1762 Probatur
443 1701 490 1758 eit
509 1674 695 1791 Gregorio
716 1675 761 1758 i.
786 1701 848 1776 34.
872 1674 922 1758 C.
943 1667 1011 1754 ult.
1035 1673 1101 1755 ubi
1119 1677 1188 1756 ait:
1232 1672 1398 1755 Evidens
1427 1664 1577 1778 signum
1597 1699 1679 1757 ma-

225 1783 512 1903 li·ipiritur,est,
536 1787 699 1902 quando
724 1791 855 1872 incitat
872 1787 925 1873 ad
951 1783 1180 1900 superbiam.
1237 1788 1414 1871 Christus
1434 1780 1678 1895 semetipsum

227 1907 437 2004 exinanivit
459 1899 747 1989 formamservi
770 1905 971 2014 accipiens.
1030 1899 1226 1987 Diabolus
1248 1902 1364 1988 dixit,
1394 1894 1590 2013 ascendam
1616 1901 1681 2012 fii-

217 2010 291 2130 pe‘r
315 2014 550 2104 altitudinem
574 2013 741 2113 nubium,
752 2013 881 2127 fimilis
904 2043 969 2101 ero
987 2013 1165 2124 alliffimo.
1222 2017 1395 2102 Christus
1418 2011 1507 2098 ads
1530 2040 1608 2115 uta,
1630 2017 1681 2100 ad

225 2127 387 2245 palmas,
402 2133 451 2215 ad
472 2127 675 2242 colaphos,
690 2134 739 2214 ad
761 2128 930 2242 spineam
952 2156 1153 2227 coronam,
1170 2132 1220 2215 ad
1244 2157 1411 2227 crucem,
1431 2127 1480 2212 ad
1500 2041 1681 2218 lanceam

227 2268 350 2444 atipue
372 2247 422 2328 ad
454 2271 622 2329 mortem
647 2250 804 2328 veniens
836 2244 1011 2328 membra
1032 2243 1094 2329 sua
1112 2248 1303 2331 admonet
1327 2247 1478 2328 diceris:
1527 2241 1569 2332 Si
1597 2249 1681 2356 qais

229 2365 279 2447 nii
306 2362 320 2445 i
345 2357 554 2471 ministrat,
580 2386 635 2445 me
652 2357 850 2473 siquamr.
906 2356 1100 2445 Diabolus
1131 2364 1227 2446 verb
1264 2355 1359 2443 nihil
1393 2354 1498 2443 aliud
1528 2378 1681 2446 mentes

157 2578 159 2582 ‚
226 2472 297 2560 sibi
316 2473 484 2558 subditas
507 2475 652 2572 doc'et,
682 2474 803 2586 quim
847 2469 1077 2559 celsitudinis
1106 2472 1260 2560 culmen
1298 2498 1512 2585 appetere,
1541 2485 1681 2562 cundia

145 2612 156 2621 ·
228 2584 391 2700 aequalia
412 2594 549 2674 inentis
565 2614 720 2674 tumore
741 2584 1020 2689 transcendere,
1034 2588 1256 2676 societatem
1279 2592 1457 2674 omnium
1474 2587 1682 2676 hominum

186 2765 189 2769 «
229 2697 307 2789 alta
330 2697 499 2810 elatione
519 2701 672 2788 tranfire
688 2708 761 2788 dic.

334 2863 503 2992 Regula
543 2863 620 2959 26.
658 2856 1029 2995 Appatitiones‚
1056 2884 1168 2994 quae
1193 2852 1446 2973 inducunt
1475 2853 1683 2973 delesta·

135 3004 138 3009 ’
228 3007 431 3104 tionem
476 2996 750 3103 sensibilem
808 3007 1083 3117 incarne,
1135 3031 1247 3104 non
1304 2999 1418 3102 sunt
1472 2999 1502 3103 i
1547 2997 1682 3106 Dee.

135 3148 137 3150 ’
226 3140 288 3226 lb.
307 3168 344 3223 n.
366 3157 461 3246 380.
473 3136 511 3227 S.
524 3137 805 3226 Bonavenlura
818 3145 857 3223 in
877 3134 1020 3252 Opusc.
1040 3139 1092 3224 de
1107 3139 1285 3252 profedu
1304 3135 1484 3254 Religios.
1502 3141 1601 3241 7.C.
1618 3161 1683 3234 18.

227 3254 281 3342 sic
299 3258 370 3341 aite
399 3253 572 3371 Quidam
594 3253 749 3367 decepti
770 3253 794 3339 i
821 3251 1044 3344 seduaioriis
1063 3249 1276 3367 spiritibus,
1305 3252 1368 3339 vel
1388 3260 1552 3367 propriis
1581 3250 1683 3341 falsu

28 3351 33 3357 ¹
110 3462 114 3467 ,
229 3369 480 3502 opinionibus
500 3391 639 3481 putant
659 3367 728 3452 fibi
751 3395 936 3481 apparere
960 3366 1255 3467 Christum,‘vel
1283 3374 1361 3477 ejus
1387 3366 1594 3482 gloriosam
1615 3398 1683 3483 ge·

228 3485 416 3581 nitricem,
445 3488 485 3566 &
514 3511 597 3567 non
616 3477 741 3567 solum
763 3477 1017 3594 amplexibus,
1045 3488 1083 3568 dc
1109 3481 1260 3581 osculis,
1286 3481 1352 3568 sed
1377 3490 1490 3568 etiarn
1514 3480 1597 3568 aliis
1623 3491 1683 3568 in·

229 3597 519 3682 decentioribus
542 3596 710 3711 gestibus
730 3603 770 3681 &
789 3598 937 3682 adibus
958 3597 1007 3680 ab
1035 3601 1090 3683 eis
1115 3594 1354 3688 demulcerir
1396 3624 1438 3682 ut
1459 3597 1554 3683 sicut
1577 3604 1684 3712 prius

225 3708 394 3824 ipsorum
423 3715 580 3795 interius
609 3705 822 3796 deledlatur
847 3706 1100 3826 spiritualiter,
1116 3715 1168 3797 ita
1198 3717 1237 3796 δε
1267 3738 1357 3797 caro
1388 3718 1553 3798 exterius
1582 3741 1681 3797 con·

304 3854 332 3908 o
362 3820 635 3909 obleelationis
658 3819 762 3910 sensu
791 3821 1023 3929 consoletur,
1042 3827 1158 3939 quod
1186 3855 1269 3911 non
1300 3823 1424 3911 solilm
1450 3831 1503 3912 est
1532 3822 1683 3926 falsum,

226 3853 302 4027 sels
316 3943 431 4023 etiam
449 3935 540 4024 blas
559 3941 686 4024 hemia
715 3947 838 4055 gravis
863 3937 937 4024 elle
956 3941 1248 4052 comprobatur.
1304 3950 1368 4026 De
1394 3943 1454 4025 his
1480 3942 1590 4039 verd,
1614 3947 1696 4056 qui

213 4046 444 4168 'aliquando
472 3969 720 4139 dulcedinem
750 4049 979 4167 spiritualem
1007 4050 1185 4155 sentiunt,
1215 4064 1403 4143 continuo
1433 4063 1548 4142 etiam
1573 4055 1682 4141 dele·¹

232 4172 411 4285 dationis
438 4165 601 4282 canalis
617 4175 764 4286 pruritu
787 4164 905 4258 illecti
944 4165 1169 4279 laedantur,
1208 4168 1337 4283 nescio
1371 4172 1470 4285 quid
1499 4172 1684 4372 judieeiplp

124 4328 128 4335 1
1618 4313 1684 4371 ni
