3796 4994
208 357 291 464 48·
612 341 718 470 Reg.
743 328 868 437 Pafl.
891 367 948 434 ere
972 343 1024 437 P.
1047 290 1266 436 Graviora}

210 535 309 626 reles
333 538 385 626 lic
408 537 554 625 habet:
602 542 651 624 'ln
682 544 762 646 ejus
785 537 930 653 pupilla
960 537 1046 637 (seu
1079 544 1210 652 potius
1228 547 1273 626 in
1299 535 1445 624 ambitu
1481 534 1658 650 pupilla)

214 682 295 742 erat
329 655 471 738 humor
503 651 672 750 crassus,
708 653 796 749 (seu
833 651 1003 756 macula)
1040 660 1078 737 δι
1111 653 1192 765 ipse
1224 680 1385 766 propter
1417 649 1661 742 debilitatem

213 766 311 855 visus
333 770 528 873 judicabat
552 771 604 854 de
622 764 736 852 idolo
760 775 798 853 in
821 797 873 852 eo
894 765 1100 881 imprelso,
1128 764 1221 852 licut
1246 770 1298 854 de
1321 771 1496 881 quodam
1520 777 1663 854 extrin-

128 980 137 989 ,
214 883 318 981 seco,
349 887 440 998 quia
468 883 647 968 utebatur
680 881 825 996 pupilla
854 886 941 981 (seu
968 889 1098 996 potius
1131 887 1259 976 tunica
1288 909 1430 966 cornea
1462 885 1670 970 ambiente.

217 993 426 1113 pupillam)
458 1003 570 1108 quasi
597 995 769 1111 speculo,
791 1004 836 1081 .&
863 1002 1029 1082 humore
1059 990 1148 1095 (seu
1179 993 1356 1096 macula)
1379 1022 1564 1109 tanquam
1588 998 1666 1082 ob-

217 1120 346 1220 jecio,
373 1117 410 1193 δι
446 1113 641 1216 judicabat
666 1108 786 1224 ipsum
812 1108 886 1196 effe
914 1115 1114 1196 hominem
1132 1108 1403 1195 ambulantem
1438 1139 1600 1223 propter
1620 1111 1667 1197 fi·

196 1221 488 1311 militudinem.
543 1228 652 1310 Sicut
678 1232 718 1309 dc
738 1232 778 1310 in
813 1224 904 1336 aliis·
926 1222 1189 1309 laborantibus
1218 1225 1437 1310 infirmitate
1459 1222 1669 1311 oculorum

74 1434 79 1442 ,
219 1366 381 1454 apparet
413 1367 637 1425 aranearum
669 1337 865 1424 telaante
894 1337 1056 1435 oculos,
1089 1341 1325 1453 quibusdam
1361 1365 1490 1423 autem
1533 1338 1669 1425 musca
1708 1416 1716 1435 .

221 1452 400 1539 volantes
422 1461 496 1538 &e
608 1461 714 1539 Huic
742 1450 924 1567 exemplo
967 1451 1182 1538 Aristotelis
1211 1453 1362 1565 polium
1391 1455 1536 1539 addere
1562 1451 1670 1540 aliud

224 1569 277 1654 de
303 1569 536 1683 Presbytero
557 1572 653 1653 mihi
672 1567 879 1666 notiffimo,
907 1574 983 1665 cui,
1044 1575 1170 1652 uoties
1191 1565 1366 1664 volebat,
1394 1565 1588 1652 obversari
1612 1575 1671 1652 vi·

224 1684 392 1768 debatur
417 1708 509 1767 ante
539 1680 676 1768 oculos
698 1679 915 1779 orbiculus,
940 1598 1067 1767 similis
1089 1709 1270 1768 monetae.
1328 1683 1525 1769 Adhibitis
1556 1686 1670 1767 variis

224 1794 389 1883 consiliis
413 1799 656 1883 medicorum
679 1799 836 1882 tandem
866 1794 1104 1910 deprehensa
1133 1801 1247 1881 estin
1273 1797 1576 1881 circumferentia
1599 1825 1675 1909 pu-

224 1909 325 2027 pillae
349 1913 650 1997 extraordinaria
670 1913 833 2012 macula,
852 1939 952 2025 quae,
975 1912 1070 1995 dum
1093 1936 1371 1996 commovente
1394 1914 1675 2026 imaginatione

227 2027 506 2112 obvertebatur
534 2027 667 2112 debite
687 2055 838 2111 cornea
863 2032 1020 2123 tunicae,
1047 2025 1253 2110 videbatur
1279 2028 1348 2110 iste
1375 2021 1584 2127 orbiculus.

173 2240 178 2249 ,
335 2139 464 2226 ‘Aliud
488 2136 708 2254 exemplum
739 2142 791 2224 de
816 2137 993 2225 illusione
1018 2138 1116 2224 visus
1143 2136 1282 2224 debilis
1313 2141 1458 2253 praebet
1487 2135 1591 2225 Halo
1615 2143 1676 2226 vi·

185 2259 188 2263 ’
227 2252 288 2341 sus
304 2260 400 2340 circa
418 2251 548 2339 lumen
567 2252 748 2354 candela,
771 2283 837 2340 aut
858 2251 969 2338 luna.
1031 2256 1152 2362 Cujus
1176 2254 1323 2368 signum
1352 2258 1428 2350 est,
1459 2256 1573 2368 quod
1592 2261 1675 2341 Ha·

227 2367 271 2455 lo
291 2374 359 2455 iste
389 2371 567 2454 videatur
596 2372 759 2483 quando
787 2363 923 2455 oculus
951 2367 973 2454 a
998 2363 1144 2454 lumine
1173 2396 1211 2454 v.
1233 2397 1272 2483 g.
1301 2397 1366 2453 ao.
1401 2396 1468 2470 50.
1492 2396 1557 2453 aut
1581 2399 1674 2455 roo.

227 2484 393 2600 paffibus
416 2486 470 2569 est
488 2510 674 2583 remotus,
699 2513 780 2569 non
801 2511 929 2569 autem
954 2489 994 2567 in
1021 2488 1171 2568 vicinia.
1228 2487 1278 2568 Et
1296 2489 1334 2569 in
1359 2483 1496 2568 eadem
1520 2486 1675 2568 medio·

126 2699 128 2704 ¹
229 2606 285 2685 cri
306 2601 482 2686 distantia
502 2602 655 2685 videtur
677 2599 728 2683 ab
751 2597 871 2690 oculo
897 2595 1018 2683 debili
1035 2627 1118 2682 non
1147 2624 1276 2683 autem
1302 2597 1324 2684 a
1347 2597 1452 2683 forti.
1512 2603 1676 2682 Univer-

229 2715 297 2801 stm
319 2742 448 2798 autem
477 2745 559 2799 non
592 2717 768 2812 videtur,
802 2716 968 2828 quando
1001 2710 1138 2797 oculus
1167 2715 1221 2796 est
1253 2739 1418 2797 armatus
1445 2707 1677 2825 perspicillis,

231 2854 299 2914 aut
319 2825 573 2943 perspedlivo.
631 2830 758 3028 <prod
781 2827 901 2942 ipsum
928 2833 1117 2940 contingit
1134 2833 1173 2910 in
1194 2826 1467 2912 observatione
1490 2822 1678 2910 stellarum

231 2943 408 3044 fixarum,
439 2972 539 3057 quar,
561 2943 589 3028 st
611 2944 665 3026 ob
682 2970 862 3029 eruantur
888 2937 1008 3028 oculo
1033 2942 1157 3042 nudo,
1172 2968 1358 3054 apparent
1377 2938 1445 3025 sub
1469 2949 1571 3024 varia
1599 2968 1680 3024 ma·

232 3059 456 3173 gnitudiner
488 3055 554 3142 sed
577 3057 603 3142 fi
628 3059 871 3171 inspiciantur
895 3057 996 3141 tubo
1026 3058 1321 3154 astronomico,
1353 3080 1538 3166 apparent
1566 3057 1680 3140 instat

204 3178 377 3288 puncti.
439 3176 495 3258 Ex
526 3201 612 3285 quo
645 3172 885 3257 manifestum
920 3175 1000 3268 est,
1035 3166 1168 3254 lumen
1191 3167 1288 3254 illud
1318 3085 1505 3254 stellarum
1538 3170 1606 3253 sub
1635 3188 1682 3255 ea

234 3289 518 3400 magnitudine,
542 3315 621 3401 qua
646 3293 825 3383 cernitur,
858 3283 933 3372 else
958 3283 1124 3399 spurium
1149 3292 1188 3369 de
1223 3310 1372 3369 tantum
1399 3312 1587 3396 apparens
1625 3284 1681 3369 ob
1709 3307 1716 3321 ·

213 3400 476 3487 debilitatem
494 3400 603 3488 visus.
661 3404 728 3487 De
750 3403 1016 3488 Audituidem
1066 3401 1180 3486 robat
1201 3404 1450 3512 experientia,
1467 3400 1560 3481 dum
1579 3404 1684 3483 moi-

235 3517 310 3603 bus
339 3523 484 3602 aurium
513 3521 640 3602 varios
672 3515 767 3631 saepe
802 3517 962 3601 tinnitus
992 3431 1163 3614 inlbnat,
1201 3542 1243 3600 ut
1273 3515 1421 3599 Medici
1456 3509 1682 3626 agnoscunt.

3 3601 56 3619 ‘¹
157 3659 160 3665 ’
240 3632 334 3720 dum
358 3639 521 3717 traciam
544 3635 595 3716 de
616 3635 697 3719 hoc
718 3631 877 3729 morbo,
903 3628 1207 3715 Corobantismo
1231 3628 1353 3714 dicio.

346 3756 513 3885 Regula
551 3787 592 3875 3.
640 3749 784 3853 Idem
829 3747 1112 3851 tenendum
1151 3755 1279 3850 circa
1315 3777 1398 3849 eas
1428 3743 1684 3880 personas,

140 4018 156 4031 ,
226 3925 355 4033 ·quae
387 3917 567 4031 praeper
588 3899 1026 4029 ¹imaginatlonem
1066 3883 1259 3992 fortem
1295 3897 1454 3991 etiam
1491 3887 1686 4026 pollent

242 4034 632 4169 extraordinaria
667 4019 935 4137 subtilita'te
971 4023 1107 4135 visits
1150 4029 1231 4135 vel
1266 4024 1485 4135 auditlls.
1572 4059 1687 4144 Ratio

59 4204 67 4209 ·
137 4208 176 4233 ¹-
231 4180 310 4278 est,
336 4179 430 4294 quia
448 4179 490 4264 in
512 4170 653 4261 talibus
681 4169 934 4289 personis-ob
955 4165 1213 4304 mobilitatem
1241 4167 1436 4287 spirituum
1460 4175 1500 4255 δι
1521 4176 1691 4286 partium

1554 4287 1691 4403 orgari
