3796 4994
312 258 382 390 56
692 252 1001 356 Revelationes
1035 258 1081 356 S.
1121 257 1366 357 Gertrudis.

296 460 398 579 llum
433 457 556 577 miseri
590 468 811 571 ornantur;
874 465 916 550 ni
946 468 1073 550 auten
1086 459 1161 584 fita
1179 468 1335 582 sponte,
1362 457 1587 573 libentesque
1615 484 1661 548 ec
1696 485 1775 547 uo·

304 579 425 669 leucu
444 605 490 664 ea
506 581 675 691 faciunt,
699 492 884 689 quomodo
914 607 989 664 non
1018 575 1271 692 inpetrandi?
1301 584 1346 662 at
1375 604 1478 663 nunc
1504 574 1651 687 quidem
1680 580 1773 662 uita

306 722 352 782 eo
368 692 540 808 proceffit
565 696 876 807 intemperantia,
902 689 1106 892 inpellant
1133 689 1192 788 65
1211 688 1430 803 lasciviente
1456 694 1683 802 iniquitate,
1713 688 1774 787 65

333 804 493 921 uidquid
512 805 561 920 esl
581 810 632 894 im
657 803 807 895 ndicum
842 805 901 904 65
938 804 1180 921 ihidinosum,
1204 802 1376 921 dcffufitm
1399 801 1505 916 estin
1532 803 1772 905 civitatibus,

182 1020 185 1025 ,
306 840 458 1037 65pro
477 918 553 1040 lege
578 832 752 1010 hahetur.
844 919 969 1034 Apud
990 921 1086 1037 ipfius
1100 918 1209 1033 llant
1236 926 1276 1009 in
1293 925 1447 1031 fornice
1478 919 1649 1007 mulieres
1684 950 1772 1010 car·

306 1064 392 1129 nem
407 1035 521 1152 suun
543 1033 598 1125 ad
616 1034 796 1139 probrum
814 1034 1028 1151 voluptatis
1057 1035 1340 1136 venundantes,
1371 1034 1429 1131 65
1448 1040 1563 1149 pueri
1583 1033 1680 1123 dolii
1702 1035 1773 1123 ah·

161 1232 164 1237 .
308 1180 448 1274 negare
478 1162 657 1241 naturam
688 1149 862 1241 mulieres
883 1150 1087 1263 finulnnt3
1147 1156 1274 1240 omnia
1299 1154 1522 1238 inmutauit
1549 1149 1679 1250 luscus,
1702 1147 1773 1238 leo·

308 1273 442 1359 minen
460 1269 605 1381 probro
626 1297 672 1356 at
702 1263 883 1355 dedecore
910 1265 1067 1382 affecit3
1099 1267 1218 1354 multis
1247 1264 1306 1362 65
1336 1263 1533 1380 luxuriosa
1565 1263 1624 1362 65
1636 1267 1774 1381 super·

304 1382 387 1494 llud
415 1383 610 1492 curiofitas
632 1385 768 1493 querit
799 1385 939 1480 omnio,
975 1387 1101 1469 omnia
1131 1378 1379 1500 aggreditur,
1408 1392 1587 1469 naturam
1610 1386 1775 1494 confun-
1885 1436 1892 1453 ·

254 1586 261 1607 „
308 1494 383 1601 dit,
411 1501 494 1585 uiri
512 1503 716 1610 patiuntur
743 1494 967 1596 muliebria,
998 1497 1056 1594 65
1078 1502 1249 1610 foemina
1279 1507 1420 1610 preter
1448 1508 1628 1584 naturam
1659 1502 1773 1584 viros

307 1621 451 1735 agunt,
474 1609 532 1709 65
557 1610 707 1701 nubunt
726 1639 940 1727 uxoresque
973 1609 1119 1700 ducunt
1136 1617 1338 1726 foemine3
1386 1609 1581 1725 nullmeji
1611 1623 1771 1714 metius,

308 1726 367 1821 ud
383 1756 490 1843 quen
518 1756 603 1847 non¹
616 1738 746 1839 pateat
766 1725 894 1818 aditus
922 1726 1172 1842 impudicitia.
1259 1728 1360 1817 Hac
1393 1725 1517 1814 ciuilis
1550 1726 1683 1841 nostre
1712 1731 1771 1814 in·

307 1846 566 1960 temperantiae
586 1840 834 1956 ostenduntur
856 1842 1035 1955 trophea.
1119 1848 1168 1930 Et
1201 1845 1252 1930 C.
1276 1876 1316 1946 4.
1342 1843 1395 1928 de
1414 1846 1541 1930 Servis
1565 1872 1685 1961 agens
1707 1847 1770 1929 ait:

307 1958 378 2051 Ah
406 1957 492 2048 aliis
510 1971 740 2049 exercentur
752 1958 1005 2073 formosorum
1024 1956 1293 2074 adolescentum
1316 1986 1448 2077 greges
1463 1968 1642 2072 tunquam
1656 1984 1771 2072 peco-

131 2180 133 2185 .
306 2102 420 2174 rum,
448 2072 584 2186 quihus
612 2073 796 2181 emulpent
825 2070 1161 2186 pulchritudinem.
1258 2074 1356 2170 Sunt
1388 2073 1445 2170 65
1474 2072 1650 2163 Eunuchi
1675 2071 1770 2160 mul·

198 2680 200 2685 ’
307 2679 418 2755 cum,

309 2191 461 2303 tiiique
490 2185 641 2279 lenontt
665 2192 709 2277 iis
735 2194 799 2302 qui
823 2187 964 2276 volunt
988 2216 1134 2277 vacare
1164 2186 1356 2302 voluptati
1386 2188 1636 2305 instruientns
1671 2196 1771 2277 citro

308 2300 425 2395 ullam
440 2302 700 2423 hospitionenn.
782 2299 1007 2417 Peyclingus
1032 2308 1072 2389 in
1103 2301 1173 2389 suo
1207 2308 1381 2390 Theano
1411 2312 1462 2391 V.
1501 2306 1690 2391 Sodomin
1721 2305 1771 2389 fic

219 2427 222 2432 ’
308 2422 448 2509 habet:
487 2422 553 2508 En
573 2417 771 2509 veteribus
795 2415 957 2531 historiis
986 2421 1234 2509 Ethnicorum
1265 2417 1497 2532 manifestum
1520 2419 1589 2534 est,
1614 2419 1686 2507 hoc
1705 2447 1770 2537 ge·

260 2612 263 2621 .
308 2560 386 2629 neu
408 2538 465 2648 pla
488 2537 550 2624 itii
576 2534 682 2651 apud
707 2538 864 2623 Grecos
903 2533 962 2632 65
987 2535 1178 2623 Romanos
1194 2539 1307 2647 fuiffe
1333 2534 1532 2653 vulgatum
1565 2535 1622 2631 65
1645 2533 1770 2651 puhli-

443 2563 502 2750 ὁ
536 2649 560 2737 h
589 2649 713 2738 multis
752 2651 832 2738 leui
861 2654 901 2740 in
934 2654 1089 2739 crimine
1123 2647 1304 2738 habiturn.
1400 2649 1524 2763 Apud
1557 2654 1769 2739 Ciceronem

249 2858 252 2871 ,
312 2762 431 2858 Cotta
461 2768 658 2855 Romanus
686 2766 851 2854 Senator
873 2763 933 2864 65
957 2765 1112 2854 Orator
1136 2770 1221 2854 ait:
1281 2762 1579 2855 Concedentihus
1602 2769 1768 2880 antiquit

310 2877 549 3002 Philofirphis
570 2879 862 2997 adolescentibus
886 2878 1119 2968 deleiiamur.
1185 2880 1289 2968 Iden
1317 2883 1449 2969 Cicero
1476 2883 1519 2967 L.
1544 2890 1586 2966 1,
1608 2882 1677 2969 De
1699 2909 1768 2969 nn·

307 3008 402 3090 lura
423 2995 616 3097 Deorum,
638 2993 740 3085 dolet
766 3001 944 3107 enanaffe
967 2993 1038 3084 hoc
1089 3024 1182 3083 enus
1201 2999 1344 3115 flagitii
1369 2991 1392 3083 ὲ
1422 2999 1631 3115 Gymnaftis
1660 3001 1767 3085 Gre-

270 3129 273 3133 ’
308 3141 455 3217 comm,
478 3116 518 3205 in
536 3113 672 3226 quihus
692 3109 896 3227 illiusmodi
922 3141 1035 3200 conte
1090 3112 1187 3226 stent
1212 3139 1372 3211 amores,
1400 3108 1568 3225 idemque
1591 3118 1767 3227 queritur

307 3224 526 3349 Magistros
560 3232 723 3316 virtutis
761 3223 1024 3343 Philosophus,
1062 3224 1120 3323 65
1157 3222 1292 3315 horum
1322 3231 1530 3342 principem
1564 3230 1765 3319 Platonem

309 3370 482 3461 magnam
514 3338 601 3431 huic
629 3342 859 3459 turpitudini
890 3340 1163 3432 authoritatem
1196 3341 1373 3452 trihuiffe.
1456 3347 1520 3430 Sic
1544 3340 1624 3430 ille.
1710 3349 1766 3430 Ex

258 3560 264 3565 ,
340 3484 395 3573 tto
421 3463 561 3545 iterum
586 3484 707 3571 putet,
734 3460 965 3545 Sodominm
987 3484 1167 3571 tempote
1191 3463 1414 3545 Natiuitatis
1435 3461 1652 3547 Dominicae
1673 3459 1766 3547 fuis·

189 3610 193 3619 ·
305 3486 741 3681 {communitionem
767 3602 855 3660 cum
888 3583 1008 3662 Cotta
1036 3575 1252 3681 &Cicero
1268 3567 1388 3687 paulo
1407 3601 1497 3661 nntt
1523 3571 1628 3660 illam
1654 3578 1766 3663 obie-

150 3758 153 3763 .
255 3769 258 3773 .
305 3692 396 3778 tint.
479 3692 546 3775 De
573 3691 817 3803 perversitate
843 3687 1058 3777 Gentilium
1095 3689 1232 3803 quoad
1257 3694 1351 3775 ‘hoc
1385 3695 1520 3777 vitium
1564 3698 1678 3777 etiam
1707 3719 1766 3778 tt·

265 3878 276 3895 t
305 3802 423 3893 statut
464 3806 683 3890 Lactantius
718 3811 762 3892 L.
794 3820 834 3890 6.
861 3808 974 3890 instit
1003 3804 1232 3907 C.13.ubi
1267 3808 1320 3889 ait
1346 3826 1376 3889 2‘
1416 3803 1526 3924 Qud
1545 3807 1666 3920 potest
1696 3813 1765 3919 effe

296 3916 472 4039 santium
496 3923 565 4017 iis,
589 3924 653 4033 qui
673 3929 819 4008 etatem
848 3917 1068 4009 inbecillam
1093 3916 1152 4015 65
1168 3917 1340 4033 pressdio
1367 3918 1592 4038 indigentem
1616 3920 1765 4012 libidini

301 4033 379 4151 [ure
402 4031 711 4153 depopulandam,
725 4032 1022 4152 foedandamque
1035 4030 1359 4151 fitthrauerint?
1383 4064 1460 4125 non
1470 4032 1613 4151 fiefficit
1634 4044 1689 4126 eis
1698 4037 1764 4153 se·

1682 4177 1764 4239 xus
