3796 4994
554 235 919 336 deocletiano
955 240 1000 334 S.
1043 230 1287 337 Gertrudr'r.
1493 308 1498 323 .
1601 186 1660 342 8¹1

214 449 374 532 Panum
399 437 514 527 num
547 445 724 526 animam
734 469 806 558 per
833 444 995 555 gratiam
1021 445 1286 527 &utiliorem
1319 428 1415 522 cum*
1432 436 1526 521 Deo
1552 441 1670 520 unio·

215 587 310 645 nem
333 554 681 644 transformativam
706 557 874 640 deificari
902 550 1075 642 afferunt.
1132 557 1243 641 Idem
1282 551 1506 665 responderi
1540 550 1670 664 potest

216 677 270 758 ad
289 674 345 771 id,
371 671 483 784 quod
500 673 665 756 habetur
689 677 730 753 δι
747 675 789 756 L.
816 700 851 776 5.
871 678 918 755 C.
938 666 1011 777 31.
1027 674 1066 752 δι
1087 675 1134 752 C.
1157 700 1224 774 ³²·
1246 672 1284 755 u
1309 676 1355 752 C.
1378 696 1443 769 33.
1469 670 1670 777 &‚C..34.

218 793 260 872 &
278 789 330 877 C.
356 814 422 890 37.
449 784 517 869 ubi
536 779 667 897 saepius
684 811 853 900 quoque
870 789 1051 886 occurrit,
1080 812 1148 872 cor
1172 780 1352 890 delirum.
1484 783 1486 786 ⁴
1675 790 1680 806 '

361 999 466 1106 XX.
512 999 567 1105 L.
609 1035 652 1123 3.
703 997 765 1103 C.
811 1025 885 1112 ιε.
928 997 974 1134 i.
1004 978 1060 1132 ⁴‘5.
1133 997 1344 1105 Videtur
1380 997 1428 1104 S.
1465 994 1672 1123 Gertru·

220 1141 308 1249 des
351 1142 415 1248 ad
468 1138 878 1274 justificationem
928 1164 1068 1248 extra
1121 1138 1515 1248 Sacramentum
1563 1172 1674 1244 non

217 1294 467 1423 requirere
503 1285 675 1389 adum
717 1291 909 1390 amoris
953 1281 1083 1388 DEI.
1191 1312 1255 1392 εἰς
1282 1306 1428 1390 habet:
1457 1276 1673 1403 Geminei

218 1422 424 1522 intellexit,
455 1425 571 1537 quod
600 1424 625 1508 fi
656 1429 744 1537 quis
774 1413 1009 1537 poenitendo
1037 1419 1225 1508 velociter
1263 1422 1316 1505 de
1348 1419 1531 1504 omnibus
1566 1447 1675 1503 coma

219 1538 335 1625 miffis
360 1533 435 1623 suis
466 1545 505 1622 dt
523 1537 663 1622 omilin
688 1543 948 1650 cum‘integro
968 1541 1090 1622 eorde
1109 1537 1148 1620 se
1165 1535 1323 1621 inclinat
1341 1539 1397 1619 ad·
1408 1535 1675 1619 obedientiam

222 1674 226 1679 ’
268 1678 504 1850 receptorum
532 1656 622 1750 Dei,
642 1678 727 1735 tam
753 1658 938 1757 veraciter
966 1655 1097 1736 coram
1125 1654 1238 1736 DEO
1274 1648 1675 1745 sanuificarur,s1cut
1722 1672 1726 1679 ’

238 1795 334 1882 epto
353 1796 396 1851 us
430 1761 496 1850 ille
524 1768 731 1850 mundatus
764 1767 837 1864 est,
862 1771 924 1852 cui
948 1766 1046 1850 dixit
1077 1771 1300 1853 Dominus:
1346 1761 1454 1865 Volo
1474 1765 1676 1846 mundare.
1739 1766 1756 1781 “
1819 1810 1824 1824 ·

221 1883 305 1967 Sed
336 1883 411 1965 diei
440 1882 593 1993 potest,
626 1875 915 1965 inclinationem
943 1883 994 1963 ad
1028 1905 1231 1993 precepta,
1267 1881 1452 1990 adeoque
1482 1875 1677 1961 etiamad

222 2021 457 2196 ffiepmm
489 1999 632 2080 amoris
661 1994 786 2109 idque
820 2023 868 2081 ex
903 1994 1147 2082 totocorde
1180 1990 1256 2080 eise
1284 1991 1474 2080 adualem
1495 2018 1674 2092 amorem
1797 2093 1802 2115 .-

319 2300 493 2407 -xm
549 2300 608 2407 L.
648 2337 691 2428 3.
737 2298 798 2408 c,
843 2327 919 2414 n.
962 2301 1008 2439 3.
1053 2333 1135 2409 20.
1186 2246 1391 2422 aocet-j
1426 2301 1567 2442 quoa
1620 2330 1674 2402 0-

223 2477 375 2552 mnes
411 2443 706 2561 Christiani,
743 2453 830 2581 qui
866 2476 1101 2582 unquam
1136 2471 1435 2586 peregerunt
1471 2439 1675 2581 aliquod
1789 2480 1794 2499 ·

223 2581 434 2694 bonum
483 2617 651 2723 opus,
700 2587 958 2691 salventur.
1067 2617 1131 2698 stc
1158 2616 1311 2698 habet:
1378 2614 1484 2696 eum
1513 2613 1676 2694 Gemu-

224 2730 294 2815 des
318 2734 357 2810 in
382 2726 552 2837 quadam
575 2726 849 2836 predicatione
879 2723 1040 2812 audiiset
1066 2731 1273 2813 recitatum
1303 2722 1518 2812 sermonem
1552 2719 1675 2817 illum,

224 2843 339 3038 Ὓιοά
364 2837 491 2923 nullus
508 2843 711 2937 hominum
731 2837 933 2925 salvaretur
948 2841 1026 2926 fine
1046 2870 1179 2927 amore
1204 2844 1304 2939 Dei,
1341 2845 1438 2957 quin
1470 2841 1520 2925 ad
1550 2842 1677 2922 minus
1763 2873 1766 2879 ·

224 2955 390 3068 aiquid.
407 2954 458 3037 de
485 2980 536 3038 eo
563 2955 707 3038 habere
740 2954 916 3050 deberet,
949 2980 991 3039 ut
1017 2983 1064 3041 ex
1093 2984 1230 3041 amore
1258 2960 1336 3042 Dei
1373 2963 1603 3070 poeniteret>
1634 2953 1692 3043 δι,
1806 3037 1813 3045 ,

225 3069 432 3153 abstineret
453 3067 477 3152 i
503 3056 680 3180 neccaro,
700 3065 777 3179 ipsa
801 3065 968 3153 revolvit
988 3075 1029 3154 in
1048 3072 1169 3155 eorde
1190 3067 1285 3171 luo,
1317 3071 1432 3184 quod
1463 3063 1573 3152 multi
1605 3067 1678 3148 mi·
1781 3149 1784 3155 ,

226 3207 381 3296 gratem
412 3176 612 3278 dsaeeulo,
634 3186 702 3295 qui
722 3180 808 3292 plus
836 3185 1060 3270 viderentur
1085 3190 1278 3297 poenitere
1304 3192 1451 3271 timore·
1477 3184 1677 3298 gehennae,
1725 3182 1734 3189 '

229 3295 351 3411 quim
373 3296 461 3395 ,uei
481 3324 641 3384 amores
679 3295 878 3407 respondit
901 3303 1092 3384 Dominus
1113 3303 1263 3385 dicens:
1301 3301 1407 3387 cum
1432 3301 1569 3384 videro
1588 3289 1678 3379 illos
1781 3326 1784 3331 ·

228 3417 492 3524 agonizantes,
516 3415 586 3521 qui
603 3415 681 3495 mei
703 3405 874 3524 unquam
900 3406 984 3495 sunt
1008 3409 1171 3499 dulciter
1194 3416 1409 3515 recordati,
1440 3410 1503 3499 vel
1522 3416 1593 3527 qui
1610 3404 1676 3493 alia

228 3527 329 3637 quid
349 3529 535 3609 meritorii
562 3530 691 3635 operis
711 3551 957 3638 peregerunt,
978 3532 1018 3612 in
1040 3524 1122 3642 ipso
1148 3534 1284 3612 mortis
1309 3527 1483 3652 confinio
1506 3526 1678 3611 exhibeo

227 3665 295 3723 me
314 3642 371 3723 eis
391 3638 731 3750 benignarpietare
757 3644 811 3724 ita
831 3636 1060 3754 amabilem,
1124 3645 1210 3729 uod
1235 3672 1283 3727 ex
1319 3648 1463 3731 intimis
1499 3637 1679 3727 medullis
1814 3702 1821 3713 .

230 3752 364 3838 cordis
388 3748 556 3864 poe'niter
574 3778 644 3835 eos
668 3779 732 3836 me
753 3779 925 3867 unquam
945 3670 1160 3863 offendida
1176 3754 1350 3843 uades&
1369 3788 1439 3872 per
1454 3754 1570 3844 talem
1591 3785 1680 3869 poe·

226 3869 430 3950 nitentiam
458 3891 553 3949 tunc
580 3861 787 3952 salvantur.
868 3871 978 3981 >Ergo
1002 3899 1076 3984 pro
1114 3873 1341 3985 dignatione
1368 3870 1431 3957 illa
1459 3869 1600 3958 vellem
1628 3871 1679 3955 ab

231 3974 366 4081 cledis
396 3982 492 4064 meis
512 3975 738 4093 glorificari,
762 4008 808 4067 ut
830 3977 972 4068 scilicet
994 3990 1097 4073 inter
1122 3972 1314 4100 generalia
1343 3987 1532 4073 beneficia
1565 3992 1681 4072 etiam

242 4092 251 4107 ⁸
332 4090 521 4182 D.E.A.
539 4092 895 4185 allevatitium
913 4098 969 4188 ll.
1185 4104 1219 4188 L
1277 4158 1285 4167 -
1604 4127 1681 4214 pro

430 4502 485 4571 'l
