3796 4994
600 324 801 428 Revelat.
823 321 876 424 de
902 320 1089 461 Agreda.
1112 330 1224 425 Pars
1238 328 1297 426 ΙΙ.
1556 339 1656 459 377

335 559 461 635 1173.
499 531 672 621 Christus
702 532 872 619 habebat
903 525 1064 646 capillos
1097 491 1242 616 coloris
1274 527 1394 616 medii
1418 529 1519 616 inter
1545 534 1658 618 casta·

216 675 336 738 neum
358 655 398 732 dt
425 674 594 735 aureum.
661 643 777 735 Oculi
792 671 901 732 etant
927 640 1048 759 grisei.
1102 651 1240 732 Forma
1265 649 1438 757 corporis
1459 642 1658 756 persedis-
1816 673 1823 687 ·

212 765 316 853 lima.
373 760 528 850 Lucifer
548 788 641 847 tunc
663 760 824 847 sedebat
848 766 889 845 in
915 763 1050 845 medio
1074 759 1203 845 cordis
1224 759 1359 865 Judaet
1401 763 1658 874 &quianon

244 902 370 963 oterat
383 875 554 988 perferre
577 873 834 962 humilitatem
853 874 1003 972 Christi,
1021 870 1180 961 volebat
1199 877 1396 971 exinde&
1414 898 1462 959 ex
1478 901 1660 962 coenacu-

213 907 256 1075 lo
279 989 426 1103 fugere.
483 991 564 1075 Sed
581 991 753 1075 Christus
773 1016 863 1074 eum
880 988 1098 1103 impedivit.
1317 1011 1325 1020 ’

334 1146 457 1219 ¹¹77·
498 1121 672 1205 Christus
694 1113 790 1203 nulli
809 1119 984 1205 exhibuit
1002 1113 1235 1208 beneficium
1262 1115 1469 1235 corporale
1484 1117 1565 1208 linc
1587 1121 1658 1208 ad·
1752 1238 1757 1242 1
1835 1132 1841 1141 “

214 1233 403 1318 mixtione
422 1227 579 1341 alicujus
597 1231 777 1318 beneficii
797 1227 1009 1348 spiritualis.

335 1389 457 1464 ¹179·
501 1366 556 1448 B!
571 1365 621 1447 V.
653 1361 705 1446 ad
728 1387 794 1446 me
819 1363 942 1447 dixit:
985 1362 1042 1447 Sit
1069 1361 1141 1447 tihi
1164 1362 1244 1450 haec
1268 1362 1489 1460 inconcussa
1511 1361 1659 1482 regula.
1750 1378 1752 1382 ‘

216 1476 392 1590 Quando
411 1481 467 1562 tui
489 1471 722 1561 Confessarii
748 1480 789 1557 dc
810 1477 1281 1592 Superioresapprobant
1294 1485 1430 1593 gratias
1448 1487 1489 1564 δι
1511 1480 1663 1568 bench·-

216 1596 275 1674 cia
291 1591 362 1675 tibi
379 1590 403 1676 a
423 1593 518 1676 Deo
534 1586 697 1686 indulta,
729 1588 850 1674 debes
868 1586 943 1674 illis
965 1589 1138 1691 credere,
1161 1619 1207 1677 ea
1231 1593 1419 1680 beneficia
1438 1594 1658 1707 admittere.

215 1708 256 1787 δι
276 1707 460 1790 aestimare
479 1704 629 1816 absque
655 1697 733 1786 ulla
754 1702 966 1804 dubietate,
986 1700 1051 1788 vel
1071 1704 1316 1792 titubatione.
1416 1776 1419 1780 .
1581 1707 1583 1711 ’

333 1852 458 1927 1181.
499 1829 685 1918 Ultimam
724 1858 879 1918 coenam
907 1834 1081 1920 Christus
1114 1859 1203 1918 cum
1233 1831 1322 1919 disci
1351 1834 1423 1920 ulis
1446 1834 1599 1949 sumpsit
1615 1841 1658 1924 itt

213 1969 315 2034 terra
328 1946 558 2032 recumbens
579 1943 688 2058 supra
704 1941 900 2043 mensam,
928 1973 1015 2060 quae
1041 1972 1125 2032 non
1150 1944 1277 2035 multo
1301 1865 1416 2039 altior
1439 1952 1542 2034 terri
1561 1975 1655 2052 erat,
1720 1947 1725 1956 '

213 2087 336 2174 quam
373 2058 436 2145 sex
475 2086 543 2145 aut
580 2055 603 2144 s
647 2084 726 2144 tem
760 2054 925 2172 pollices
952 2058 1259 2166 more'ludaico.
1340 2066 1433 2148 Post
1459 2062 1654 2151 lotionem
1725 2100 1767 2113 ··

214 2176 361 2286 pedum
397 2197 526 2258 autem
553 2180 593 2278 lu
621 2198 652 2258 rt
685 2175 858 2259 Christus
886 2177 1009 2284 parari
1037 2172 1213 2261 altiorem
1244 2174 1412 2262 mensam
1436 2204 1488 2263 eo
1514 2181 1655 2277 modo,
1756 2261 1761 2268 .

215 2316 300 2400 quo
318 2315 422 2373 nunc
438 2288 544 2399 apud
569 2315 643 2372 nos
658 2285 840 2372 consueta
863 2289 929 2374 cib
1009 2289 1161 2374 Exinde
1182 2289 1293 2376 duxit
1309 2295 1462 2377 initium
1486 2321 1573 2380 mos
1592 2321 1658 2380 ce·
1791 2307 1843 2333 ²

213 2396 391 2486 lebrandi
417 2396 565 2487 Missam
593 2408 635 2486 in
662 2399 788 2486 altiori
815 2400 963 2500 mensa,
985 2427 1029 2487 ut
1055 2430 1161 2488 nunc
1185 2409 1227 2487 in
1255 2403 1421 2490 Ecclesia
1447 2404 1658 2498 Catholica.

213 2513 298 2600 fieri
320 2510 427 2601 solet
494 2512 898 2624 Mensamgstraverunt
929 2510 1082 2612 linteo,
1119 2522 1159 2599 dt
1187 2519 1450 2628 imposuerunt
1482 2526 1655 2632 patinam

215 2655 305 2712 cum
334 2625 473 2729 calice,
503 2633 572 2740 qui
594 2626 764 2711 habebat
787 2626 954 2710 somnam
981 2621 1106 2711 calicis
1127 2633 1169 2713 in
1191 2626 1301 2714 Missa
1323 2631 1457 2717 ufirati.
1539 2630 1656 2737 Calin¹

217 2747 255 2827 dc
285 2748 414 2856 patina
441 2764 547 2826 erant
569 2768 616 2825 cx
636 2736 672 2823 la
701 2739 768 2824 ide
792 2738 899 2824 simili
920 2740 1161 2855 Smaragdos
1202 2770 1329 2846 eaque
1349 2741 1435 2829 vasa
1461 2746 1657 2837 Dominus.

215 2859 371 2941 Domus
392 2858 547 2942 Christo
572 2769 743 2955 obtullt3
779 2853 887 2969 unde
906 2852 1075 2954 fadum,
1100 2858 1222 2969 quod.
1239 2852 1405 2969 apostoli
1427 2858 1519 2945 dein
1538 2865 1584 2947 iis
1602 2858 1675 2949 ιιίῑΙ

215 2968 357 3055 fuerint
389 2970 440 3054 ad
466 2965 803 3071 consecrationem.
873 2972 916 3053 ln
947 2974 1119 3081 patinam
1159 2969 1333 3059 Christus
1361 2968 1488 3088 posuit
1511 3001 1655 3089 panem

215 3108 410 3199 azymum,
427 3089 465 3167 δι
485 3088 526 3168 in
544 3079 701 3168 calicem
722 3086 854 3174 vinum
873 3109 1029 3195 putum.
1159 3095 1162 3104 '
1651 3088 1656 3095 ’
1720 3118 1723 3123 ’

335 3242 458 3317 uta.
485 3226 590 3308 Dein
613 3221 785 3307 Christus
805 3218 939 3305 habuit
957 3213 1175 3307 sermonem
1200 3221 1252 3309 ad
1269 3217 1489 3336 discipulos,
1509 3226 1551 3307 in
1570 3250 1656 3337 quo
1690 3280 1693 3295 ·

215 3337 303 3452 ipsu
324 3337 627 3422 commendabat
654 3361 827 3418 amorem
855 3338 895 3415 dt
923 3358 1060 3445 pacem
1088 3341 1188 3421 inter
1218 3334 1279 3428 scs
1319 3337 1501 3438 dicebat,
1540 3337 1656 3536 guod

217 3478 351 3539 amore
376 3447 548 3536 fraterno
580 3444 739 3563 diligere
763 3444 985 3533 seinvicem
1020 3449 1202 3548 debeant,
1231 3448 1326 3537 ficut
1347 3456 1460 3538 Pater
1491 3478 1554 3538 coe
1569 3453 1656 3538 eliis

218 3593 289 3652 eos
323 3560 531 3678 diligit..
583 3565 761 3648 Tandem
790 3589 859 3673 per
883 3557 1043 3673 angelos
1076 3569 1270 3676 apportati
1292 3557 1439 3664 suntin
1474 3593 1668 3655 coenacu.

215 3673 298 3764 lum
340 3685 454 3763 etiam
490 3678 625 3764 Enoch
663 3681 704 3760 δι
746 3670 878 3772 Elias,
925 3679 1018 3789 quia
1056 3677 1229 3764 Christus
1266 3681 1342 3767 hos
1377 3682 1479 3786 duos
1524 3688 1656 3767 Patres

216 3795 333 3906 Legis
358 3789 537 3883 naturalis
565 3797 606 3875 δι
644 3790 800 3904 Scripta
833 3784 957 3875 voluit
979 3787 1153 3878 interelle
1177 3789 1401 3882 fundationi
1430 3799 1543 3911 Legis
1570 3821 1656 3910 gra·

220 3929 293 3993 trae.
630 3943 633 3951 ·

297 4064 982 4282 .D.E·A.delievelat.Parsll.
1182 4153 1298 4241 Bbh
1400 4290 1403 4295 ἢ
1531 4176 1657 4264 11834
1804 4104 1807 4111 ¹
