3796 4994
15 284 23 303 ’
87 376 94 389 ,
212 314 289 419 94
600 254 909 388 Revelationtr
943 288 1266 389 oneranda.
1502 410 1505 417 ,

221 510 351 575 eutem
371 490 637 605 predicationi
659 499 701 576 'dt
723 494 906 578 doctrine
933 487 1065 580 sande
1078 491 1298 590 inserviunt,
1319 496 1363 576 B.
1386 488 1583 607 Apostolis
1607 497 1663 577 vi·

224 607 418 690 elebantur
439 607 670 706 coadunati,
691 613 729 690 dt
747 608 803 693 {ic
820 609 872 692 de
899 601 993 691 aliis.
1071 611 1283 721 Cognovit
1301 612 1421 691 etiam
1453 603 1663 718 specialiter

220 716 365 802 Choro
385 722 614 804 Sannorum
635 726 847 833 Martyrum
880 723 1055 806 ordinem
1079 718 1360 834 Religiosorum
1384 718 1451 804 sub
1472 723 1665 804 obedien·

217 834 275 915 tia
294 828 457 944 regulari
480 835 571 919 Deo
592 831 835 919 servientium
858 830 1055 931 insertum,
1085 841 1136 919 ed
1160 835 1272 950 quod
1292 835 1385 919 sieut
1402 839 1591 946 Martyres
1622 839 1662 928 in

86 1042 90 1047 ,
221 964 273 1031 eo
291 945 482 1047 membro,
501 949 540 1030 in
575 976 658 1060 quo
680 946 767 1060 pani
792 943 880 1031 lunt
907 976 981 1058 pro
1000 952 1203 1045 Domino,
1234 943 1441 1058 specialem
1470 951 1662 1031 decorem

217 1053 327 1141 fimul
357 1063 647 1170 &potestatem
668 1089 763 1147 rece
792 1086 903 1146 erunt
928 1061 1192 1147 inaestimabilis
1221 1058 1521 1157 delectationis,
1537 1068 1597 1146 ita
1621 1066 1663 1144 dc

217 1164 399 1287 Religioil
427 1202 502 1286 pto
530 1169 689 1288 ungulis
706 1090 1025 1276 delectamentis,
1047 1175 1071 1261 d
1092 1179 1241 1290 ¹quibus
1275 1180 1314 1259 in
1346 1202 1587 1289 quacunque
1618 1201 1661 1260 re

217 1276 259 1369 se
278 1295 492 1387 continent,
510 1312 554 1374 ut
573 1294 616 1374 in
643 1283 736 1387 visu,
756 1293 881 1402 gustu,
909 1289 1055 1386 auditu,
1075 1285 1332 1386 ambulando,
1357 1283 1419 1372 vel
1436 1284 1661 1403 loquendo,

198 1400 262 1497 «ὰ
287 1396 474 1485 fimilibus
506 1403 740 1487 dandorum
765 1408 983 1515 'Mmtyrum
1016 1406 1166 1487 meritis
1203 1402 1393 1517 adaquati
1428 1399 1663 1486 confimilem

217 1534 309 1595 mm
330 1513 423 1626 ipsis
446 1519 663 1628 percipient
692 1522 1039 1602 remunerationem
1063 1522 1108 1600 in
1138 1511 1258 1603 etelit.
1345 1521 1544 1626 Quoniam
1573 1511 1663 1600 licet

40 1700 44 1707 .
219 1623 441 1736 persecutor
461 1626 635 1742 ipsorum
658 1658 745 1716 «non
772 1628 912 1715 fimdat
940 1624 1192 1742 sanguinem,
1218 1655 1373 1725 tamen,
1402 1629 1515 1741 quod
1544 1635 1665 1732 majus

220 1739 297 1841 cll,
312 1747 513 1853 propriam
537 1741 761 1829 abscindere
782 1744 1023 1828 voluntatem
1053 1745 1211 1829 liudem
1228 1771 1303 1854 per
1329 1747 1533 1826 continuas
1554 1743 1667 1826 absti-

102 1866 105 1873 “
223 1857 374 1939 nemias
391 1852 642 1941 immolantes
657 1858 926 1970 quodamodo
949 1855 1168 1941 sacrificium
1185 1854 1436 1941 eonfeffionis
1456 1857 1664 1967 quotidia-

167 1966 172 1976 '
220 1991 326 2052 num.
407 1970 485 2053 Sed
516 1968 621 2055 forte
655 1968 877 2083 responderi
913 1972 1065 2080 potest,
1098 1974 1286 2082 Martyres
1322 1977 1361 2052 de
1386 1964 1606 2079 Religiosos
1643 1966 1667 2053 d

221 2077 263 2164 8.
291 2083 487 2168 Gertrude
508 2112 593 2169 non
625 2089 847 2199 aequiparati
874 2090 915 2166 in
946 2078 1117 2166 laureola
1139 2092 1326 2194 gratuita,
1354 2080 1422 2170 sed
1449 2106 1598 2167 tantum
1626 2085 1667 2166 in

220 2197 378 2292 metito,
398 2201 438 2280 δι
454 2201 496 2282 in
510 2203 687 2310 proemiia
704 2203 843 2285 merito
860 2192 1260 2309 correspondentibus.

126 2510 133 2521 ,
244 2518 248 2527 ,
362 2392 532 2502 XLIII.
599 2394 661 2501 L.
691 2435 745 2529 4
779 2394 842 2501 C.
867 2400 960 2531 do
1021 2393 1260 2501 Adscribit
1280 2393 1487 2500 Cluilio
1524 2427 1666 2500 nova

224 2534 449 2677 gaudia,
497 2570 615 2675 quae
667 2570 778 2643 non
842 2538 1077 2641 uidentur
1124 2547 1394 2642 conuenire
1441 2537 1532 2652 illi,
1581 2545 1700 2675 qui«

223 2679 584 2815 praescientiam
624 2675 782 2783 habet
817 2676 1134 2794 futurorum,
1169 2703 1233 2782 ut
1271 2712 1372 2782 nos
1412 2677 1665 2783 habemus

224 2821 481 2925 scientiam
527 2821 844 2956 praesentium
864 2818 904 2939 ‚²
929 2815 1239 2924 &eatenus
1286 2822 1353 2922 est
1410 2822 1665 2922 discrimen

223 2961 324 3044 inter
352 2961 569 3056 Christum,
594 2964 639 3043 -&
666 2955 843 3057 sandius,
880 2962 923 3042 in
957 2959 1101 3072 quibus
1141 2986 1244 3042 nova
1273 2956 1481 3073 delectatio
1508 2957 1585 3042 fine
1614 2983 1667 3039 ta-

224 3100 317 3158 men
344 3100 454 3159 novo
481 3098 692 3185 augmento
719 3068 850 3186 'gloriae
879 3073 1045 3156 concedi
1073 3075 1210 3185 potest.
1295 3076 1360 3159 Sic
1386 3072 1528 3171 h‘abet:
1569 3076 1666 3154 Ger·

225 3189 358 3271 trudes
386 3183 575 3273 intellexit
602 3183 899 3272 inaestimabilem
922 3181 1192 3283 dulcedinem,
1210 3213 1295 3298 *qua
1322 3214 1392 3271 cor
1416 3187 1589 3268 divinum
1611 3182 1668 3266 af·

225 3295 362 3396 ficitur,
385 3306 541 3415 quoties
566 3295 704 3414 aliquis
730 3328 818 3386 eum
846 3328 1018 3386 moerore
1047 3298 1111 3384 lua
1132 3325 1290 3410 peccata
1314 3295 1477 3395 recolit,
1512 3305 1553 3380 dt
1579 3325 1666 3380 cum

227 3412 419 3497 desiderio
448 3418 635 3524 proponit
671 3421 878 3503 cavitate.
965 3414 1093 3522 Quod
1130 3419 1443 3526 quotiescunque
1467 3410 1580 3508 facit,
1606 3437 1668 3494 to·

225 3528 297 3609 ties
327 3520 428 3609 filius
456 3530 544 3611 DEI
571 3524 818 3613 inaestimabili
854 3554 965 3612 novae
1001 3523 1245 3612 exultationis
1288 3526 1468 3611 suavitate
1510 3521 1666 3609 affectus

226 3641 328 3721 canit
349 3643 461 3724 Patri.
481 3644 559 3725 &u
616 3642 696 3729 Sed
721 3670 802 3727 non
823 3645 876 3727 est
895 3666 1029 3727 contra
1042 3640 1189 3739 fidem,
1205 3643 1247 3726 in
1275 3643 1513 3727 humanitate
1530 3638 1667 3726 Christi

226 3746 440 3863 glorificata
457 3755 662 3842 admittere
680 3783 784 3843 nova
809 3757 961 3872 gaudie.

1498 4038 1664 4213 xm.
