3796 4994
609 231 916 335 Revelaeio'nes
949 235 996 330 S.
1032 228 1278 331 cernunt.
1538 267 1655 349 warr

215 437 431 560 prestaret,
466 441 508 525 in
534 462 639 556 quot
665 437 837 552 panibus
864 436 987 523 hostia
1013 438 1055 522 in
1081 462 1154 523 ore
1183 432 1298 549 ipsius
1325 424 1583 548 ditamur,
1614 455 1659 538 oa

213 561 312 645 ideo
339 577 544 641 conaretur
583 548 688 638 illam
715 557 755 637 in
783 547 911 664 plures
937 575 1065 663 partes
1091 550 1294 654 dividere,
1332 560 1526 645 Dominus
1564 562 1664 654 dixit

216 671 272 758 ad
297 695 406 755 eamr
448 671 550 753 Ecce
569 670 703 780 presto
723 664 817 763 sum,
842 692 885 751 ut
900 645 1151 777 per⁴pretium
1171 666 1286 774 hujus
1305 668 1540 760 Sacramenti
1561 676 1663 764 mul.

220 809 267 870 to
285 778 372 897 plus
392 786 569 894 accipias,
591 778 712 893 quim
735 807 847 864 orare
891 776 1062 865 resumis.
1131 784 1223 864 Haec
1240 782 1449 868 methodus
1469 779 1662 881 liberandi

218 902 363 984 animas
375 903 480 1005 juxta
500 921 701 983 numerum
720 809 988 1004 particdarum
1001 890 1156 978 videtur
1175 889 1352 998 absurda,
1369 898 1559 1014 adeoque
1578 932 1664 995 non

219 1013 350 1146 digna,
371 1034 459 1124 quae
473 1010 718 1205 expuqiretur
734 1007 943 1204 iglhristot
967 1006 1095 1210 Οἰῗῆ
1098 1002 1322 1142 responderi
1335 1013 1475 1214 potesse,
1491 1038 1577 1152 eam
1590 1046 1662 1133 pe·

218 1150 501 1336 ennea
519 1146 946 1350 ιιιιιιιιὲπῐιη
1095 1146 1143 1220 0’
1166 1146 1258 1260 ιι
1280 1149 1336 1208 ¹¹⁰
1353 1148 1409 1212 ι’
1454 1125 1664 1250 ‘ue‘

335 1429 420 1515 x11.
479 1427 523 1512 L
548 1454 584 1527 3·
608 1427 659 1514 C.
679 1454 747 1532 45.
804 1424 978 1513 Christus
999 1421 1049 1509 ad
1068 1424 1109 1511 S.
1132 1426 1368 1513 Gertrudem
1392 1430 1470 1518 ait:
1507 1431 1665 1543 Adiuro:

220 1569 272 1660 ge
296 1545 539 1656 petitionem,
569 1567 847 1655 quamcunque
866 1537 1072 1636 defideras,
1092 1544 1133 1622 δι
1158 1540 1313 1629 dabitur
1338 1544 1422 1631 tibi.
1477 1552 1591 1640 Tunc
1612 1581 1662 1640 o·

220 1685 309 1749 rans
334 1684 409 1771 pto
432 1655 669 1770 quibusdam
690 1655 807 1742 carrfis
834 1652 1015 1738 exaudita
1035 1655 1101 1739 cst.
1456 1660 1462 1672 ’

331 1847 430 1932 XIII.
488 1848 532 1932 1.
550 1873 591 1956 4.
612 1847 662 1932 0
692 1873 729 1931 a.
783 1845 956 1932 Christus
982 1846 1033 1929 ad
1052 1846 1090 1930 S.
1112 1843 1348 1932 Gertrudem
1377 1850 1452 1935 ait:
1495 1854 1663 1960 Omnes,

222 1965 294 2078 qui
317 1966 356 2047 se
378 1961 457 2045 tuis'
479 1961 757 2046 commendant
790 1958 1052 2058 orationibus,
1082 1954 1146 2044 vel
1164 1952 1297 2046 saltem
1322 1956 1458 2076 aliquo
1485 1974 1661 2081 cogitatu

221 2080 479 2163 interventum
504 2099 614 2158 tuum
633 2099 833 2187 exoptant,
847 2072 988 2158 exinde
1012 2098 1155 2158 tantam
1181 2072 1466 2191 consequentur
1488 2077 1661 2188 salutem,

221 2213 407 2305 quantam
431 2188 563 2300 adepti
587 2185 671 2272 sunt
703 2190 814 2295 judaei
837 2188 862 2272 ai
891 2181 1129 2299 serpentibus
1151 2189 1310 2299 percuffi
1339 2216 1387 2275 ex
1412 2187 1563 2305 aspectu
1578 2198 1662 2285 ser·

301 2309 350 2390 tis
370 2306 486 2400 aenei,
504 2328 623 2498 quem
644 2328 714 2412 per
736 2304 982 2386 ministerium
1004 2300 1149 2413 Moyfis
1166 2298 1243 2385 feci
1267 2306 1308 2384 in
1333 2329 1468 2390 eremo
1492 2306 1661 2401 exaltari.

303 2411 456 2528 aspeotu
483 2410 552 2499 ilo
568 2415 680 2523 judei
704 2411 826 2498 solum
857 2410 1189 2526 consequebantur
1217 2411 1374 2500 salutem
1405 2420 1664 2532 corporalem,

222 2540 366 2643 nempe
388 2527 623 2613 sanationem
642 2528 667 2613 i
689 2524 820 2642 plagar
849 2527 1059 2641 quomodo
1082 2554 1177 2640 ergo
1201 2554 1339 2614 omnes
1363 2535 1478 2616 etiam
1503 2532 1581 2623 sani
1603 2566 1661 2626 ta·

221 2640 302 2729 lem
324 2642 606 2755 consequenter
622 2638 811 2727 salutem?
848 2640 927 2727 Sed
953 2636 1229 2752 respondetur,
1254 2644 1333 2726 hoc
1363 2640 1662 2761 intelligendum

220 2752 568 2955 proplqrtionaliter
580 2752 934 2958 riquspiritualibus&
952 2752 1045 2949 srcqt
1064 2754 1238 2953 Chrisiqus
1264 2757 1386 2957 ‘¹¹¹³‘ss
1408 2755 1664 2899 relinquenti-

253 2898 297 2958 ιιι
351 2894 430 2956 ona
443 2891 579 2982 tempo
636 2896 671 2953 ra
703 2898 754 2957 an
773 2899 833 2956 um
853 2894 900 2953 tn
930 2895 1005 2952 nen
1038 2895 1102 2952 um
1126 2895 1166 2952 m
1225 2895 1305 2956 tera
1331 2899 1421 2960 vra.

336 3064 439 3151 xlv,
493 3065 535 3150 1„
557 3092 596 3162 4„
615 3064 665 3146 c.
684 3089 722 3155 7.
792 3060 833 3142 In
870 3061 1080 3144 Dominica
1110 3058 1246 3148 Omnis
1271 3069 1400 3164 serra,
1428 3067 1522 3170 dum
1551 3099 1664 3161 more

222 3171 398 3262 fidelium
431 3180 562 3262 Roma
580 3179 785 3287 imaginem
802 3177 924 3258 Faciei
943 3178 1107 3259 Domini
1123 3177 1256 3262 videre
1274 3177 1569 3268 desderantium
1591 3214 1663 3300 per

223 3290 502 3375 consessionem
527 3286 755 3400 spiritualem
776 3282 813 3369 se
837 3312 1087 3399 prepararet,
1109 3293 1148 3373 u
1185 3292 1279 3374 inde
1307 3319 1355 3377 ex
1389 3299 1682 3388 recordatione

222 3428 472 3516 peccatorum
499 3398 651 3494 suorum
676 3398 744 3483 srbi
768 3398 984 3484 deformata
1002 3405 1218 3501 videretur,
1249 3405 1441 3517 proceffit'
1461 3411 1512 3495 ad
1541 3418 1665 3526 pedes

224 3521 391 3602 Domrni
413 3519 532 3616 JESU
562 3540 698 3626 petens
730 3511 753 3599 a
784 3516 965 3598 Domino
993 3513 1249 3600 remissionem
1280 3526 1455 3607 omnium
1509 3552 1663 3614 cecato-

225 3648 336 3716 rnm'3
376 3637 446 3740 qui
472 3631 580 3713 dedit
604 3624 658 3712 illi
683 3628 997 3712 benedidironem
1026 3633 1065 3712 in
1093 3631 1174 3715 haec
1195 3631 1334 3716 verba:
1383 3551 1507 3722 sndrd

224 3748 263 3826 dr
292 3742 545 3828 remiffionem
582 3746 756 3827 omnium
787 3765 1035 3851 peccatorum
1076 3741 1149 3827 tibi
1177 3744 1329 3830 tribuo.
1412 3751 1494 3835 Sed
1521 3759 1562 3836 in
1595 3783 1665 3841 ve·

226 3884 307 3938 ram
328 3856 636 3939 emendationem
659 3859 836 3938 omnium
855 3849 1084 3941 deliciorum
1103 3854 1420 3973 tuorum-suscipe
1441 3864 1464 3948 a
1482 3891 1548 3950 me
1562 3867 1666 3954 hanc

217 3967 300 4063 dui
326 3974 530 4072 injuntum
557 3965 864 4070 satufasiionem,
884 3991 929 4053 ut
954 3996 1025 4081 per
1053 3993 1182 4057 totum
1210 3996 1355 4060 annum
1382 3977 1487 4063 hunc
1511 3973 1665 4174 fidnglr's
1696 4035 1700 4045 ‚

1572 4116 1668 4178 cus

1497 3648 1667 3758 gentiam
1792 3742 1795 3747 q
