3796 4994
243 325 346 433 384
616 302 818 405 Revesrt.
839 296 891 398 de
913 295 1102 435 Agredr.
1119 305 1236 398 Pars
1255 228 1325 397 ΙΙ.1

241 509 414 595 Christus
435 498 509 592 fuit
531 503 736 619 percussus,
760 478 1057 618 autiptotrusus.
1112 509 1221 588 Nam
1244 500 1313 614 ipsi
1341 493 1491 584 collata
1524 499 1696 587 erathzc

245 628 368 739 gratia
396 614 627 720 sensationis,
646 645 689 704 ut
712 622 856 704 dictum
881 624 946 714 est,
971 625 1007 701 ἃ
1039 615 1193 703 ulterius
1207 619 1376 700 dicetur.

363 763 486 837 1240.
514 738 647 844 Capto
674 736 829 816 Christo
852 730 1032 844 Apostoli
1058 755 1260 840 coeperunt
1282 729 1450 813 haefitare
1473 731 1518 815 in
1541 725 1648 826 fide,
1663 732 1702 812 ὰ

247 845 416 964 quilibet
434 847 759 958 circumspiciebat
781 877 853 956 pro
874 849 937 928 sua
962 852 1171 930 securitate.
1233 871 1353 945 ¹²4¹·

247 957 250 961 ’
370 991 492 1064 ¹243·
529 967 719 1044 Petrus&
747 967 917 1062 Joannes
935 959 1072 1044 fortius
1098 963 1310 1045 restiterunt
1335 956 1550 1053 doemoni,
1585 953 1701 1069 quim

219 1077 378 1167 caeteri
402 1069 581 1184 apostoli.
635 1079 817 1158 Statuunr
836 1073 943 1185 sequi
966 1077 1187 1186 Magistrum
1210 1071 1233 1157 ai
1257 1070 1389 1183 longe.
1444 1070 1518 1152 Ad
1541 1072 1626 1154 hoc
1650 1077 1702 1179 ju·

195 1262 197 1265 ,
253 1188 371 1271 vabat
391 1215 474 1284 eos,
497 1188 611 1299 quod
631 1193 800 1291 Joannes
822 1188 936 1272 fuerit
954 1215 1069 1270 notus
1087 1191 1208 1290 Annae
1228 1189 1392 1269 Summo
1407 1183 1613 1281 Pontifici,
1637 1187 1700 1317 qui

254 1306 389 1386 annuis
403 1300 550 1384 vicibus
568 1331 657 1385 cum
676 1304 842 1414 Caypha
858 1301 1140 1384 administrabat
1156 1299 1438 1383 Pontificatum.
1496 1296 1702 1383 Familiari-

255 1438 315 1498 tas
338 1440 466 1498 autem
482 1419 643 1517 Joannis
666 1442 752 1496 cum
779 1417 894 1498 Anna
922 1413 1111 1499 Pontifice
1132 1443 1178 1496 ex
1197 1416 1275 1496 hoc
1301 1415 1501 1523 provenit,
1523 1417 1626 1526 quia
1642 1414 1700 1496 ha·

256 1526 422 1611 bebatur
444 1557 519 1638 pro
542 1537 627 1613 viro
651 1533 808 1624 eximio,
829 1535 867 1612 ἃ
893 1553 973 1612 erat
994 1523 1150 1627 nobilis,
1170 1533 1209 1610 &
1234 1519 1408 1610 affabilis.

380 1671 503 1741 ¹244·
531 1651 575 1727 B.
600 1649 648 1727 V.
668 1645 764 1727 vidit
787 1670 925 1728 omnes
943 1647 1202 1754 'cogitationes
1231 1634 1525 1751 apostolorum,
1555 1666 1702 1725 eorum-

121 1777 124 1780 ⁴
291 1782 341 1837 ue
373 1757 507 1841 statum
531 1763 737 1843 internum.
820 1762 932 1841 Tunc
962 1753 1089 1840 secum
1112 1757 1191 1838 ho'e
1226 1755 1354 1838 modo
1386 1747 1524 1835 locuta
1558 1757 1639 1840 est:
1668 1759 1713 1839 0*

258 1782 447 1979 implices
476 1867 652 1969 ovicula,
681 1896 804 1984 quare
830 1868 1039 1956 deseruistis
1067 1870 1231 1954 vestrum
1259 1867 1491 1952 Pastorem?
1510 1914 1531 1934 ·
1596 1876 1704 1981 Quo·

167 2033 170 2039 ·
260 1983 388 2067 modo
427 1988 585 2096 potestis
631 1981 804 2070 oblivisci
848 1992 928 2096 ejus
976 1983 1207 2070 doctrina?
1246 2029 1267 2050 ·
1332 1985 1371 2066 O
1412 1977 1633 2068 dulciffime
1669 2007 1705 2068 a·

91 2137 120 2200 χ
260 2102 423 2182 mor!-

384 2232 506 2319 1245.
533 2213 574 2293 B.
596 2212 735 2321 Virgo,
765 2209 861 2296 sicut
889 2209 1000 2296 sensit
1033 2207 1132 2295 alios
1156 2206 1317 2297 dolores
1337 2210 1496 2310 Christi,
1518 2214 1576 2295 ita
1598 2216 1705 2296 etiam

263 2316 373 2409 senfit
392 2329 470 2430 ejus
490 2318 669 2408 dolorem
697 2325 754 2407 ob
776 2321 921 2435 lapsum
940 2320 1218 2437 apostolorum.
1244 2373 1264 2392 ·
1320 2326 1461 2439 Itaque
1480 2332 1595 2411 auxit
1614 2323 1707 2411 suam

264 2435 570 2522 interceffionem
598 2465 672 2548 pro
698 2435 894 2552 apostolis,
921 2440 1051 2524 donec
1069 2436 1157 2550 ipsis
1187 2443 1444 2552 promeruerit
1470 2445 1708 2524 convenient

265 2547 462 2649 auxilium,
492 2557 531 2634 &
559 2546 683 2636 filium
710 2558 946 2666 permoverit
976 2553 1028 2637 ad
1047 2545 1329 2666 indulgendum
1353 2549 1706 2639 &accelerandum

265 2666 460 2766 auxilium,
487 2688 531 2750 ut
552 2666 605 2750 ad
628 2665 748 2753 fidem
771 2675 810 2752 &
837 2671 1039 2752 amicitiam
1062 2672 1143 2776 ejus
1167 2690 1471 2758 reverterentura
1515 2668 1572 2754 ad
1605 2665 1709 2782 quoi

135 2873 142 2884 „
266 2779 389 2861 Maria
405 2777 479 2861 suit
498 2775 630 2862 efficax
651 2785 844 2893 &potens
860 2783 1162 2866 instrumentum.
1219 2783 1369 2865 Interea
1382 2776 1461 2893 ipsa
1478 2784 1523 2867 in
1544 2778 1617 2867 suo
1634 2808 1711 2866 cor·

267 2889 321 2974 de
340 2887 442 2972 colle
470 2894 498 2973 it
519 2914 642 2974 totam
670 2894 804 2998 fidem,
828 2888 1076 2992 sanciitatem,
1106 2889 1350 3008 religionem,
1370 2899 1409 2978 δι
1441 2900 1636 3007 pietatem
1655 2921 1709 2981 to-

245 3004 343 3090 tius
369 3006 423 3088 Ec
461 3001 553 3105 estat,
572 3031 658 3117 quae
680 3012 719 3091 in
736 3001 814 3120 ipsa
840 3005 1062 3094 conservata
1085 3009 1159 3105 est,
1186 3033 1373 3120 tanquam
1393 3013 1436 3093 in
1460 3009 1572 3096 Arca
1596 3015 1712 3098 conti·

268 3139 388 3203 nente
412 3119 558 3230 Legem
579 3123 720 3231 gnua,
737 3119 984 3220 Sacrificium,
1007 3117 1229 3233 Templum,
1252 3125 1292 3206 δι
1308 3125 1597 3211 διηᾶιιιιίιιιιι.
1637 3119 1711 3240 ipsa

267 3225 349 3316 sola
372 3231 568 3334 credebat,
589 3235 756 3332 amabat,
773 3231 962 3348 sperabat,
979 3240 1019 3320 δι
1035 3234 1231 3320 adorabat
1245 3237 1443 3342 objectum
1459 3235 1562 3349 fidei
1577 3267 1655 3353 pro
1668 3235 1712 3338 se,

101 3434 108 3439 ,
215 3449 217 3453 ,
269 3370 344 3465 pro
363 3341 572 3456 apostolis,
602 3350 742 3460 &pro
765 3372 855 3435 toto
881 3351 1054 3434 humano
1083 3374 1247 3464 genere,
1278 3347 1330 3434 fic
1354 3372 1398 3435 ut
1422 3355 1466 3435 in
1497 3380 1556 3440 eo
1614 3355 1713 3450 tadu,

269 3460 311 3539 in
358 3484 441 3589 quo
484 3486 590 3569 purae
635 3486 814 3550 creamrae
863 3456 1041 3581 possibile
1085 3466 1180 3566 est,
1232 3458 1467 3578 suppleverit
1522 3469 1553 3553 d
1597 3475 1715 3556 ecum

268 3595 513 3792 ominium.
539 3686 658 3789 Iudas
673 3654 762 3801 post
779 3663 1046 3804 proditionem
1062 3685 1223 3777 volebat
1239 3687 1545 3805 sepraecipitare,
1557 3641 1630 3783 sed
1647 3720 1718 3784 nou

271 3800 413 3909 potuit.
497 3819 621 3905 1248·
647 3808 760 3888 Tunc
786 3805 940 3892 Lucifer
963 3806 1032 3919 ipsi
1057 3800 1177 3907 suasit,
1206 3832 1249 3890 ut
1271 3811 1344 3891 iret
1367 3807 1421 3890 ad
1440 3803 1643 3898 summum
1663 3816 1719 3896 Sa·

274 3909 548 4014 cerdotem,'&
570 3922 788 4002 retraoiaret
811 3915 919 4004 suum
938 3943 1153 4032 peccatum.
1184 4025 1187 4030 ,
1207 3921 1396 4032 Sperabat
1423 3928 1539 4010 enirn
1560 3927 1718 4027 Lucifer,

160 4062 164 4085 =
271 4025 351 4121 hoc
371 4027 498 4116 modo
512 4024 623 4145 posse
641 4032 821 4144 impediri
842 4056 1009 4120 mortem
1025 4034 1176 4119 christi.
1246 4036 1290 4118 in
1319 4055 1441 4150 quem
1469 4037 1600 4129 finem
1618 4049 1718 4130 ttiau

1438 4245 1440 4247 ,
1647 4154 1718 4242 usu
