3772 4988
434 1351 440 1358 ·
560 1317 615 1397 lio
644 1310 833 1411 meliorix,
856 1310 920 1396 seu
951 1340 984 1395 m

519 438 527 451 ·
556 310 655 439 566
839 300 1176 437 Observationes
1195 308 1254 403 ad
1270 309 1421 405 nevel.
1442 304 1494 401 de
1523 302 1714 441 Agreda.

673 546 710 601 1.
739 516 915 627 Supponi
938 516 1111 612 videtur,
1131 514 1211 595 dari
1235 510 1388 623 aliquos
1413 516 1615 611 homines,
1642 516 1713 621 qui
1735 516 1879 597 etiamn

556 630 628 713 hac
647 636 724 713 vita
745 660 849 713 extra
869 630 970 741 lpum
990 628 1112 713 salutis
1136 636 1173 709 dt
1192 628 1319 711 auxtlti
1334 632 1523 711 constituti
1537 634 1631 711 lunt.
1643 634 1683 711 P.
1704 661 1740 713 ι.
1754 634 1811 711 Ν.
1825 656 1877 711 20

556 748 737 828 sterneret
762 750 862 827 viam
888 746 1081 827 erroribus
1100 740 1324 827 Calvinismi
1350 749 1388 825 de
1417 740 1651 845 Jansenismi.

674 890 712 941 r.
743 864 783 941 ln
802 885 891 942 toto
912 861 991 942 hoc
1007 885 1129 969 opere
1144 884 1192 939 cx
1216 860 1387 940 instituto
1404 859 1556 941 videtur
1570 852 1727 939 stabiliri
1747 856 1883 967 Dogm

556 967 714 1069 lianum,
739 980 777 1053 de
797 974 1113 1069 Leubnizianum,
1135 972 1248 1089 quod
1275 974 1383 1055 Deus
1401 970 1640 1055 necelsttetur
1663 969 1715 1053 ad
1737 968 1777 1053 se
1798 997 1885 1054 com

559 1088 724 1169 candum
748 1087 797 1168 ad
822 1112 926 1169 extra
953 1086 1077 1167 modo
1097 1084 1380 1195 petlet'tiffimo,
1402 1112 1486 1199 quo
1533 1086 1655 1174 orella
1687 1088 1727 1165 dc
1752 1084 1869 1197 quod

559 1202 689 1283 latetur
710 1200 761 1281 ad
781 1202 1025 1330 operandum
1044 1228 1164 1283 omne
1184 1195 1305 1331 illud,
1327 1206 1366 1283 in
1391 1227 1476 1312 quo
1498 1116 1719 1395 llmplficiter
1740 1204 1869 1311 reperi

559 1424 676 1511 fuerit
699 1425 936 1510 occellitatus
962 1313 1885 1541 a?blcld’bzllgtlllltntllaClttllllltcnlndlnllrllillgilti

562 1546 604 1625 Ρ.
627 1568 662 1623 t.
685 1544 742 1625 N.
771 1568 836 1641 35.
864 1554 930 1641 36.
957 1572 1022 1643 37.
1054 1566 1117 1646 33.
1145 1570 1211 1642 39.
1233 1568 1302 1646 40.
1328 1570 1536 1639 191.192.
1565 1564 1661 1637 208.
1685 1570 1787 1637 209.
1810 1574 1886 1629 21

565 1682 660 1755 2¹3·
688 1684 780 1753 520.
838 1660 912 1739 Pet
932 1658 1032 1739 hanc
1059 1658 1273 1741 doctrinam
1291 1662 1499 1767 aperiretur
1516 1655 1643 1740 aditus
1676 1657 1730 1739 ad
1757 1656 1883 1741 fatum

561 1767 699 1865 tilium,
717 1776 756 1851 de
774 1769 824 1852 ad
845 1766 1058 1855 absolutam
1085 1770 1339 1854 neceffitatem
1367 1767 1537 1873 Caluini,
1559 1776 1598 1855 dt
1616 1770 1670 1855 ad
1688 1772 1843 1855 nudam
1868 1768 1882 1853 l

561 1909 642 1969 tem
668 1883 692 1969 a
716 1888 921 1989 eoadione
948 1882 1244 1989 Jansenisticam.

685 2030 721 2101 3.
753 2004 913 2097 Dicitur,
932 2000 1046 2111 quod
1069 2027 1149 2083 non
1167 1995 1292 2084 solum
1319 2005 1361 2083 R.
1391 2002 1513 2110 Virgo
1531 1996 1554 2085 i
1571 2001 1700 2111 primo
1720 2026 1861 2083 mome

402 2188 407 2197 .
563 2118 878 2225 Conceptionis,
909 2111 976 2199 sed
1005 2120 1120 2197 etiam
1145 2112 1312 2197 Infantes
1334 2142 1406 2224 pro
1435 2115 1590 2199 Christo
1616 2114 1865 2219 occistjami

565 2254 744 2311 materno
766 2230 971 2313 habuerint
989 2227 1201 2342 perfedum
1222 2224 1327 2311 usum
1355 2232 1511 2311 rationis
1525 2232 1565 2309 δι
1581 2224 1725 2311 claram
1743 2234 1883 2312 notitia

567 2344 666 2426 sterii
685 2344 750 2425 SS.
773 2347 980 2427 Trinitatis.
1007 2348 1048 2427 P.
1074 2374 1108 2426 t.
1131 2348 1181 2429 N.
1199 2372 1294 2449 225.
1325 2371 1418 2425 221.
1443 2348 1482 2423 dt
1513 2349 1553 2426 P.
1571 2346 1884 2443 2.N.675.678

566 2457 758 2542 assertiost
779 2460 1051 2542 extenderetur
1076 2458 1125 2541 ad
1145 2484 1283 2541 omnes
1301 2454 1478 2557 infantes,
1499 2452 1669 2566 placeret
1687 2459 1860 2540 Luthcra
1885 2519 1886 2528 .

566 2566 743 2670 asserunt,
754 2572 804 2655 ab
815 2570 1265 2657 omnibuslnfantibusin
1275 2565 1669 2683 collationessaptismi
1682 2574 1771 2653 elici
1781 2580 1869 2655 actu

683 2716 724 2785 4.
740 2682 938 2783 Alleritur,
954 2688 1067 2800 quod
1079 2692 1123 2769 B.
1139 2691 1260 2797 Virgo
1272 2686 1456 2769 stantibus
1471 2684 1621 2769 donisel
1639 2688 1736 2767 Deo
1754 2712 1886 2798 accep

566 2806 740 2913 potuerit
755 2827 929 2912 peccare.
957 2808 999 2885 P.
1017 2830 1051 2885 1.
1072 2802 1123 2883 N.
1144 2828 1236 2901 322.
1253 2828 1351 2901 473.
1366 2828 1462 2909 474.
1484 2806 1525 2885 P.
1545 2830 1580 2901 3.
1596 2830 1612 2903 3
1626 2830 1691 2897 ¹4·
1721 2804 1818 2884 Hoc
1837 2805 1886 2881 ni

566 2942 622 2999 no
645 2909 748 2997 sensu
764 2910 989 3025 explicetur,
1003 2911 1172 3025 placeret
1194 2912 1422 3017 Jansenistis‚
1448 2920 1516 3026 qui
1541 2913 1597 2998 ob
1615 2910 1886 3023 dispofitione

567 3034 636 3113 tati
659 3026 885 3113 extrinsecas
905 3032 1020 3111 etiam
1042 3034 1083 3112 in
1107 3024 1189 3113 aliis
1208 3027 1432 3114 hominibus
1459 3023 1603 3113 tollunt
1622 3021 1847 3113 libertatem
1871 3034 1883 3111 i

564 3148 695 3229 tentiae
715 3141 766 3225 ad
790 3142 944 3227 bonum
964 3136 1028 3226 vel
1051 3138 1207 3227 malum.

687 3288 721 3361 5.
749 3256 980 3341 Admittitur
999 3260 1037 3341 in
1058 3262 1102 3341 B.
1125 3261 1285 3371 Virgine
1308 3254 1401 3342 visto
1425 3255 1503 3337 Dei
1523 3257 1700 3341 intuitiva
1725 3256 1886 3341 habitu

563 3368 708 3485 species
727 3398 775 3455 ex
794 3372 1036 3481 praecedente
1059 3370 1204 3457 vifione
1230 3374 1406 3455 intuitiva
1424 3364 1585 3452 relidas.
1607 3375 1651 3453 P.
1673 3398 1709 3453 r.
1733 3376 1792 3455 N.
1811 3400 1881 3473 37

565 3487 633 3571 nist
655 3480 881 3597 explicetur,
903 3482 1018 3569 facile
1040 3491 1080 3569 in
1105 3486 1420 3597 consequentiam
1439 3478 1549 3567 servit
1566 3485 1796 3597 beguardis,
1819 3491 1862 3571 in

562 3596 621 3685 liu
644 3598 852 3687 Viennensi
875 3599 1172 3689 'condemnatis5
1202 3606 1239 3680 de
1263 3594 1363 3683 falsas
1384 3598 1566 3707 Mysticis.

684 3728 723 3797 6.
752 3718 928 3827 lavago
949 3713 1063 3796 dixit:
1093 3719 1173 3821 Qui
1191 3720 1301 3798 vovit
1320 3713 1600 3805 obedientiam,
1620 3737 1702 3794 non
1720 3712 1849 3797 habet
1864 3740 1883 3775 a

566 3824 799 3913 electionem
821 3824 934 3911 ulltus
960 3831 1144 3927 aelionis,
1170 3827 1237 3911 nist
1256 3822 1375 3939 quim
1402 3830 1563 3938 injungit
1583 3822 1648 3907 ille
1660 3880 1675 3923 ,
1704 3832 1771 3911 cui
1792 3824 1831 3911 se
1855 3826 1876 3911 l

564 3948 605 4027 P.
627 3972 663 4025 r.
685 3948 741 4027 Ν.
762 3972 861 4045 443.
893 3948 986 4027 Haec
1006 3941 1181 4025 dodrina
1210 3940 1276 4025 nist
1303 3936 1534 4051 explicetur,
1555 3939 1710 4022 videtur
1732 3966 1875 4025 contra

566 4082 672 4141 mem
680 4053 1000 4171 Tlteologorum;
1028 4060 1121 4168 quia
1141 4081 1212 4166 pet
1225 4078 1362 4137 votum
1380 4052 1614 4136 obedientiae
1632 4048 1810 4166 quilibet
1828 4055 1868 4141 se

565 4166 717 4284 obligat
739 4173 791 4255 ad
807 4198 866 4275 et,
883 4168 1070 4286 quaesunt
1092 4168 1312 4254 conformia
1328 4163 1399 4253 suae
1415 4162 1582 4279 llegulae.

1840 4318 1882 4393 7·
