3796 4994
346 436 348 438 ,
422 448 425 454 s
517 327 854 456 obseruationes
875 326 936 420 ad
956 327 1105 445 Revel.
1130 330 1183 420 de
1204 327 1392 457 Agreda.
1575 329 1668 458 581
1770 435 1802 452 „

222 567 274 625 ta.
332 541 457 621 lmnio
480 563 527 619 cx
551 530 688 618 effestu
710 529 792 615 satis
816 526 1034 626 desumitur,
1057 557 1140 613 carn
1163 526 1285 613 lucem
1304 531 1325 616 a
1344 536 1433 618 Deo
1448 562 1529 618 non
1551 531 1675 637 suisse3

224 683 311 768 quae
328 658 429 736 enim
453 654 474 734 a
492 654 584 732 Deo
601 651 666 737 est,
688 643 871 758 relinquit
890 649 928 727 in
952 639 1148 727 intelleslu
1168 640 1308 753 species
1333 652 1548 732 corrlbinter
1563 647 1673 732 suasi·
1797 723 1802 733 .

223 765 288 852 vas
309 768 359 851 de
377 772 536 849 veritate
555 763 713 868 objesti,
733 767 770 843 δι
793 755 997 844 exclusrvas
1019 765 1146 843 omnis
1171 757 1386 845 formidinis
1406 763 1457 846 de
1475 765 1673 875 opposito.

223 889 315 967 Haec
333 908 462 964 autem
487 875 654 961 exclusio
675 880 713 958 iu
732 875 939 987 Agtedana
964 867 1095 956 locum
1125 902 1206 955 non
1228 875 1373 971 habuit,
1394 905 1482 960 cum
1504 877 1619 962 fuerit
1634 905 1673 962 a·

222 1003 340 1111 girata
362 997 556 1107 perpetuis
577 992 857 1083 anxietatibus,
881 1015 930 1070 ne
954 987 1056 1072 sorte
1078 988 1168 1069 eiler
1192 984 1309 1083 illusa,
1331 1015 1373 1072 ut
1392 1018 1497 1101 patet
1522 1021 1568 1074 cx
1593 1000 1674 1100 ejus

222 1117 349 1194 Vita.
384 1112 544 1219 Itaque,
578 1134 665 1188 curn
696 1099 768 1186 alia
796 1103 936 1185 indicia
959 1127 1060 1183 certa
1087 1103 1236 1184 ostendi
1265 1131 1345 1184 non
1372 1106 1530 1215 possrnt,
1555 1112 1670 1191 etiam
1796 1108 1800 1116 '

152 1237 157 1247 “
221 1229 425 1335 hucusque
449 1222 563 1304 suerit
588 1214 799 1313 ostensum,
832 1216 944 1328 quod
963 1240 1123 1299 econtra
1150 1221 1188 1298 in
1212 1217 1422 1326 Agredana
1437 1226 1672 1331 reperiantur
1759 1296 1760 1299 γ

223 1337 490 1448 disposrtiones
510 1337 662 1417 idonea
679 1333 730 1415 ad
745 1327 939 1414 illusiones
956 1330 1372 1442 phantasticas,&1psae
1389 1330 1555 1448 Regula,
1574 1361 1673 1449 quas

220 1449 380 1566 ipsamet
400 1477 474 1560 pro
495 1443 722 1531 discretione
744 1440 1043 1528 Revelationum
1066 1444 1214 1554 posuit,
1231 1447 1300 1527 has
1325 1447 1594 1533 Revelationes
1610 1477 1673 1534 ac·
1804 1457 1806 1461 ’

221 1573 363 1664 colent,
382 1572 419 1647 ἃ
442 1560 717 1647 Revelationes
736 1560 806 1644 [int
821 1555 1067 1641 disfimrllimae
1087 1554 1167 1638 aliis
1181 1555 1499 1646 Revelarionibus
1516 1567 1673 1648 aliunde

222 1683 352 1768 certis;
381 1677 560 1761 laborent
584 1702 747 1788 quoque
769 1671 986 1785 gravissimis
1009 1696 1144 1753 contra
1166 1667 1204 1754 se
1222 1674 1447 1780 praeiudiciis
1468 1679 1672 1790 hucusque

220 1797 422 1893 adduciis,
453 1792 666 1902 prudentiae
691 1792 765 1885 est,
789 1815 852 1870 eas
872 1814 953 1869 noo
978 1786 1148 1869 vendere
1170 1782 1322 1896 populo
1350 1811 1535 1900 tanquam
1558 1795 1671 1875 indu-

220 1911 316 2010 bias,
332 1906 397 1992 sed
416 1903 646 2016 suspendere
665 1903 849 2012 judicium
869 1926 993 2015 usque
1017 1902 1068 1984 ad
1094 1894 1316 1986 seutentiam
1342 1896 1508 2016 supremi
1531 1906 1672 1993 Tribu·
1765 1938 1769 1942 ⁴

220 2020 517 2110 nalisEcclesrae.
852 2035 854 2040 '
1418 2044 1419 2047 ‘

343 2141 621 2255 Argumentum
642 2166 682 2237 4.
711 2137 848 2248 Signa,
868 2159 954 2247 qua
973 2134 1014 2216 in
1030 2131 1236 2245 Agredana
1254 2138 1507 2246 reperiuntur,
1531 2133 1664 2221 auos

218 2253 389 2340 eruribus
416 2257 552 2363 partim
575 2251 767 2334 habentur
791 2278 863 2360 pro
885 2251 1049 2352 incertis,
1073 2254 1211 2356 partim
1231 2279 1304 2361 pro
1320 2247 1508 2362 suspeoiis.
1563 2247 1668 2364 Ergo

221 2397 353 2451 revera
370 2371 408 2447 in
431 2370 488 2449 lris
515 2362 815 2447 revelationibus
841 2390 922 2445 non
942 2362 1133 2446 habentur
1154 2362 1256 2475 signa
1276 2390 1391 2462 certa,
1409 2361 1474 2448 sed
1492 2360 1671 2476 suspeela.

220 2476 462 2566 Auiecedrus
478 2479 608 2588 probo
634 2505 682 2560 ex
708 2471 967 2588 applicatione
988 2472 1234 2587 Regularum,
1254 2477 1277 2562 a
1296 2479 1539 2564 Ductoribus
1556 2480 1669 2563 stabi·

219 2591 382 2678 litatum.
435 2596 540 2703 xInter
564 2596 630 2675 has
654 2594 707 2674 est

339 2703 481 2802 ueprius
504 2739 535 2788 r.
568 2702 724 2813 Eoipso,
745 2704 855 2816 quod
874 2701 1077 2789 Revelatio
1096 2706 1138 2790 fit
1157 2703 1309 2812 alicujus
1326 2704 1509 2805 foemina,
1524 2709 1672 2794 nonest

218 2827 438 2932 recipienda
461 2820 705 2903 lirreindiciis
728 2815 886 2901 aliunde
917 2825 1039 2901 certis.
1101 2826 1269 2905 Gravina
1285 2828 1391 2905 Part.
1409 2853 1442 2904 a.
1463 2826 1503 2907 l.
1523 2826 1669 2910 1.C.2.

220 2935 356 3021 aucit.
378 2968 411 3036 3.
442 2938 565 3046 Atqui
577 2940 615 3015 in
633 2930 945 3017 Revelationibus
961 2933 1177 3044 Agredanis
1192 2965 1273 3018 non
1293 2933 1378 3019 sunt
1390 2937 1529 3020 iudicia
1546 2933 1668 3021 aliun·

159 3053 163 3061 ’
219 3053 270 3134 de
291 3079 406 3146 certa,
422 3075 462 3132 ut
481 3051 626 3130 constat
645 3075 692 3130 ex
713 3048 900 3157 Proposit.
927 3044 990 3138 r8.
1012 3050 1049 3130 de
1073 3076 1121 3130 ex
1143 3078 1208 3145 eo,
1227 3055 1317 3161 quia
1330 3046 1423 3132 nulli
1438 3047 1596 3134 effecius
1609 3049 1668 3136 su·

216 3160 482 3279 pernaturales
495 3167 533 3246 in
544 3164 864 3245 contestationem
886 3163 1019 3244 harum
1031 3161 1325 3246 Revelationum
1338 3164 1488 3246 ostendi
1501 3162 1682 3276 possunt:

339 3275 481 3389 Repula
507 3307 543 3358 ι.
573 3276 680 3358 idem
700 3275 906 3357 dicendum
929 3278 980 3355 de
1004 3272 1321 3360 Revelationibus
1345 3303 1472 3360 earum
1489 3275 1671 3389 persona-

218 3401 329 3487 r'um,
353 3420 440 3504 quae
461 3387 545 3474 sunt
573 3415 714 3472 naturae
741 3389 997 3472 immoderate
1020 3385 1319 3497 melancholica.
1378 3390 1484 3472 ldem
1508 3395 1551 3477 L.
1576 3397 1668 3481 CC.

217 3515 266 3593 V.
286 3511 377 3617 Reg.
396 3538 434 3608 4.
464 3507 569 3588 Cum
594 3531 689 3614 ergo
717 3531 764 3587 ex
776 3508 862 3584 Vita
875 3508 1004 3586 Mariae
1024 3505 1075 3585 de
1091 3503 1248 3615 Agreda
1274 3509 1433 3600 constet,
1455 3533 1541 3590 eam
1558 3505 1670 3593 suille

214 3616 533 3704 melanclrolicam
558 3617 779 3716 immodice,
798 3642 937 3726 utpote
956 3622 1134 3729 agitatam
1158 3622 1350 3730 perpetuis
1374 3623 1491 3715 vanis,
1509 3646 1549 3703 ut
1569 3624 1668 3727 ipla-

216 3762 296 3819 met
314 3736 449 3829 credit,
468 3731 721 3817 anxietatibus
739 3758 784 3814 ac
804 3732 1022 3830 timoribus,
1041 3748 1121 3814 non
1137 3729 1220 3815 sunt
1241 3734 1470 3846 recipiendae
1488 3743 1568 3841 ejus
1585 3740 1666 3820 Re·

214 3847 430 3935 velationes
454 3848 531 3932 srne
556 3850 790 3959 argumentis
814 3852 923 3928 certis
944 3851 984 3928 in
1008 3843 1235 3954 particulari.
1663 3920 1666 3924 .

335 3960 473 4079 Regula
499 3992 533 4063 3·
563 3964 603 4044 Si
629 3959 790 4070 persona
808 3960 1119 4070 deprehendatur
1135 3955 1439 4071 presumptuosa,
1456 3965 1669 4052 confidens
1791 3980 1793 3984 ’

214 4083 256 4162 in
275 4080 344 4160 suis
364 4083 505 4161 meritis
528 4082 566 4159 δι
586 4076 751 4171 viribus,
774 4080 826 4157 ira
847 4100 887 4156 ut
909 4074 930 4156 ὲ
954 4071 1059 4158 coelo
1093 4073 1282 4187 exspestet
1304 4063 1591 4175 Revelationes,
1623 4087 1665 4164 de

213 4189 406 4321 angelicas
433 4194 712 4321 iplirustiones,
731 4218 812 4280 non
833 4191 885 4276 est
901 4185 973 4273 illis
997 4191 1249 4304 credendum.
1274 4191 1384 4283 idem
1400 4195 1443 4281 l.
1460 4196 1552 4286 CC
1565 4202 1675 4282 Cura

938 4305 1158 4414 Ccccs
1570 4335 1666 4423 erga
1747 4417 1750 4423 Α
1864 4287 1871 4296 ’
