3772 4988
621 184 1204 342 renna-rim

210 458 264 565 ll.
288 416 527 598 Qrarrdo
562 441 783 553 revelatio
815 447 996 555 incerta
1031 527 1046 569 ‚
1102 443 1154 551 id
1189 442 1291 565 est,
1328 442 1467 551 nullo
1504 445 1655 554 fulta

260 657 372 730 terto
410 620 517 725 suae
564 611 814 724 divinitatis
858 651 1182 768 argumento,
1232 616 1499 759 opponitur
1528 617 1624 720 sen·

260 789 396 896 tentiis
434 778 774 937 theologicis,
810 820 894 895 aut
928 782 1254 933 positionibus
1290 781 1525 919 historicis
1549 782 1626 888 so

263 950 338 1064 lde
374 951 626 1128 probatis,
671 955 900 1120 adeoque
936 956 1187 1107 moraliter
1221 955 1385 1078 certis,
1438 951 1511 1061 hir
1536 992 1623 1098 po-

280 1095 303 1128 ’Χ

263 1132 339 1205 nur
369 1138 530 1243 quam
569 1102 848 1225 revelationi
886 1101 1121 1246 praetensae
1174 1097 1485 1207 infistendum
1522 1093 1626 1203 elle.

264 1264 464 1409 Equum
491 1259 625 1366 enlm
664 1262 760 1385 est,
796 1295 848 1368 ut
867 1280 1022 1368 cedant
1053 1282 1221 1369 incerta
1254 1283 1414 1384 certis,
1463 1270 1514 1376 ὅ
1545 1271 1625 1366 du·

264 1429 319 1527 hia
343 1446 480 1550 veris,

219 1664 258 1770 V.
283 1665 612 1779 Revelationes
643 1670 886 1815 privatas,
955 1664 1095 1778 nullo
1130 1670 1342 1779 munitas
1384 1661 1624 1776 infallibili

267 1823 386 1974 lrgno
423 1829 688 1941 divinitatis
710 1830 1133 1971 ¹characteristicO,
1187 1870 1292 1939 non
1328 1828 1496 1939 servire
1532 1866 1624 1973 pro

205 2131 211 2143 .
265 1991 411 2138 regula
434 1992 498 2117 ad
515 1982 886 2105 introducenda
917 2032 1050 2105 nova
1076 1993 1340 2144 dogmata,
1394 1991 1522 2132 prius
1541 1999 1626 2096 Ec·
1711 2090 1715 2095 .

264 2151 397 2262 tltsrae
431 2159 712 2309 incognita3
748 2198 909 2306 neque
936 2159 997 2267 ad
1015 2156 1307 2267 novandum
1325 2154 1517 2264 cultum
1547 2151 1627 2260 ali-

201 2398 204 2403 -
265 2351 403 2462 quem
439 2318 706 2470 Religionis
744 2319 1044 2466 publicum,
1085 2362 1189 2431 non
1226 2354 1519 2432 contentum
1539 2321 1628 2427 im·

265 2475 412 2619 plicitl:
448 2483 498 2588 in
532 2485 774 2628 principiis
812 2482 1007 2593 aliunde
1038 2489 1176 2594 certis
1195 2483 1422 2593 Ecclcfiae.

207 2724 275 2872 Vl
302 2722 509 2831 Easdem
545 2763 638 2832 nec
674 2725 840 2835 servire
870 2723 933 2833 ad
968 2702 1314 2837 convellendas
1345 2720 1624 2832 traditiones

262 2916 464 3028 receptas
501 2886 553 2993 in
577 2886 789 2995 Historia
824 2884 1167 3014 Ecclefiastica‚

204 3126 289 3229 Vll.
324 3133 502 3272 Neque
537 3126 603 3235 ad
643 3124 1045 3274 comprobandas
1081 3127 1340 3276 opiniones
1378 3122 1626 3271 particula-

264 3327 326 3394 res
348 3290 637 3401 Doetorum
664 3330 838 3403 coram
865 3293 1059 3455 populo
1080 3295 1132 3403 in
1163 3289 1504 3406 concionibus,
1542 3315 1626 3390 aut

265 3451 350 3560 aliis
385 3455 790 3564 instructionibus
828 3454 995 3604 plebin
1074 3458 1219 3567 Ratio
1255 3456 1441 3565 horum
1476 3452 1625 3560 trium

263 3629 578 3766 posteriorum
625 3629 1051 3738 documentorum
1103 3631 1214 3753 est,
1285 3629 1401 3777 quia
1436 3619 1625 3734 interest

261 3789 486 3916 Ecclesiae,
527 3828 595 3896 ne
632 3793 874 3936 ejusmodi
912 3801 1096 3938 semper
1131 3792 1421 3901 variantium
1437 3786 1627 3934 opinio·

260 3992 361 4067 num
398 3969 454 4074 de
493 3954 861 4069 revelationum
883 3958 1114 4244 duppilpps
1151 3960 1388 4068 scindatur
1409 3958 1559 4066 studia
1578 3953 1627 4054 in

1104 4145 1129 4209 ι
1512 4127 1627 4204 con·
