3796 4994
581 330 782 430 Revelar.
813 330 866 426 de
893 326 1082 463 Agraria.
1112 338 1221 438 Pars
1247 322 1305 428 h.
1565 335 1661 456 363

339 548 434 632 ιιι.
463 530 636 620 Christus
658 534 869 645 baptizavit
892 537 1084 645 Joannem
1104 539 1142 617 &
1158 540 1202 620 Β.
1225 537 1439 648 Virginem.

335 667 433 742 982·
458 651 572 731 Tunc
592 653 638 733 B.
655 652 704 733 V.
722 645 814 732 fecit
835 674 941 733 nova
962 651 1139 735 Cantica.

224 789 227 797 ’
333 779 432 856 987.
461 758 657 847 Christum
678 762 915 873 baptizatum
939 761 1221 847 comitabantur
1244 754 1373 875 angeli
1394 765 1434 848 in
1458 756 1663 861 desertum⁴

220 875 261 954 δι
283 873 564 961 venerabantur
582 871 705 985 ipsum
733 876 920 961 Canticis.
945 921 965 942 ·
1022 874 1129 961 Ante
1154 879 1372 960 orationem
1400 874 1549 989 semper
1570 904 1665 988 prot

221 986 412 1070 sternebat
434 984 474 1071 se
500 991 697 1071 interram
721 1036 740 1054 -
767 988 825 1071 ibi
850 985 988 1102 gratias
1007 990 1149 1101 agebat
1166 1014 1251 1072 non
1273 1012 1424 1076 tantum
1450 992 1567 1085 Patri,
1596 987 1665 1073 sed

221 1093 357 1210 aliquo
380 1100 507 1182 modo
529 1100 598 1211 ipfr
624 1103 738 1184 etiam
763 1126 925 1201 eremo,
961 1127 1013 1189 eo
1035 1101 1148 1216 quod
1167 1098 1206 1185 se
1228 1109 1427 1215 receperit.
1455 1152 1475 1171 ·
1530 1098 1665 1187 Prose-

218 1213 413 1323 quebatur
435 1215 656 1301 orationem
681 1213 1089 1327 expanfisbracbiisin
1105 1213 1235 1302 forma
1256 1224 1387 1304 mucis
1442 1220 1491 1304 Et
1507 1213 1662 1331 aliquo·

220 1330 292 1407 ties
314 1323 382 1407 sub
400 1329 581 1411 oratione
607 1325 767 1410 sudabat
788 1325 1022 1440 sanguinem.

335 1460 431 1535 988·
470 1434 604 1525 Mulrte
629 1435 718 1523 ferar
740 1442 1009 1544 accurrebant,
1030 1445 1070 1525 de
1093 1437 1354 1554 agnoscebant
1380 1439 1487 1527 suurn
1515 1466 1664 1529 creato·
1731 1502 1734 1507 -

218 1576 315 1648 rem,
340 1557 445 1658 cujus
464 1555 671 1663 agnitionis
692 1554 837 1637 dabant
856 1553 959 1668 signa
984 1554 1163 1668 gestibus.
1219 1558 1329 1651 ldenr
1344 1556 1570 1671 prestabant
1592 1587 1667 1642 vo·

216 1660 341 1750 lucres
360 1663 645 1757 advolantes&
674 1691 883 1753 cantantes.

333 1806 431 1875 990·
477 1774 755 1891 cognoscebat
777 1788 816 1865 Β.
834 1784 958 1893 Virgo
981 1777 1144 1892 quidem
1170 1809 1239 1894 pet
1259 1777 1425 1866 visiones
1450 1786 1489 1865 δι
1514 1779 1662 1869 revela·

213 1895 344 1980 tiones
359 1894 507 1989 omnia,
533 1920 620 2006 quae
633 1890 779 1977 fiebant
794 1921 883 1977 cunr
900 1895 1081 1981 Christos
1107 1895 1312 1979 mittebant
1326 1919 1455 1979 tamen
1474 1895 1543 1999 fibi
1560 1901 1662 1980 invi·

215 2033 301 2091 cem
322 2007 497 2114 angelos,
527 2031 570 2089 ur
591 2004 781 2111 referrent
810 2030 993 2092 oretenus
1015 2013 1100 2092 ada
1129 2005 1294 2103 alterius.
1376 2014 1514 2119 ltaque
1534 2004 1665 2121 angeli

215 2117 436 2203 referebant
461 2121 630 2221 Christo,
653 2149 740 2231 quae
761 2145 891 2232 egerat
913 2128 954 2204 Β.
979 2124 1121 2231 Virgor
1152 2126 1191 2203 δι
1210 2122 1300 2206 huic
1318 2117 1549 2218 referebant,
1573 2149 1661 2234 quae

215 2256 345 2344 egerat
382 2232 577 2328 Christus,
613 2237 790 2343 quamvis
824 2233 966 2330 ambo,
998 2236 1149 2337 JESUS
1179 2241 1219 2320 δι
1244 2238 1389 2331 Maria,
1420 2235 1557 2319 eadem
1584 2243 1662 2338 iam

213 2351 318 2458 prius
341 2340 517 2457 sciuerint
534 2373 603 2456 per
623 2343 739 2429 alium
759 2347 922 2431 modum
939 2339 1094 2432 sciendi.
1148 2351 1508 2460 Quamprimumll.
1534 2352 1582 2434 V.
1599 2353 1659 2435 in·

214 2453 382 2554 tellexit,
403 2542 406 2547 ,
424 2453 545 2541 filiunt
567 2450 679 2547 ¹suurn
700 2454 875 2571 *migrasse
912 2462 953 2542 in
985 2455 1202 2556 desertum,
1245 2455 1431 2545 conclusit
1465 2462 1586 2543 statim
1606 2468 1660 2566 ja·

215 2599 333 2657 uuam
356 2564 427 2653 su'ae
456 2569 621 2665 domus,
643 2593 803 2683 tamque
825 2575 996 2683 quietam
1010 2597 1091 2680 per
1112 2566 1201 2654 illos
1220 2600 1276 2670 40
1297 2572 1378 2655 dies
1399 2569 1437 2654 sc
1456 2570 1566 2656 domi
1587 2574 1659 2657 de·

213 2689 328 2770 tinuit
354 2685 403 2767 ab
435 2688 545 2767 omni
573 2680 756 2767 societate
780 2686 985 2767 hominum
1005 2682 1175 2780 remota,
1203 2709 1245 2770 ιιι
1265 2685 1381 2769 vicini
1412 2685 1660 2783 crediderint.

215 2825 301 2884 eam
320 2793 502 2880 derelicta
524 2797 649 2879 domo
667 2822 755 2879 curn
776 2792 859 2880 filio
885 2792 964 2881 alib
986 2792 1171 2909 migrasse.

331 2938 428 3007 991·
457 2911 631 2994 Christus
654 2915 692 2992 in
713 2906 863 2994 deserto
886 2909 1067 3024 quotidie
1091 2909 1228 2994 orabat
1245 2912 1449 2997 trecenties
1468 2911 1575 2994 flexis
1589 2937 1658 3024 ge·
1683 2909 1687 2915 ’

214 3023 341 3109 nibus.
394 3106 398 3113 ,
425 3023 536 3106 ldern
559 3021 727 3110 faciebat
743 3031 786 3108 Β.
811 3029 856 3110 V.
881 3028 922 3108 in
941 3020 1009 3108 suo
1029 3019 1224 3109 cubiculo.
1278 3017 1452 3137 Reliquo
1475 3046 1657 3134 ternpore

214 3135 398 3223 cantabat
426 3162 515 3220 curn
541 3130 701 3246 angelis.
782 3142 868 3220 Hac
893 3138 1108 3222 imitatione
1141 3134 1376 3251 operabatur
1399 3141 1442 3219 in
1473 3131 1658 3220 omnibus

216 3250 459 3336 orationibus
485 3254 525 3333 &
555 3252 698 3333 meritis
722 3249 875 3335 Christi.
950 3250 1167 3335 obtinebat
1192 3253 1307 3335 etiam
1335 3276 1446 3363 pates
1479 3252 1659 3333 victorias

217 3363 351 3449 contra
373 3366 476 3448 vitia.
559 3365 599 3446 Si
631 3363 799 3445 Christus
831 3360 1069 3475 cantabona
1094 3364 1210 3449 nobis
1235 3365 1524 3476 promeruissit
1550 3386 1660 3448 tanta

216 3477 349 3562 debita
373 3475 571 3589 condigne
599 3472 731 3573 solvit,
757 3480 871 3558 etiam
895 3482 939 3561 B.
959 3481 1084 3603 Virgo
1116 3501 1303 3590 tanquam
1333 3477 1547 3584 coadjutrix
1575 3466 1659 3560 su'as

215 3618 367 3787 ριιίῗει1
381 3585 634 3702 interposuit,
663 3594 701 3678 dc
728 3590 936 3675 Mediatrix
954 3587 1050 3692 fuit,
1068 3614 1257 3705 quantum
1278 3617 1382 3704 pura
1403 3615 1582 3676 creatura
1604 3591 1659 3675 est

245 3704 352 3790 orbi
369 3731 405 3788 e.
915 3772 918 3776 .
1091 3744 1097 3755 .
1394 3772 1399 3780 .
1796 3786 1802 3794 ,

215 3731 241 3817 p
336 3844 432 3919 995·
474 3813 650 3928 Quando
676 3812 828 3899 Lucifer
848 3818 1010 3927 propius
1031 3813 1180 3901 accessit
1197 3818 1248 3901 ad
1280 3817 1487 3915 Christum,
1510 3841 1552 3902 ut
1573 3840 1659 3903 rea·

216 3954 336 4025 taret,
365 3931 499 4015 invafrt
521 3953 610 4012 eum
631 3955 718 4011 curn
733 3927 795 4012 sua
816 3932 982 4013 cohorte
999 3955 1160 4100 magnus
1179 3932 1331 4017 horror.
1356 3978 1374 4035 t
1432 3933 1538 4018 Dein
1552 3934 1658 4017 dice·

216 4044 284 4137 bat
306 4043 358 4178 ad
380 4046 600 4130 cohortem:
632 4037 767 4158 Qualis
787 4036 847 4130 hic
871 4040 919 4149 cll
947 4036 1076 4243 Ιὲοὲιιοι.
1115 4063 1146 4111 .·
1617 4165 1644 4238 6

1555 4181 1611 4251 99
1646 4215 1660 4243 .
