<?xml version="1.0" encoding="UTF-8"?>
<!DOCTYPE html PUBLIC "-//W3C//DTD XHTML 1.0 Transitional//EN"
    "http://www.w3.org/TR/xhtml1/DTD/xhtml1-transitional.dtd">
<html xmlns="http://www.w3.org/1999/xhtml" xml:lang="en" lang="en">
 <head>
  <title>
</title>
<meta http-equiv="Content-Type" content="text/html;charset=utf-8" />
  <meta name='ocr-system' content='tesseract 3.04.00' />
  <meta name='ocr-capabilities' content='ocr_page ocr_carea ocr_par ocr_line ocrx_word'/>
</head>
<body>
  <div class='ocr_page' id='page_1' title='image "./derevelationibu00amorgoog_0175.png"; bbox 0 0 3796 4994; ppageno 0'>
   <div class='ocr_carea' id='block_1_1' title="bbox 696 328 1699 470">
    <p class='ocr_par' dir='ltr' id='par_1_1' title="bbox 696 328 1699 470">
     <span class='ocr_line' id='line_1_1' title="bbox 696 328 1699 470; baseline 0.013 -33"><span class='ocrx_word' id='word_1_1' title='bbox 696 328 1245 470; x_wconf 81' lang='lat' dir='ltr'>RegalaeexRusbrocbit.</span> <span class='ocrx_word' id='word_1_2' title='bbox 1588 358 1699 468; x_wconf 81' lang='lat'>&#39;155</span> 
     </span>
    </p>
   </div>
   <div class='ocr_carea' id='block_1_2' title="bbox 344 539 1701 686">
    <p class='ocr_par' dir='ltr' id='par_1_2' title="bbox 344 539 1701 686">
     <span class='ocr_line' id='line_1_2' title="bbox 344 539 1701 686; baseline 0.004 -36"><span class='ocrx_word' id='word_1_3' title='bbox 344 551 520 686; x_wconf 79' lang='lat' dir='ltr'>Regula</span> <span class='ocrx_word' id='word_1_4' title='bbox 563 539 606 650; x_wconf 74' lang='lat'>2}</span> <span class='ocrx_word' id='word_1_5' title='bbox 664 544 893 651; x_wconf 85' lang='lat' dir='ltr'>Personae</span> <span class='ocrx_word' id='word_1_6' title='bbox 929 548 1044 652; x_wconf 71' lang='lat' dir='ltr'>veri</span> <span class='ocrx_word' id='word_1_7' title='bbox 1081 545 1375 653; x_wconf 82' lang='lat' dir='ltr'>illuminarat</span> <span class='ocrx_word' id='word_1_8' title='bbox 1412 541 1573 652; x_wconf 88' lang='lat' dir='ltr'>nullas</span> <span class='ocrx_word' id='word_1_9' title='bbox 1608 567 1701 656; x_wconf 89' lang='lat' dir='ltr'>aut</span> 
     </span>
    </p>
   </div>
   <div class='ocr_carea' id='block_1_3' title="bbox 236 687 1699 829">
    <p class='ocr_par' dir='ltr' id='par_1_3' title="bbox 236 687 1699 829">
     <span class='ocr_line' id='line_1_3' title="bbox 236 687 1699 829; baseline 0.001 -33"><span class='ocrx_word' id='word_1_10' title='bbox 236 722 377 796; x_wconf 86' lang='lat' dir='ltr'>ratas</span> <span class='ocrx_word' id='word_1_11' title='bbox 405 692 567 797; x_wconf 89' lang='lat' dir='ltr'>solent</span> <span class='ocrx_word' id='word_1_12' title='bbox 590 687 774 796; x_wconf 88' lang='lat' dir='ltr'>habere</span> <span class='ocrx_word' id='word_1_13' title='bbox 800 691 1029 810; x_wconf 78' lang='lat' dir='ltr'>visiones,</span> <span class='ocrx_word' id='word_1_14' title='bbox 1053 715 1250 829; x_wconf 86' lang='lat' dir='ltr'>raptus,</span> <span class='ocrx_word' id='word_1_15' title='bbox 1272 721 1333 818; x_wconf 79' lang='lat' dir='ltr'>ac</span> <span class='ocrx_word' id='word_1_16' title='bbox 1351 687 1699 797; x_wconf 70' lang='lat' dir='ltr'>revelationes</span> 
     </span>
    </p>
   </div>
   <div class='ocr_carea' id='block_1_4' title="bbox 236 831 1706 1413">
    <p class='ocr_par' dir='ltr' id='par_1_4' title="bbox 236 831 1706 1413">
     <span class='ocr_line' id='line_1_4' title="bbox 237 831 1706 947; baseline 0 -32"><span class='ocrx_word' id='word_1_17' title='bbox 237 833 341 916; x_wconf 91' lang='lat' dir='ltr'>lbid.</span> <span class='ocrx_word' id='word_1_18' title='bbox 364 835 416 920; x_wconf 88' lang='lat' dir='ltr'>C.</span> <span class='ocrx_word' id='word_1_19' title='bbox 438 863 502 937; x_wconf 81' lang='lat'>37.</span> <span class='ocrx_word' id='word_1_20' title='bbox 525 839 563 917; x_wconf 75' lang='grc' dir='ltr'>ἃ</span> <span class='ocrx_word' id='word_1_21' title='bbox 591 854 656 937; x_wconf 81' lang='lat'>38.</span> <span class='ocrx_word' id='word_1_22' title='bbox 678 831 728 917; x_wconf 81' lang='lat' dir='ltr'>stc</span> <span class='ocrx_word' id='word_1_23' title='bbox 749 831 889 916; x_wconf 85' lang='lat' dir='ltr'>habet:</span> <span class='ocrx_word' id='word_1_24' title='bbox 915 835 1063 917; x_wconf 87' lang='lat' dir='ltr'><strong>Primus</strong></span> <span class='ocrx_word' id='word_1_25' title='bbox 1079 834 1190 939; x_wconf 85' lang='lat' dir='ltr'>hujus</span> <span class='ocrx_word' id='word_1_26' title='bbox 1209 837 1338 947; x_wconf 87' lang='lat' dir='ltr'>gratiae</span> <span class='ocrx_word' id='word_1_27' title='bbox 1361 836 1464 917; x_wconf 90' lang='lat' dir='ltr'>rivus</span> <span class='ocrx_word' id='word_1_28' title='bbox 1479 857 1574 944; x_wconf 90' lang='lat' dir='ltr'>pura</span> <span class='ocrx_word' id='word_1_29' title='bbox 1593 860 1706 944; x_wconf 80' lang='lat' dir='ltr'>quae·</span> 
     </span>
     <span class='ocr_line' id='line_1_5' title="bbox 237 943 1698 1052; baseline 0.001 -20"><span class='ocrx_word' id='word_1_30' title='bbox 237 951 333 1032; x_wconf 88' lang='lat' dir='ltr'>dam</span> <span class='ocrx_word' id='word_1_31' title='bbox 357 975 405 1052; x_wconf 88' lang='lat' dir='ltr'>ac</span> <span class='ocrx_word' id='word_1_32' title='bbox 419 976 532 1033; x_wconf 51' lang='lat' dir='ltr'>&gt;meta</span> <span class='ocrx_word' id='word_1_33' title='bbox 555 946 620 1033; x_wconf 86' lang='lat' dir='ltr'>sun</span> <span class='ocrx_word' id='word_1_34' title='bbox 651 943 772 1032; x_wconf 87' lang='lat' dir='ltr'>licitas</span> <span class='ocrx_word' id='word_1_35' title='bbox 786 949 860 1033; x_wconf 84' lang='lat' dir='ltr'>esi.</span> <span class='ocrx_word' id='word_1_36' title='bbox 920 951 996 1031; x_wconf 89' lang='lat' dir='ltr'>Hic</span> <span class='ocrx_word' id='word_1_37' title='bbox 1011 952 1110 1032; x_wconf 89' lang='lat' dir='ltr'>vires</span> <span class='ocrx_word' id='word_1_38' title='bbox 1129 974 1269 1032; x_wconf 91' lang='lat' dir='ltr'>omnes</span> <span class='ocrx_word' id='word_1_39' title='bbox 1289 952 1425 1032; x_wconf 85' lang='lat' dir='ltr'>animae</span> <span class='ocrx_word' id='word_1_40' title='bbox 1447 969 1526 1031; x_wconf 86' lang='lat' dir='ltr'>tam</span> <span class='ocrx_word' id='word_1_41' title='bbox 1548 946 1698 1034; x_wconf 84' lang='lat' dir='ltr'>infimas</span> 
     </span>
     <span class='ocr_line' id='line_1_6' title="bbox 236 976 1697 1177; baseline 0.002 -31"><span class='ocrx_word' id='word_1_42' title='bbox 236 1061 363 1177; x_wconf 76' lang='lat' dir='ltr'>quim</span> <span class='ocrx_word' id='word_1_43' title='bbox 388 1058 581 1177; x_wconf 87' lang='lat' dir='ltr'>supremas</span> <span class='ocrx_word' id='word_1_44' title='bbox 609 976 720 1175; x_wconf 46' lang='grc' dir='ltr'>ἄρα</span> <span class='ocrx_word' id='word_1_45' title='bbox 746 1088 910 1148; x_wconf 88' lang='lat' dir='ltr'>omnem</span> <span class='ocrx_word' id='word_1_46' title='bbox 940 1056 1262 1174; x_wconf 81' lang='lat' dir='ltr'>multiplicitatem</span> <span class='ocrx_word' id='word_1_47' title='bbox 1300 1063 1470 1148; x_wconf 89' lang='lat' dir='ltr'>evehens</span> <span class='ocrx_word' id='word_1_48' title='bbox 1497 1063 1697 1174; x_wconf 81' lang='lat' dir='ltr'>quandam</span> 
     </span>
     <span class='ocr_line' id='line_1_7' title="bbox 236 1172 1696 1290; baseline 0.001 -29"><span class='ocrx_word' id='word_1_49' title='bbox 236 1182 279 1262; x_wconf 90' lang='lat' dir='ltr'>in</span> <span class='ocrx_word' id='word_1_50' title='bbox 308 1181 476 1264; x_wconf 88' lang='lat' dir='ltr'>homine</span> <span class='ocrx_word' id='word_1_51' title='bbox 502 1172 780 1289; x_wconf 81' lang='lat' dir='ltr'>fimplicitatem</span> <span class='ocrx_word' id='word_1_52' title='bbox 813 1172 939 1262; x_wconf 89' lang='lat' dir='ltr'>efficit.</span> <span class='ocrx_word' id='word_1_53' title='bbox 998 1181 1102 1263; x_wconf 88' lang='lat' dir='ltr'>Hinc</span> <span class='ocrx_word' id='word_1_54' title='bbox 1135 1181 1326 1262; x_wconf 86' lang='lat' dir='ltr'>memoria</span> <span class='ocrx_word' id='word_1_55' title='bbox 1359 1175 1383 1261; x_wconf 72' lang='grc' dir='ltr'>ὲ</span> <span class='ocrx_word' id='word_1_56' title='bbox 1413 1181 1696 1290; x_wconf 81' lang='lat' dir='ltr'>peregrinis&amp;</span> 
     </span>
     <span class='ocr_line' id='line_1_8' title="bbox 238 1287 1695 1413; baseline -0.001 -34"><span class='ocrx_word' id='word_1_57' title='bbox 238 1299 435 1379; x_wconf 85' lang='lat' dir='ltr'>extraneis</span> <span class='ocrx_word' id='word_1_58' title='bbox 482 1293 819 1413; x_wconf 57' lang='lat' dir='ltr'>cogitationibusp</span> <span class='ocrx_word' id='word_1_59' title='bbox 856 1297 897 1375; x_wconf 74' lang='grc' dir='ltr'>δι</span> <span class='ocrx_word' id='word_1_60' title='bbox 929 1292 979 1376; x_wconf 94' lang='lat' dir='ltr'>ab</span> <span class='ocrx_word' id='word_1_61' title='bbox 1013 1287 1258 1376; x_wconf 85' lang='lat' dir='ltr'>instabilitate</span> <span class='ocrx_word' id='word_1_62' title='bbox 1288 1291 1332 1377; x_wconf 90' lang='lat' dir='ltr'>fit</span> <span class='ocrx_word' id='word_1_63' title='bbox 1354 1287 1488 1389; x_wconf 87' lang='lat' dir='ltr'>libera,</span> <span class='ocrx_word' id='word_1_64' title='bbox 1518 1299 1559 1375; x_wconf 80' lang='lat' dir='ltr'>dr</span> <span class='ocrx_word' id='word_1_65' title='bbox 1585 1289 1695 1407; x_wconf 86' lang='lat' dir='ltr'>supra</span> 
     </span>
    </p>
   </div>
   <div class='ocr_carea' id='block_1_5' title="bbox 235 1402 1861 1522">
    <p class='ocr_par' dir='ltr' id='par_1_5' title="bbox 235 1402 1861 1522">
     <span class='ocr_line' id='line_1_9' title="bbox 235 1402 1861 1522; baseline 0.002 -30"><span class='ocrx_word' id='word_1_66' title='bbox 235 1435 380 1494; x_wconf 83' lang='lat' dir='ltr'>omnes</span> <span class='ocrx_word' id='word_1_67' title='bbox 404 1404 632 1495; x_wconf 80' lang='lat' dir='ltr'>sensibilium</span> <span class='ocrx_word' id='word_1_68' title='bbox 657 1412 868 1522; x_wconf 77' lang='lat' dir='ltr'>imaginum</span> <span class='ocrx_word' id='word_1_69' title='bbox 893 1402 1110 1491; x_wconf 83' lang='lat' dir='ltr'>incidentes</span> <span class='ocrx_word' id='word_1_70' title='bbox 1140 1403 1286 1520; x_wconf 90' lang='lat' dir='ltr'>species</span> <span class='ocrx_word' id='word_1_71' title='bbox 1317 1415 1355 1493; x_wconf 91' lang='lat' dir='ltr'>in</span> <span class='ocrx_word' id='word_1_72' title='bbox 1386 1407 1583 1521; x_wconf 87' lang='lat' dir='ltr'>quandam</span> <span class='ocrx_word' id='word_1_73' title='bbox 1623 1408 1695 1495; x_wconf 85' lang='lat' dir='ltr'>de·</span> <span class='ocrx_word' id='word_1_74' title='bbox 1858 1429 1861 1433; x_wconf 81' lang='grc'><strong>’</strong></span> 
     </span>
    </p>
   </div>
   <div class='ocr_carea' id='block_1_6' title="bbox 232 1518 1711 2446">
    <p class='ocr_par' dir='ltr' id='par_1_6' title="bbox 232 1518 1711 2212">
     <span class='ocr_line' id='line_1_10' title="bbox 233 1518 1692 1640; baseline -0.003 -29"><span class='ocrx_word' id='word_1_75' title='bbox 233 1522 370 1640; x_wconf 82' lang='lat' dir='ltr'>figitur</span> <span class='ocrx_word' id='word_1_76' title='bbox 397 1529 606 1614; x_wconf 79' lang='lat' dir='ltr'>unitatemr</span> <span class='ocrx_word' id='word_1_77' title='bbox 643 1528 685 1607; x_wconf 92' lang='lat' dir='ltr'>in</span> <span class='ocrx_word' id='word_1_78' title='bbox 713 1523 963 1636; x_wconf 89' lang='lat' dir='ltr'>eandemque</span> <span class='ocrx_word' id='word_1_79' title='bbox 997 1526 1181 1606; x_wconf 90' lang='lat' dir='ltr'>unitatem</span> <span class='ocrx_word' id='word_1_80' title='bbox 1207 1547 1290 1608; x_wconf 91' lang='lat' dir='ltr'>tum</span> <span class='ocrx_word' id='word_1_81' title='bbox 1318 1520 1496 1608; x_wconf 90' lang='lat' dir='ltr'>naturalis</span> <span class='ocrx_word' id='word_1_82' title='bbox 1523 1547 1606 1606; x_wconf 89' lang='lat' dir='ltr'>tum</span> <span class='ocrx_word' id='word_1_83' title='bbox 1634 1518 1692 1608; x_wconf 91' lang='lat' dir='ltr'>su-</span> 
     </span>
     <span class='ocr_line' id='line_1_11' title="bbox 233 1632 1694 1838; baseline -0.002 -114"><span class='ocrx_word' id='word_1_84' title='bbox 233 1634 490 1838; x_wconf 62' lang='lat' dir='ltr'>ppmaturalis</span> <span class='ocrx_word' id='word_1_85' title='bbox 514 1663 700 1752; x_wconf 87' lang='lat' dir='ltr'>perpetua</span> <span class='ocrx_word' id='word_1_86' title='bbox 725 1633 780 1722; x_wconf 91' lang='lat' dir='ltr'>illi</span> <span class='ocrx_word' id='word_1_87' title='bbox 808 1662 937 1723; x_wconf 91' lang='lat' dir='ltr'>manet</span> <span class='ocrx_word' id='word_1_88' title='bbox 967 1636 1190 1751; x_wconf 78' lang='lat' dir='ltr'>propensio.</span> <span class='ocrx_word' id='word_1_89' title='bbox 1249 1633 1362 1731; x_wconf 82' lang='lat' dir='ltr'>Alter</span> <span class='ocrx_word' id='word_1_90' title='bbox 1389 1642 1492 1722; x_wconf 89' lang='lat' dir='ltr'>rivus</span> <span class='ocrx_word' id='word_1_91' title='bbox 1521 1632 1694 1749; x_wconf 86' lang='lat' dir='ltr'>spiritua·</span> 
     </span>
     <span class='ocr_line' id='line_1_12' title="bbox 253 1747 1691 1870; baseline -0.001 -31"><span class='ocrx_word' id='word_1_92' title='bbox 253 1759 260 1774; x_wconf 91' lang='lat'>&#39;</span> <span class='ocrx_word' id='word_1_93' title='bbox 299 1755 485 1870; x_wconf 86' lang='lat' dir='ltr'>quaedam</span> <span class='ocrx_word' id='word_1_94' title='bbox 507 1748 654 1839; x_wconf 82' lang='lat' dir='ltr'>claritas</span> <span class='ocrx_word' id='word_1_95' title='bbox 677 1755 753 1851; x_wconf 87' lang='lat' dir='ltr'>est,</span> <span class='ocrx_word' id='word_1_96' title='bbox 780 1747 1021 1839; x_wconf 75' lang='lat' dir='ltr'>intelledum</span> <span class='ocrx_word' id='word_1_97' title='bbox 1061 1747 1271 1851; x_wconf 86' lang='lat' dir='ltr'>illustrans,</span> <span class='ocrx_word' id='word_1_98' title='bbox 1296 1751 1400 1838; x_wconf 91' lang='lat' dir='ltr'>adeo</span> <span class='ocrx_word' id='word_1_99' title='bbox 1422 1777 1464 1836; x_wconf 92' lang='lat' dir='ltr'>ut</span> <span class='ocrx_word' id='word_1_100' title='bbox 1485 1756 1524 1836; x_wconf 90' lang='lat' dir='ltr'>in</span> <span class='ocrx_word' id='word_1_101' title='bbox 1545 1757 1691 1838; x_wconf 79' lang='lat' dir='ltr'>cunciis</span> 
     </span>
     <span class='ocr_line' id='line_1_13' title="bbox 232 1863 1692 1987; baseline -0.002 -33"><span class='ocrx_word' id='word_1_102' title='bbox 232 1870 444 1956; x_wconf 80' lang='lat' dir='ltr'>virtutibus</span> <span class='ocrx_word' id='word_1_103' title='bbox 466 1895 596 1954; x_wconf 88' lang='lat' dir='ltr'>veram</span> <span class='ocrx_word' id='word_1_104' title='bbox 646 1870 765 1954; x_wconf 81' lang='lat' dir='ltr'>taestet</span> <span class='ocrx_word' id='word_1_105' title='bbox 780 1895 825 1953; x_wconf 89' lang='lat' dir='ltr'>ac</span> <span class='ocrx_word' id='word_1_106' title='bbox 842 1868 992 1953; x_wconf 87' lang='lat' dir='ltr'>indicet</span> <span class='ocrx_word' id='word_1_107' title='bbox 1009 1864 1291 1953; x_wconf 85' lang='lat' dir='ltr'>discretionem.</span> <span class='ocrx_word' id='word_1_108' title='bbox 1347 1868 1404 1951; x_wconf 85' lang='lat' dir='ltr'>At</span> <span class='ocrx_word' id='word_1_109' title='bbox 1421 1868 1517 1952; x_wconf 81' lang='lat' dir='ltr'>vero</span> <span class='ocrx_word' id='word_1_110' title='bbox 1540 1863 1606 1987; x_wconf 80' lang='lat' dir='ltr'>lpx</span> <span class='ocrx_word' id='word_1_111' title='bbox 1624 1869 1692 1957; x_wconf 79' lang='lat' dir='ltr'>ista</span> 
     </span>
     <span class='ocr_line' id='line_1_14' title="bbox 232 1978 1690 2097; baseline -0.001 -26"><span class='ocrx_word' id='word_1_112' title='bbox 232 2010 316 2072; x_wconf 87' lang='lat' dir='ltr'>non</span> <span class='ocrx_word' id='word_1_113' title='bbox 336 1985 394 2070; x_wconf 87' lang='lat' dir='ltr'>est</span> <span class='ocrx_word' id='word_1_114' title='bbox 409 1982 477 2070; x_wconf 86' lang='lat' dir='ltr'>fita</span> <span class='ocrx_word' id='word_1_115' title='bbox 495 1989 537 2069; x_wconf 92' lang='lat' dir='ltr'>in</span> <span class='ocrx_word' id='word_1_116' title='bbox 556 1989 610 2068; x_wconf 84' lang='lat' dir='ltr'>tio</span> <span class='ocrx_word' id='word_1_117' title='bbox 729 1985 906 2084; x_wconf 86' lang='lat' dir='ltr'>otestate,</span> <span class='ocrx_word' id='word_1_118' title='bbox 929 1980 997 2069; x_wconf 90' lang='lat' dir='ltr'>sed</span> <span class='ocrx_word' id='word_1_119' title='bbox 1016 1984 1245 2068; x_wconf 73' lang='lat' dir='ltr'>DEus’eam</span> <span class='ocrx_word' id='word_1_120' title='bbox 1270 1983 1352 2080; x_wconf 91' lang='lat' dir='ltr'>dar,</span> <span class='ocrx_word' id='word_1_121' title='bbox 1376 1982 1519 2097; x_wconf 93' lang='lat' dir='ltr'>quibus</span> <span class='ocrx_word' id='word_1_122' title='bbox 1536 1978 1631 2083; x_wconf 87' lang='lat' dir='ltr'>vult,</span> <span class='ocrx_word' id='word_1_123' title='bbox 1649 1989 1690 2069; x_wconf 81' lang='lat' dir='ltr'>dr</span> 
     </span>
     <span class='ocr_line' id='line_1_15' title="bbox 264 2013 1711 2212; baseline -0.002 -26"><span class='ocrx_word' id='word_1_124' title='bbox 264 2100 385 2186; x_wconf 87' lang='lat' dir='ltr'>uibus</span> <span class='ocrx_word' id='word_1_125' title='bbox 415 2095 527 2184; x_wconf 84' lang='lat' dir='ltr'>volet</span> <span class='ocrx_word' id='word_1_126' title='bbox 551 2013 735 2211; x_wconf 61' lang='lat' dir='ltr'>horisd</span> <span class='ocrx_word' id='word_1_127' title='bbox 770 2099 1030 2212; x_wconf 85' lang='lat' dir='ltr'>temporibus.</span> <span class='ocrx_word' id='word_1_128' title='bbox 1100 2095 1215 2183; x_wconf 87' lang='lat' dir='ltr'>Hisce</span> <span class='ocrx_word' id='word_1_129' title='bbox 1254 2097 1504 2194; x_wconf 85' lang='lat' dir='ltr'>hominibus,</span> <span class='ocrx_word' id='word_1_130' title='bbox 1530 2125 1578 2182; x_wconf 85' lang='lat' dir='ltr'>ex</span> <span class='ocrx_word' id='word_1_131' title='bbox 1601 2093 1711 2184; x_wconf 85' lang='lat' dir='ltr'>luce·</span> 
     </span>
    </p>

    <p class='ocr_par' dir='ltr' id='par_1_7' title="bbox 233 2208 1690 2446">
     <span class='ocr_line' id='line_1_16' title="bbox 295 2208 1690 2331; baseline 0 -30"><span class='ocrx_word' id='word_1_132' title='bbox 295 2216 478 2313; x_wconf 87' lang='lat' dir='ltr'>entibus,</span> <span class='ocrx_word' id='word_1_133' title='bbox 504 2209 611 2300; x_wconf 88' lang='lat' dir='ltr'>nulla</span> <span class='ocrx_word' id='word_1_134' title='bbox 633 2214 688 2297; x_wconf 87' lang='lat' dir='ltr'>cst</span> <span class='ocrx_word' id='word_1_135' title='bbox 716 2210 904 2300; x_wconf 88' lang='lat' dir='ltr'>revelatio</span> <span class='ocrx_word' id='word_1_136' title='bbox 932 2209 1156 2312; x_wconf 85' lang='lat' dir='ltr'>necessaria,</span> <span class='ocrx_word' id='word_1_137' title='bbox 1180 2242 1313 2331; x_wconf 88' lang='lat' dir='ltr'>neque</span> <span class='ocrx_word' id='word_1_138' title='bbox 1330 2209 1441 2326; x_wconf 90' lang='lat' dir='ltr'>supra</span> <span class='ocrx_word' id='word_1_139' title='bbox 1463 2208 1585 2298; x_wconf 91' lang='lat' dir='ltr'>sensus</span> <span class='ocrx_word' id='word_1_140' title='bbox 1607 2218 1690 2327; x_wconf 91' lang='lat' dir='ltr'>rapi</span> 
     </span>
     <span class='ocr_line' id='line_1_17' title="bbox 233 2327 1689 2446; baseline -0.001 -30"><span class='ocrx_word' id='word_1_141' title='bbox 233 2359 337 2446; x_wconf 87' lang='lat' dir='ltr'>opus</span> <span class='ocrx_word' id='word_1_142' title='bbox 351 2331 521 2420; x_wconf 74' lang='lat' dir='ltr'>habenas</span> <span class='ocrx_word' id='word_1_143' title='bbox 549 2327 879 2445; x_wconf 91' lang='lat' dir='ltr'>quandoquidem</span> <span class='ocrx_word' id='word_1_144' title='bbox 901 2333 994 2428; x_wconf 86' lang='lat' dir='ltr'>vita,</span> <span class='ocrx_word' id='word_1_145' title='bbox 1015 2328 1270 2428; x_wconf 85' lang='lat' dir='ltr'>conversatio,</span> <span class='ocrx_word' id='word_1_146' title='bbox 1291 2336 1331 2415; x_wconf 80' lang='lat' dir='ltr'>dc</span> <span class='ocrx_word' id='word_1_147' title='bbox 1348 2331 1537 2416; x_wconf 87' lang='lat' dir='ltr'>habitatio</span> <span class='ocrx_word' id='word_1_148' title='bbox 1553 2357 1689 2415; x_wconf 89' lang='lat' dir='ltr'>eorum</span> 
     </span>
    </p>
   </div>
   <div class='ocr_carea' id='block_1_7' title="bbox 230 2436 1814 2561">
    <p class='ocr_par' dir='ltr' id='par_1_8' title="bbox 230 2436 1814 2561">
     <span class='ocr_line' id='line_1_18' title="bbox 230 2436 1814 2561; baseline -0.002 -29"><span class='ocrx_word' id='word_1_149' title='bbox 230 2443 345 2561; x_wconf 85' lang='lat' dir='ltr'>supra</span> <span class='ocrx_word' id='word_1_150' title='bbox 371 2440 500 2532; x_wconf 83' lang='lat' dir='ltr'>sensus</span> <span class='ocrx_word' id='word_1_151' title='bbox 521 2449 561 2529; x_wconf 68' lang='grc' dir='ltr'>ἃ</span> <span class='ocrx_word' id='word_1_152' title='bbox 585 2449 810 2558; x_wconf 85' lang='lat' dir='ltr'>portionem</span> <span class='ocrx_word' id='word_1_153' title='bbox 830 2441 1041 2539; x_wconf 84' lang='lat' dir='ltr'>senfitivam</span> <span class='ocrx_word' id='word_1_154' title='bbox 1074 2449 1115 2530; x_wconf 90' lang='lat' dir='ltr'>in</span> <span class='ocrx_word' id='word_1_155' title='bbox 1137 2443 1267 2559; x_wconf 90' lang='lat' dir='ltr'>spiritu</span> <span class='ocrx_word' id='word_1_156' title='bbox 1289 2450 1416 2560; x_wconf 83' lang='lat' dir='ltr'>agitur</span> <span class='ocrx_word' id='word_1_157' title='bbox 1427 2466 1447 2543; x_wconf 82' lang='lat'>,‘</span> <span class='ocrx_word' id='word_1_158' title='bbox 1462 2445 1531 2530; x_wconf 87' lang='lat' dir='ltr'>ubi</span> <span class='ocrx_word' id='word_1_159' title='bbox 1555 2436 1688 2559; x_wconf 79' lang='lat' dir='ltr'>DEus&#39;,</span> <span class='ocrx_word' id='word_1_160' title='bbox 1811 2444 1814 2449; x_wconf 80' lang='grc'><strong>’</strong></span> 
     </span>
    </p>
   </div>
   <div class='ocr_carea' id='block_1_8' title="bbox 231 2555 1689 2765">
    <p class='ocr_par' dir='ltr' id='par_1_9' title="bbox 231 2555 1689 2765">
     <span class='ocr_line' id='line_1_19' title="bbox 231 2555 1689 2765; baseline -0.001 -118"><span class='ocrx_word' id='word_1_161' title='bbox 231 2561 435 2765; x_wconf 76' lang='lat' dir='ltr'>puidquid</span> <span class='ocrx_word' id='word_1_162' title='bbox 460 2555 516 2646; x_wconf 92' lang='lat' dir='ltr'>illi</span> <span class='ocrx_word' id='word_1_163' title='bbox 542 2556 683 2674; x_wconf 81' lang='lat' dir='ltr'>placet,</span> <span class='ocrx_word' id='word_1_164' title='bbox 708 2564 747 2643; x_wconf 80' lang='grc' dir='ltr'>δι</span> <span class='ocrx_word' id='word_1_165' title='bbox 770 2558 833 2645; x_wconf 91' lang='lat' dir='ltr'>vel</span> <span class='ocrx_word' id='word_1_166' title='bbox 851 2564 906 2645; x_wconf 86' lang='lat' dir='ltr'>eis</span> <span class='ocrx_word' id='word_1_167' title='bbox 927 2556 990 2645; x_wconf 93' lang='lat' dir='ltr'>vel</span> <span class='ocrx_word' id='word_1_168' title='bbox 1015 2557 1096 2645; x_wconf 89' lang='lat' dir='ltr'>aliis</span> <span class='ocrx_word' id='word_1_169' title='bbox 1119 2556 1366 2651; x_wconf 76' lang='lat' dir='ltr'>necessarium</span> <span class='ocrx_word' id='word_1_170' title='bbox 1398 2563 1472 2662; x_wconf 65' lang='lat' dir='ltr'>est,</span> <span class='ocrx_word' id='word_1_171' title='bbox 1485 2564 1539 2645; x_wconf 90' lang='lat' dir='ltr'>eis</span> <span class='ocrx_word' id='word_1_172' title='bbox 1566 2562 1689 2645; x_wconf 88' lang='lat' dir='ltr'>mani·</span> 
     </span>
    </p>
   </div>
   <div class='ocr_carea' id='block_1_9' title="bbox 252 2671 1847 2791">
    <p class='ocr_par' dir='ltr' id='par_1_10' title="bbox 252 2671 1847 2791">
     <span class='ocr_line' id='line_1_20' title="bbox 252 2671 1847 2791; baseline -0.003 -27"><span class='ocrx_word' id='word_1_173' title='bbox 252 2681 337 2764; x_wconf 89' lang='lat' dir='ltr'>esto</span> <span class='ocrx_word' id='word_1_174' title='bbox 357 2671 520 2764; x_wconf 84' lang='lat' dir='ltr'>revelat.</span> <span class='ocrx_word' id='word_1_175' title='bbox 580 2682 818 2790; x_wconf 85' lang='lat' dir='ltr'>Quanquam</span> <span class='ocrx_word' id='word_1_176' title='bbox 845 2671 1024 2775; x_wconf 77' lang='lat' dir='ltr'>duellet,</span> <span class='ocrx_word' id='word_1_177' title='bbox 1043 2673 1176 2790; x_wconf 49' lang='lat' dir='ltr'>posset,</span> <span class='ocrx_word' id='word_1_178' title='bbox 1190 2682 1328 2791; x_wconf 91' lang='lat' dir='ltr'>utique</span> <span class='ocrx_word' id='word_1_179' title='bbox 1349 2679 1460 2760; x_wconf 88' lang='lat' dir='ltr'>Deus</span> <span class='ocrx_word' id='word_1_180' title='bbox 1482 2672 1689 2762; x_wconf 75' lang='lat' dir='ltr'>isenstbus</span> <span class='ocrx_word' id='word_1_181' title='bbox 1842 2685 1847 2691; x_wconf 80' lang='grc'><strong>’</strong></span> 
     </span>
    </p>
   </div>
   <div class='ocr_carea' id='block_1_10' title="bbox 223 2786 1687 2905">
    <p class='ocr_par' dir='ltr' id='par_1_11' title="bbox 223 2786 1687 2905">
     <span class='ocr_line' id='line_1_21' title="bbox 223 2786 1687 2905; baseline 0.001 -31"><span class='ocrx_word' id='word_1_182' title='bbox 223 2797 406 2881; x_wconf 82' lang='lat' dir='ltr'>externis</span> <span class='ocrx_word' id='word_1_183' title='bbox 425 2792 618 2878; x_wconf 78' lang='lat' dir='ltr'>abstractis</span> <span class='ocrx_word' id='word_1_184' title='bbox 638 2795 738 2874; x_wconf 91' lang='lat' dir='ltr'>intus</span> <span class='ocrx_word' id='word_1_185' title='bbox 765 2795 819 2875; x_wconf 89' lang='lat' dir='ltr'>eis</span> <span class='ocrx_word' id='word_1_186' title='bbox 843 2790 998 2877; x_wconf 83' lang='lat' dir='ltr'>diversas</span> <span class='ocrx_word' id='word_1_187' title='bbox 1022 2793 1152 2876; x_wconf 88' lang='lat' dir='ltr'>modis</span> <span class='ocrx_word' id='word_1_188' title='bbox 1178 2819 1280 2876; x_wconf 86' lang='lat' dir='ltr'>raras</span> <span class='ocrx_word' id='word_1_189' title='bbox 1304 2792 1494 2905; x_wconf 89' lang='lat' dir='ltr'>quasdam</span> <span class='ocrx_word' id='word_1_190' title='bbox 1515 2786 1687 2876; x_wconf 80' lang='lat' dir='ltr'>similitu·</span> 
     </span>
    </p>
   </div>
   <div class='ocr_carea' id='block_1_11' title="bbox 232 2902 1850 3021">
    <p class='ocr_par' dir='ltr' id='par_1_12' title="bbox 232 2902 1850 3021">
     <span class='ocr_line' id='line_1_22' title="bbox 232 2902 1850 3021; baseline -0.002 -27"><span class='ocrx_word' id='word_1_191' title='bbox 232 2910 345 2994; x_wconf 86' lang='lat' dir='ltr'>dines</span> <span class='ocrx_word' id='word_1_192' title='bbox 369 2936 417 2994; x_wconf 88' lang='lat' dir='ltr'>ac</span> <span class='ocrx_word' id='word_1_193' title='bbox 435 2902 578 3021; x_wconf 89' lang='lat' dir='ltr'>species</span> <span class='ocrx_word' id='word_1_194' title='bbox 599 2909 639 2988; x_wconf 76' lang='grc' dir='ltr'>δι</span> <span class='ocrx_word' id='word_1_195' title='bbox 657 2903 784 2990; x_wconf 90' lang='lat' dir='ltr'>sutura</span> <span class='ocrx_word' id='word_1_196' title='bbox 812 2906 1017 2991; x_wconf 85' lang='lat' dir='ltr'>ostendere</span> <span class='ocrx_word' id='word_1_197' title='bbox 1037 2935 1084 2991; x_wconf 92' lang='lat' dir='ltr'>ac</span> <span class='ocrx_word' id='word_1_198' title='bbox 1104 2903 1356 2992; x_wconf 90' lang='lat' dir='ltr'>manifestare.</span> <span class='ocrx_word' id='word_1_199' title='bbox 1414 2907 1524 2991; x_wconf 88' lang='lat' dir='ltr'>Idem</span> <span class='ocrx_word' id='word_1_200' title='bbox 1549 2910 1589 2992; x_wconf 86' lang='lat' dir='ltr'>in</span> <span class='ocrx_word' id='word_1_201' title='bbox 1600 2905 1687 3019; x_wconf 72' lang='lat' dir='ltr'>spe·-</span> <span class='ocrx_word' id='word_1_202' title='bbox 1835 2970 1850 2978; x_wconf 86' lang='lat'><em>-</em></span> 
     </span>
    </p>
   </div>
   <div class='ocr_carea' id='block_1_12' title="bbox 200 3018 1689 3480">
    <p class='ocr_par' dir='ltr' id='par_1_13' title="bbox 200 3018 1689 3480">
     <span class='ocr_line' id='line_1_23' title="bbox 238 3018 1689 3122; baseline -0.005 -10"><span class='ocrx_word' id='word_1_203' title='bbox 238 3021 321 3112; x_wconf 81' lang='lat' dir='ltr'>cralo</span> <span class='ocrx_word' id='word_1_204' title='bbox 339 3032 491 3111; x_wconf 72' lang='lat' dir='ltr'>aetnnae</span> <span class='ocrx_word' id='word_1_205' title='bbox 517 3018 658 3111; x_wconf 78' lang='lat' dir='ltr'>Salutis</span> <span class='ocrx_word' id='word_1_206' title='bbox 682 3021 733 3113; x_wconf 85' lang='lat' dir='ltr'>C.</span> <span class='ocrx_word' id='word_1_207' title='bbox 756 3049 824 3111; x_wconf 88' lang='lat'>10.</span> <span class='ocrx_word' id='word_1_208' title='bbox 844 3027 915 3107; x_wconf 86' lang='lat' dir='ltr'>air:</span> <span class='ocrx_word' id='word_1_209' title='bbox 959 3025 1081 3108; x_wconf 89' lang='lat' dir='ltr'>Nunc</span> <span class='ocrx_word' id='word_1_210' title='bbox 1102 3024 1472 3122; x_wconf 83' lang='lat' dir='ltr'>communicantium</span> <span class='ocrx_word' id='word_1_211' title='bbox 1492 3019 1689 3106; x_wconf 80' lang='lat' dir='ltr'>diversata·</span> 
     </span>
     <span class='ocr_line' id='line_1_24' title="bbox 212 3124 1685 3253; baseline -0.006 -26"><span class='ocrx_word' id='word_1_212' title='bbox 212 3165 313 3227; x_wconf 90' lang='lat' dir='ltr'>.tem</span> <span class='ocrx_word' id='word_1_213' title='bbox 337 3136 534 3253; x_wconf 83' lang='lat' dir='ltr'>explicare</span> <span class='ocrx_word' id='word_1_214' title='bbox 553 3134 740 3251; x_wconf 81' lang='lat' dir='ltr'>cpnabor.</span> <span class='ocrx_word' id='word_1_215' title='bbox 810 3142 980 3229; x_wconf 86' lang='lat' dir='ltr'>Primum</span> <span class='ocrx_word' id='word_1_216' title='bbox 1005 3164 1127 3251; x_wconf 84' lang='lat' dir='ltr'>genus</span> <span class='ocrx_word' id='word_1_217' title='bbox 1152 3133 1237 3223; x_wconf 91' lang='lat' dir='ltr'>sunt</span> <span class='ocrx_word' id='word_1_218' title='bbox 1261 3124 1443 3222; x_wconf 81' lang='lat' dir='ltr'>homines</span> <span class='ocrx_word' id='word_1_219' title='bbox 1470 3164 1518 3220; x_wconf 82' lang='lat' dir='ltr'>ex</span> <span class='ocrx_word' id='word_1_220' title='bbox 1552 3159 1685 3220; x_wconf 85' lang='lat' dir='ltr'>natura</span> 
     </span>
     <span class='ocr_line' id='line_1_25' title="bbox 200 3248 1684 3368; baseline -0.005 -28"><span class='ocrx_word' id='word_1_221' title='bbox 200 3262 204 3267; x_wconf 86' lang='grc'><strong>’</strong></span> <span class='ocrx_word' id='word_1_222' title='bbox 234 3251 347 3340; x_wconf 90' lang='lat' dir='ltr'>molli</span> <span class='ocrx_word' id='word_1_223' title='bbox 373 3255 520 3343; x_wconf 76' lang='lat' dir='ltr'>cordes</span> <span class='ocrx_word' id='word_1_224' title='bbox 564 3248 667 3368; x_wconf 66' lang='lat' dir='ltr'>quos</span> <span class='ocrx_word' id='word_1_225' title='bbox 695 3278 787 3336; x_wconf 85' lang='lat' dir='ltr'>cum</span> <span class='ocrx_word' id='word_1_226' title='bbox 822 3253 952 3338; x_wconf 91' lang='lat' dir='ltr'>divina</span> <span class='ocrx_word' id='word_1_227' title='bbox 983 3258 1106 3366; x_wconf 84' lang='lat' dir='ltr'>tangit</span> <span class='ocrx_word' id='word_1_228' title='bbox 1125 3258 1266 3368; x_wconf 80' lang='lat' dir='ltr'>gratia,</span> <span class='ocrx_word' id='word_1_229' title='bbox 1293 3249 1453 3337; x_wconf 69' lang='lat' dir='ltr'>assedus</span> <span class='ocrx_word' id='word_1_230' title='bbox 1478 3278 1616 3337; x_wconf 89' lang='lat' dir='ltr'>eorum</span> <span class='ocrx_word' id='word_1_231' title='bbox 1642 3254 1684 3333; x_wconf 77' lang='lat' dir='ltr'>dt</span> 
     </span>
     <span class='ocr_line' id='line_1_26' title="bbox 234 3362 1687 3480; baseline -0.006 -25"><span class='ocrx_word' id='word_1_232' title='bbox 234 3370 468 3457; x_wconf 86' lang='lat' dir='ltr'>defiderium</span> <span class='ocrx_word' id='word_1_233' title='bbox 494 3371 740 3453; x_wconf 88' lang='lat' dir='ltr'>humanitatis</span> <span class='ocrx_word' id='word_1_234' title='bbox 761 3368 904 3453; x_wconf 85' lang='lat' dir='ltr'>Christi</span> <span class='ocrx_word' id='word_1_235' title='bbox 920 3395 1056 3452; x_wconf 90' lang='lat' dir='ltr'>amore</span> <span class='ocrx_word' id='word_1_236' title='bbox 1071 3369 1172 3453; x_wconf 90' lang='lat' dir='ltr'>adeo</span> <span class='ocrx_word' id='word_1_237' title='bbox 1201 3362 1453 3454; x_wconf 87' lang='lat' dir='ltr'>incalescit&amp;</span> <span class='ocrx_word' id='word_1_238' title='bbox 1477 3386 1687 3480; x_wconf 63' lang='grc' dir='ltr'>ρεηῐιονεε-</span> 
     </span>
    </p>
   </div>
   <div class='ocr_carea' id='block_1_13' title="bbox 234 3477 1837 3598">
    <p class='ocr_par' dir='ltr' id='par_1_14' title="bbox 234 3477 1837 3598">
     <span class='ocr_line' id='line_1_27' title="bbox 234 3477 1837 3598; baseline -0.006 -26"><span class='ocrx_word' id='word_1_239' title='bbox 234 3509 305 3588; x_wconf 91' lang='lat' dir='ltr'>tur,</span> <span class='ocrx_word' id='word_1_240' title='bbox 336 3511 384 3571; x_wconf 87' lang='lat' dir='ltr'>ut</span> <span class='ocrx_word' id='word_1_241' title='bbox 398 3477 638 3598; x_wconf 89' lang='lat' dir='ltr'>implacabili·</span> <span class='ocrx_word' id='word_1_242' title='bbox 649 3510 739 3595; x_wconf 83' lang='lat' dir='ltr'>erga</span> <span class='ocrx_word' id='word_1_243' title='bbox 749 3479 985 3570; x_wconf 88' lang='lat' dir='ltr'>Venerabile</span> <span class='ocrx_word' id='word_1_244' title='bbox 1004 3486 1292 3568; x_wconf 85' lang='lat' dir='ltr'>Sacramentum</span> <span class='ocrx_word' id='word_1_245' title='bbox 1313 3481 1505 3579; x_wconf 78' lang='lat' dir='ltr'>desiderio</span> <span class='ocrx_word' id='word_1_246' title='bbox 1526 3506 1685 3566; x_wconf 75' lang='lat' dir='ltr'>teneam</span> <span class='ocrx_word' id='word_1_247' title='bbox 1834 3524 1837 3528; x_wconf 17' lang='grc' dir='ltr'><em>Α</em></span> 
     </span>
    </p>
   </div>
   <div class='ocr_carea' id='block_1_14' title="bbox 234 3592 1686 4400">
    <p class='ocr_par' dir='ltr' id='par_1_15' title="bbox 234 3592 1686 4378">
     <span class='ocr_line' id='line_1_28' title="bbox 234 3592 1686 3715; baseline -0.004 -29"><span class='ocrx_word' id='word_1_248' title='bbox 234 3624 304 3704; x_wconf 86' lang='lat' dir='ltr'>tur,</span> <span class='ocrx_word' id='word_1_249' title='bbox 332 3608 390 3688; x_wconf 90' lang='lat' dir='ltr'>ita</span> <span class='ocrx_word' id='word_1_250' title='bbox 410 3624 454 3684; x_wconf 94' lang='lat' dir='ltr'>ut</span> <span class='ocrx_word' id='word_1_251' title='bbox 474 3600 717 3715; x_wconf 89' lang='lat' dir='ltr'>quandoque</span> <span class='ocrx_word' id='word_1_252' title='bbox 734 3622 906 3683; x_wconf 88' lang='lat' dir='ltr'>amentes</span> <span class='ocrx_word' id='word_1_253' title='bbox 926 3594 965 3684; x_wconf 89' lang='lat' dir='ltr'>se</span> <span class='ocrx_word' id='word_1_254' title='bbox 980 3597 1063 3684; x_wconf 85' lang='lat' dir='ltr'>lieri</span> <span class='ocrx_word' id='word_1_255' title='bbox 1083 3623 1235 3713; x_wconf 86' lang='lat' dir='ltr'>putent,</span> <span class='ocrx_word' id='word_1_256' title='bbox 1253 3599 1280 3685; x_wconf 88' lang='lat' dir='ltr'>s1</span> <span class='ocrx_word' id='word_1_257' title='bbox 1301 3603 1383 3684; x_wconf 83' lang='lat' dir='ltr'>noti</span> <span class='ocrx_word' id='word_1_258' title='bbox 1399 3592 1513 3683; x_wconf 90' lang='lat' dir='ltr'>liceat</span> <span class='ocrx_word' id='word_1_259' title='bbox 1529 3599 1595 3682; x_wconf 88' lang='lat' dir='ltr'>SS.</span> <span class='ocrx_word' id='word_1_260' title='bbox 1614 3594 1686 3681; x_wconf 73' lang='grc' dir='ltr'>δι’·</span> 
     </span>
     <span class='ocr_line' id='line_1_29' title="bbox 236 3709 1684 3828; baseline -0.007 -24"><span class='ocrx_word' id='word_1_261' title='bbox 236 3738 473 3804; x_wconf 76' lang='lat' dir='ltr'>crementum</span> <span class='ocrx_word' id='word_1_262' title='bbox 499 3718 713 3828; x_wconf 82' lang='lat' dir='ltr'>percipere.</span> <span class='ocrx_word' id='word_1_263' title='bbox 769 3710 1103 3821; x_wconf 73' lang='lat' dir='ltr'>Huiusmodi&#39;viri</span> <span class='ocrx_word' id='word_1_264' title='bbox 1124 3721 1196 3805; x_wconf 90' lang='lat' dir='ltr'>tari</span> <span class='ocrx_word' id='word_1_265' title='bbox 1217 3711 1313 3815; x_wconf 89' lang='lat' dir='ltr'>sunt,</span> <span class='ocrx_word' id='word_1_266' title='bbox 1344 3720 1383 3800; x_wconf 78' lang='lat' dir='ltr'>dc</span> <span class='ocrx_word' id='word_1_267' title='bbox 1412 3709 1684 3827; x_wconf 79' lang='lat' dir='ltr'>utplurimum</span> 
     </span>
     <span class='ocr_line' id='line_1_30' title="bbox 236 3822 1685 3945; baseline -0.008 -24"><span class='ocrx_word' id='word_1_268' title='bbox 236 3832 407 3921; x_wconf 78' lang='lat' dir='ltr'>foeminae</span> <span class='ocrx_word' id='word_1_269' title='bbox 430 3855 498 3915; x_wconf 92' lang='lat' dir='ltr'>aur</span> <span class='ocrx_word' id='word_1_270' title='bbox 518 3832 684 3942; x_wconf 85' lang='lat' dir='ltr'>virgines</span> <span class='ocrx_word' id='word_1_271' title='bbox 710 3823 823 3917; x_wconf 79' lang='lat' dir='ltr'>suntt</span> <span class='ocrx_word' id='word_1_272' title='bbox 851 3830 1189 3945; x_wconf 86' lang='lat' dir='ltr'>quandoquidem</span> <span class='ocrx_word' id='word_1_273' title='bbox 1221 3827 1427 3914; x_wconf 86' lang='lat' dir='ltr'>mulierum</span> <span class='ocrx_word' id='word_1_274' title='bbox 1450 3822 1611 3921; x_wconf 89' lang='lat' dir='ltr'>mollior</span> <span class='ocrx_word' id='word_1_275' title='bbox 1631 3827 1685 3910; x_wconf 88' lang='lat' dir='ltr'>est</span> 
     </span>
     <span class='ocr_line' id='line_1_31' title="bbox 236 3938 1685 4056; baseline -0.008 -22"><span class='ocrx_word' id='word_1_276' title='bbox 236 3977 377 4048; x_wconf 87' lang='lat' dir='ltr'>natura,</span> <span class='ocrx_word' id='word_1_277' title='bbox 403 3950 443 4032; x_wconf 83' lang='lat' dir='ltr'>dt</span> <span class='ocrx_word' id='word_1_278' title='bbox 472 3951 514 4031; x_wconf 91' lang='lat' dir='ltr'>in</span> <span class='ocrx_word' id='word_1_279' title='bbox 541 3938 673 4056; x_wconf 83' lang='lat' dir='ltr'>spiritu</span> <span class='ocrx_word' id='word_1_280' title='bbox 700 3943 869 4029; x_wconf 91' lang='lat' dir='ltr'>necdum</span> <span class='ocrx_word' id='word_1_281' title='bbox 897 3945 981 4051; x_wconf 77' lang='lat' dir='ltr'>sunt</span> <span class='ocrx_word' id='word_1_282' title='bbox 1008 3938 1193 4029; x_wconf 89' lang='lat' dir='ltr'>sublevati</span> <span class='ocrx_word' id='word_1_283' title='bbox 1219 3971 1264 4029; x_wconf 91' lang='lat' dir='ltr'>ac</span> <span class='ocrx_word' id='word_1_284' title='bbox 1291 3940 1521 4049; x_wconf 68' lang='lat' dir='ltr'>illuminatir</span> <span class='ocrx_word' id='word_1_285' title='bbox 1578 3941 1685 4026; x_wconf 86' lang='lat' dir='ltr'>unde</span> 
     </span>
     <span class='ocr_line' id='line_1_32' title="bbox 239 4052 1684 4178; baseline -0.008 -31"><span class='ocrx_word' id='word_1_286' title='bbox 239 4064 526 4150; x_wconf 82' lang='lat' dir='ltr'>&amp;exercitatio</span> <span class='ocrx_word' id='word_1_287' title='bbox 559 4085 696 4161; x_wconf 88' lang='lat' dir='ltr'>eorum</span> <span class='ocrx_word' id='word_1_288' title='bbox 721 4053 897 4165; x_wconf 84' lang='lat' dir='ltr'>sensualis</span> <span class='ocrx_word' id='word_1_289' title='bbox 926 4062 980 4146; x_wconf 90' lang='lat' dir='ltr'>est</span> <span class='ocrx_word' id='word_1_290' title='bbox 998 4062 1046 4143; x_wconf 79' lang='grc' dir='ltr'>’δι</span> <span class='ocrx_word' id='word_1_291' title='bbox 1076 4063 1313 4178; x_wconf 82' lang='lat' dir='ltr'>appetitiva,</span> <span class='ocrx_word' id='word_1_292' title='bbox 1349 4063 1398 4141; x_wconf 78' lang='grc' dir='ltr'>δι’</span> <span class='ocrx_word' id='word_1_293' title='bbox 1419 4052 1684 4157; x_wconf 78' lang='lat' dir='ltr'>Dominilfi·</span> 
     </span>
     <span class='ocr_line' id='line_1_33' title="bbox 239 4166 1683 4378; baseline -0.012 -111"><span class='ocrx_word' id='word_1_294' title='bbox 239 4180 296 4266; x_wconf 84' lang='lat' dir='ltr'>SU</span> <span class='ocrx_word' id='word_1_295' title='bbox 318 4183 567 4290; x_wconf 65' lang='lat' dir='ltr'>humanitate</span> <span class='ocrx_word' id='word_1_296' title='bbox 591 4176 636 4262; x_wconf 87' lang='lat' dir='ltr'>in</span> <span class='ocrx_word' id='word_1_297' title='bbox 669 4173 863 4290; x_wconf 81' lang='lat' dir='ltr'>phantafia</span> <span class='ocrx_word' id='word_1_298' title='bbox 887 4171 1056 4378; x_wconf 64' lang='lat' dir='ltr'>prorsupJ</span> <span class='ocrx_word' id='word_1_299' title='bbox 1070 4175 1230 4290; x_wconf 75' lang='lat' dir='ltr'>depisia&#39;</span> <span class='ocrx_word' id='word_1_300' title='bbox 1260 4173 1438 4262; x_wconf 71' lang='lat' dir='ltr'>nondun</span> <span class='ocrx_word' id='word_1_301' title='bbox 1465 4166 1683 4279; x_wconf 83' lang='lat' dir='ltr'>intelligere</span> 
     </span>
    </p>

    <p class='ocr_par' dir='ltr' id='par_1_16' title="bbox 740 4302 1681 4400">
     <span class='ocr_line' id='line_1_34' title="bbox 740 4302 1681 4400; baseline -0.016 -20"><span class='ocrx_word' id='word_1_302' title='bbox 740 4331 743 4340; x_wconf 95' lang='lat'>·</span> <span class='ocrx_word' id='word_1_303' title='bbox 881 4314 890 4323; x_wconf 78' lang='grc'><em>·</em></span> <span class='ocrx_word' id='word_1_304' title='bbox 1086 4317 1111 4377; x_wconf 79' lang='lat' dir='ltr'>a</span> <span class='ocrx_word' id='word_1_305' title='bbox 1512 4302 1681 4400; x_wconf 65' lang='lat' dir='ltr'>queunt,</span> 
     </span>
    </p>
   </div>
   <div class='ocr_carea' id='block_1_15' title="bbox 0 0 1902 4994">
    <p class='ocr_par' dir='ltr' id='par_1_17' title="bbox 0 0 1902 4994">
     <span class='ocr_line' id='line_1_35' title="bbox 0 0 1902 4994; baseline 0 1"><span class='ocrx_word' id='word_1_306' title='bbox 0 0 1902 4994; x_wconf 95' lang='lat' dir='ltr'> </span> 
     </span>
    </p>
   </div>
  </div>
 </body>
</html>
