3690 4988
191 347 286 439 108
572 319 883 433 muliones
909 327 963 459 S,
996 319 1235 423 mamus.

186 552 394 666 accuratas,
427 528 519 644 quia
534 552 602 615 aut
626 522 891 664 intelliguntur
909 554 960 612 ex
980 523 1070 624 usu,
1096 548 1165 613 aut
1189 522 1249 613 ob
1268 515 1426 612 facilem
1444 520 1610 611 anemo

183 641 339 735 facilem
364 641 513 728 habent
535 639 834 756 explicationem
853 636 924 728 suo
950 666 1144 755 tempore.

251 884 265 912 “’
300 880 365 962 ix.
420 876 465 960 1.
486 901 524 959 a.
542 877 590 958 c.
610 901 676 959 to.
731 871 946 975 Gtrttuder
966 873 1060 958 Deo
1079 875 1216 986 gratias
1236 898 1357 989 agens
1372 876 1453 959 tite
1481 875 1614 979 Gradu

186 1019 264 1107 ago
285 990 428 1104 primo,
446 987 561 1101 quod
584 1016 637 1073 ex·
656 988 781 1100 gratia.
796 1011 864 1071 tua
888 986 1156 1071 certitudinem
1172 992 1329 1101 accepi,
1348 988 1470 1187 quod
1490 990 1618 1084 omni,

187 1111 259 1221 qui
284 1105 337 1190 ad
365 1126 514 1186 tantum
536 1103 825 1185 Sacramentum
854 1100 1039 1186 accedere
1066 1098 1287 1186 desiderans
1315 1095 1352 1187 se
1409 1101 1616 1188 babcnrti·

187 1244 342 1306 morem
370 1210 609 1300 conscientie
636 1212 859 1324 trepidantis
887 1214 1112 1311 retrahitur,
1140 1213 1167 1298 ii
1191 1209 1408 1304 humilitate
1444 1210 1614 1302 dudini

102 1332 105 1337 ’
187 1360 251 1418 me
273 1322 501 1414 famularum
530 1351 680 1411 tuarum
701 1330 860 1409 minima
890 1328 1026 1437 quaerit
1055 1323 1289 1424 confortari,
1324 1356 1400 1439 pro
1423 1329 1498 1413 bac
1517 1324 1614 1440 ipsus

186 1439 402 1530 humilitate
417 1464 482 1524 tua
506 1443 627 1551 pietas
649 1438 810 1551 dignum
825 1434 946 1549 ipsum
967 1437 1111 1547 judicat
1128 1441 1241 1524 tantis
1259 1446 1527 1541 decrementis,
1543 1464 1615 1554 quc⁴

188 1559 280 1642 vere
297 1557 483 1666 percipiet
506 1557 546 1636 in
568 1549 733 1639 fructum
752 1545 876 1635 salutis
906 1575 1065 1648 aeternae,
1082 1553 1305 1667 adjungens,
1326 1554 1445 1668 quod
1466 1553 1613 1669 liquent

184 1673 321 1780 justitia
341 1692 406 1751 tua
433 1694 514 1749 non
543 1672 780 1778 permitterer
808 1665 969 1778 dignum
993 1662 1017 1748 i
1042 1693 1105 1750 mc
1132 1668 1304 1769 judicari,
1321 1693 1527 1782 nunquam
1545 1692 1614 1780 per·

103 1824 119 1847 ·
171 1787 340 1869 mittere
361 1774 483 1864 velles
502 1775 611 1863 illum
623 1780 681 1863 ad
695 1804 825 1865 meum
845 1773 1042 1863 consilium
1061 1772 1265 1864 humiliati.
1346 1781 1536 1867 &condo
1559 1778 1612 1864 ad·

189 1897 314 1985 didisti
334 1922 399 1977 mc
418 1891 652 1990 certificare,
679 1889 790 2004 quod
815 1894 1042 2004 quicunque
1071 1892 1193 1977 corde
1219 1897 1417 1995 contrito,
1442 1900 1483 1979 dt
1507 1890 1613 1981 siritu

25 2108 30 2117 ,
166 1998 388 2094 ‘humiliato
411 1995 581 2117 aliquem
615 2000 811 2089 defectum
835 2006 928 2088 mihi
951 1998 1199 2117 querulando
1235 1992 1477 2119 exposuerit,
1516 2034 1612 2093 ecun-

186 2120 283 2207 clum
307 2120 419 2233 quod
438 2145 508 2229 per
531 2118 650 2202 verba
668 2143 755 2202 mea
776 2115 971 2202 defedum
1000 2112 1107 2202 illum
1135 2126 1319 2228 majorem
1338 2118 1419 2207 stvc
1441 2126 1611 2207 minorem

187 2234 365 2327 audierit,
388 2227 597 2314 secundum
629 2232 707 2314 boc
732 2255 776 2313 tu
799 2227 1012 2316 misericors
1044 2234 1158 2316 Deus
1189 2228 1309 2317 velles
1336 2234 1511 2341 judicare
1540 2258 1610 2319 euu

189 2338 479 2457 culpabiliorem
499 2339 561 2428 vel
576 2347 902 2442 innocentiorem,
920 2348 960 2428 δι
983 2344 1095 2457 quod
1112 2349 1230 2459 gratia
1247 2371 1312 2430 tua
1328 2346 1527 2433 mediante
1543 2343 1611 2463 poll

187 2461 325 2544 boram
347 2450 450 2539 illam
474 2454 621 2568 semper
634 2456 778 2540 habere
800 2455 962 2541 deberet
985 2452 1062 2541 tale
1079 2454 1269 2560 levamen,
1289 2461 1406 2574 quod
1431 2484 1609 2575 nunquan

189 2597 267 2657 tam
295 2564 512 2683 periculosi
546 2572 668 2681 premi
687 2567 813 2680 pollet
837 2570 888 2653 ab
919 2565 990 2654 illo
1016 2568 1199 2671 defectu,
1231 2569 1326 2658 ficut
1358 2598 1474 2659 antea
1505 2572 1608 2659 frent

187 2681 344 2799 pressus,
421 2682 558 2767 Tertii)
594 2677 797 2766 liberalitas
828 2706 895 2766 tua
919 2686 1091 2799 inopiam
1117 2689 1344 2771 meritorum
1366 2700 1554 2781 'memum
1573 2709 1607 2767 ea

189 2796 419 2881 certitudine
442 2793 596 2891 ditavit,
625 2796 738 2907 quod
767 2798 985 2909 cuicunque
1016 2792 1179 2911 aliquod
1205 2795 1439 2887 beneficium
1471 2796 1533 2889 vel
1556 2794 1606 2885 al·

188 2916 294 3017 cujus
314 2902 444 2992 delicti
466 2903 746 3020 indulgentiam
765 2934 814 2994 cx
834 2909 1072 2995 confidentia
1094 2913 1233 2996 divinar
1257 2912 1411 3023 pietatis
1437 2936 1512 3000 tuat
1536 2938 1606 3027 pro

189 3016 379 3119 miserim,
427 3022 507 3105 boc
539 3020 731 3133 benignus
775 3047 885 3105 arnor
928 3050 1017 3107 tuus
1054 3021 1263 3111 secundum
1301 3026 1473 3111 verbum·
1499 3050 1605 3113 meum

190 3161 268 3221 tam
287 3133 439 3219 firmum
465 3160 598 3218 tenere
617 3159 880 3246 proponeret,
910 3135 1016 3251 quali
1042 3161 1083 3221 tu
1111 3138 1190 3222 hoc
1223 3164 1292 3224 ore
1321 3162 1395 3225 tuo
1418 3139 1604 3227 benedito

188 3253 370 3358 juraveris
404 3250 632 3343 inveritate,
657 3253 694 3331 δι
717 3250 797 3332 boc
820 3248 1003 3332 veraciter
1029 3247 1157 3340 fietetr
1199 3250 1371 3350 addens,
1405 3258 1497 3368 quia
1519 3252 1605 3339 firi·
1646 3352 1649 3357 ι

191 3364 347 3447 deretur
371 3355 506 3458 alicui,
559 3359 643 3444 uod
670 3359 828 3446 effecius
862 3385 942 3446 tant
977 3356 1132 3448 salubris
1163 3359 1286 3480 longe
1320 3359 1420 3452 ultra
1448 3362 1606 3482 placitur

187 3475 501 3585 protraheretur,
528 3388 595 3557 ille
628 3476 845 3559 constanter
880 3473 1136 3560 admonendo
1155 3476 1228 3563 tibi
1251 3504 1479 3590 proponere
1507 3478 1608 3567 debe·

187 3584 733 3784 lecldiclllildmeeglertelliclsrllst
765 3582 1614 3815 tlclqiutsscluqlllltsrlfiulrilistltlllessdevfflll

178 3786 181 3793 .
742 3757 757 3798 2

189 3814 367 3896 tentione
386 3809 426 3897 se
449 3812 689 3898 orationibus
711 3817 807 3898 meir
829 3812 1038 3899 commend
1090 3842 1149 3919 et,
1179 3814 1472 3931 proculdubio
1502 3816 1618 3907 const·

190 3949 344 4008 cuturns
361 3924 452 4011 ellet
473 3952 633 4010 ornnem
655 3920 844 4029 fructum,
871 3955 991 4041 quern
1018 3928 1177 4014 credere
1233 3928 1331 4019 oller
1355 3929 1621 4050 aliquembo·

189 4042 332 4124 minem
361 4065 435 4151 per
466 4035 620 4124 alterius
645 4045 866 4127 orationem
906 4040 1088 4128 obtinere
1120 4070 1174 4158 po
1204 4069 1239 4130 e.
1339 4046 1624 4253 QuintqnglE

1499 4195 1526 4280 P
