3796 4994
603 257 814 418 Revelat,
831 317 884 414 de
902 318 1089 452 Agreda.
1114 326 1224 414 Pars
1246 325 1303 416 11.
1555 418 1560 427 .
1572 357 1664 457 391
1758 346 1761 352 ’

238 528 296 610 dit
318 532 576 636 comprimens
603 523 714 607 turba
730 519 840 634 supet
861 551 964 621 eum,
992 529 1031 606 dc
1059 516 1300 609 conculcavit
1324 547 1411 605 eum
1432 524 1611 634 pedibus,
1631 533 1671 614 dt

236 636 449 724 vulneravit
471 667 558 722 eum
577 637 890 749 percussionibus.

354 783 398 854 13
411 786 473 835 ιο.
502 759 614 836 Tunc
635 759 676 834 B.
698 757 820 862 Virgo
844 753 1024 862 praecepit
1043 777 1092 834 an
1121 744 1202 845 elis,
1222 773 1265 832 ut
1283 745 1509 862 colligerent
1524 748 1671 865 sangui·

233 896 322 954 nem
351 866 375 952 ὲ
406 868 569 952 Christo·
590 868 681 948 hinc
711 866 803 949 inde
832 861 993 975 sparsum
1017 867 1054 946 in
1075 778 1232 977 plateis,
1269 889 1320 945 ne
1342 860 1589 949 conculcetur
1605 896 1673 978 pe·

232 983 361 1066 dibus.
419 985 600 1091 Praecepit
618 975 691 1062 illis
713 983 841 1074 etiam,
865 1006 907 1064 ur
932 977 957 1061 fi
978 979 1110 1063 denuo
1133 976 1288 1063 caderet
1300 981 1339 1059 in
1361 1001 1497 1061 terram
1524 977 1609 1063 suus
1626 979 1669 1065 fi-

231 1092 318 1192 lius,
341 1096 574 1203 impediant,
599 1119 648 1175 ne
673 1087 920 1176 conculcetur
951 1091 1127 1204 pedibus.
1203 1093 1376 1202 Rogavit
1395 1115 1524 1176 tamen
1549 1089 1669 1180 filiurn

231 1236 301 1322 per
321 1203 496 1319 angelos,
510 1231 553 1290 ut
576 1210 618 1289 in
640 1209 717 1289 boc
737 1202 925 1288 servitium
946 1203 1168 1302 consentiat,
1190 1208 1228 1286 dc
1245 1216 1370 1289 adium
1386 1202 1670 1308 humiliationis,

231 1349 350 1435 quem
368 1347 413 1404 ea
435 1315 487 1404 sui
506 1315 795 1430 proculcatione
820 1346 1028 1417 exerceret,
1051 1344 1264 1404 commutet
1277 1324 1317 1405 in
1335 1326 1462 1405 adium
1480 1321 1668 1408 obedien·

228 1442 289 1521 tiae
312 1462 402 1548 erga
427 1457 600 1518 matrem.
969 1522 987 1544 ..
1047 1528 1053 1535 ,

351 1574 473 1652 1321.
502 1550 545 1630 ln
570 1543 817 1660 quodetiam
840 1541 1035 1633 consenfit

348 1692 471 1763 1322.
499 1662 711 1746 Productio
732 1660 870 1742 Christi
899 1666 938 1742 dt
963 1657 1132 1745 Bartabae
1151 1688 1234 1744 non
1260 1659 1409 1744 tannim
1435 1687 1509 1746 una
1532 1663 1662 1753 viceal

227 1772 356 1860 Pilato
386 1776 486 1858 fabia
517 1777 604 1870 est,
647 1769 713 1856 sed
751 1773 842 1868 bis,
885 1778 1104 1857 immorer.
1161 1776 1293 1858 Primo
1329 1770 1531 1878 videlicet,
1559 1806 1662 1863 ante·

206 1886 347 2002 ¹quam
375 1889 549 1976 Christus
576 1884 650 1971 fuit
691 1887 878 1972 abductus
905 1887 957 1971 ad
985 1885 1187 1973 Herodem
1209 1917 1221 1977 r
1276 1883 1446 1974 secundo
1473 1896 1561 2002 post
1586 1901 1667 1998 ejus

225 2003 407 2088 reditum.

347 2146 468 2218 ¹323·
506 2110 667 2197 Solebat
683 2137 811 2197 autem
836 2111 859 2199 ai
881 2115 1021 2217 Judaeis
1042 2113 1182 2200 dimitti
1211 2111 1438 2201 malefadior
1465 2121 1663 2205 maximus.

226 2233 394 2340 Egetunt
411 2254 545 2311 contra
566 2256 729 2333 morem,
759 2229 935 2341 petendb
964 2228 1187 2328 Barrabam,
1212 2258 1332 2343 quem
1350 2258 1478 2315 tamen
1504 2262 1586 2316 non
1604 2241 1663 2343 ju·

225 2343 405 2426 dicabant
431 2348 651 2425 maximum.
863 2412 867 2424 .

225 2513 228 2518 ι
345 2485 467 2559 ¹324·
495 2452 672 2567 Procula,
701 2480 800 2538 uxot
821 2453 956 2552 Pilati,
988 2480 1036 2536 ex
1073 2457 1247 2539 instinctu
1275 2456 1439 2564 Luciferi
1469 2454 1661 2546 laboravit

225 2599 299 2683 pro
320 2568 551 2654 liberatione
576 2570 727 2654 Christi.
782 2564 935 2651 Lucifer
967 2571 1072 2649 enim
1109 2576 1150 2650 in
1181 2567 1320 2651 somno
1347 2570 1417 2680 ipsi
1446 2573 1660 2683 proposuit,

226 2683 417 2785 Christum
447 2679 522 2767 eise
551 2687 824 2769 innocentema
857 2686 924 2796 qui
949 2681 976 2765 sr
1000 2680 1347 2780 condemnaretur,
1379 2692 1457 2791 ejus
1483 2689 1660 2770 maritum

223 2799 272 2882 ab
287 2794 428 2882 Officio
448 2795 739 2908 deponendum,
758 2793 876 2911 ipsam
894 2797 1045 2881 verbio
1065 2792 1293 2910 graviffimas
1312 2793 1545 2885 calamitates
1564 2827 1660 2887 con·

217 2908 540 3023 jiciendamsore.

345 3052 468 3125 1325·
503 3018 657 3108 Lucifer
684 3017 842 3107 similem
866 3018 1045 3109 timorem
1063 3019 1237 3136 suggeffit
1261 3016 1407 3112 Pilatos
1438 3024 1571 3108 veriam
1590 3029 1658 3129 Ju-

221 3136 311 3221 daeis
330 3135 607 3250 postulantibus
633 3137 827 3220 Christum
846 3136 1026 3250 crucifigi,
1048 3132 1142 3220 lavit
1164 3162 1310 3218 manus.

348 3281 363 3334 r
375 3279 392 3352 3
404 3280 467 3352 30·
501 3255 541 3333 Β.
563 3254 686 3361 Virgo
701 3250 882 3335 intererat
896 3278 977 3363 ope
992 3248 1221 3363 angelorum
1242 3247 1439 3346 omnibus,
1461 3274 1549 3363 quae
1565 3276 1656 3364 age·

216 3369 359 3451 bantur
379 3368 418 3446 in
442 3366 567 3448 domo
595 3367 726 3463 Pilati,
743 3361 795 3445 fic
815 3388 858 3446 ut
878 3369 1009 3448 omnia
1029 3364 1203 3448 audierit.

339 3522 460 3596 ¹334·
501 3497 532 3574 B
566 3493 616 3594 V.
636 3490 687 3574 ad
718 3515 782 3572 me
813 3492 932 3575 dixit:
980 3493 1089 3574 Deus
1117 3518 1199 3577 non
1228 3512 1271 3574 te
1301 3516 1444 3574 certam
1468 3488 1654 3589 reddidit,

219 3606 333 3718 quod
363 3634 444 3690 non
473 3601 587 3720 possis
616 3605 766 3687 cadere.
850 3608 1014 3716 Serpens
1040 3610 1223 3718 antiquus
1251 3610 1370 3716 magis
1403 3601 1533 3717 vigilat
1561 3632 1654 3689 con-·

219 3742 278 3802 rra
306 3745 358 3817 re,
386 3719 505 3832 quim
532 3743 668 3827 contra
706 3711 796 3799 alias
833 3724 996 3808 animass
1037 3725 1200 3829 agnovit
1226 3723 1353 3815 enim,
1393 3720 1507 3830 quod
1547 3721 1655 3802 Deus

218 3826 349 3914 multis
375 3831 686 3946 generationibus
710 3857 794 3915 non
819 3831 1029 3919 ostenderit
1054 3857 1205 3918 tantum
1231 3856 1420 3928 amorem,
1448 3835 1567 3945 quim
1591 3859 1654 3915 et·

213 3969 341 4058 gare.

1527 4165 1652 4258 1336.
