3796 4994
619 259 922 360 Revelationes
959 265 1004 359 S.
1044 259 1285 360 Gertrudr’s.
1604 292 1669 397 89

359 459 575 572 XXXIII.
648 464 702 571 L.
742 503 787 597 4.
825 465 884 569 C.
929 476 1006 573 26.
1079 465 1340 570 Dominus
1375 464 1423 572 S.
1460 465 1664 575 Gerttu·

216 610 267 713 di
303 610 520 744 praebuit
556 609 865 725 corsuum,
912 607 973 711 de
1018 639 1124 747 quo
1170 634 1255 714 tot
1291 611 1493 748 virgulae
1530 610 1662 718 fumi

216 784 278 854 ex
315 747 636 853 aromatibus
686 748 1029 854 redolentibus
1081 751 1413 862 ascendebant
1461 752 1661 879 ad.Pa÷

215 920 376 1007 trem,
427 923 523 1026 pro
569 918 699 1026 quot
756 892 1017 1030 generibus
1064 890 1345 996 hominum
1394 893 1658 1003 Dominus

215 1060 445 1137 mortem
506 1035 743 1137 sustinuit.
860 1057 925 1141 An
979 1085 1075 1172 ergo
1123 1061 1296 1145 Christus
1348 1082 1430 1144 non
1482 1052 1660 1148 'mortuus

214 1179 253 1257 8.
277 1171 464 1258 Gertrudi
491 1173 643 1256 videtur
667 1201 741 1284 pro
763 1169 916 1286 singulis
941 1200 1146 1284 generum,
1171 1169 1238 1258 sed
1261 1199 1409 1258 tantum
1437 1203 1512 1288 pro
1539 1176 1658 1290 geness

215 1287 321 1372 ribus
356 1281 626 1399 singulorum?
675 1315 762 1399 qua
794 1315 889 1399 ergo
926 1282 1032 1370 causa
1064 1289 1143 1384 est,
1175 1315 1241 1371 cut
1273 1289 1421 1373 rantum
1446 1290 1677 1383 tueminille‘

215 1396 310 1484 velit
330 1428 529 1514 generum,
550 1428 632 1483 non
659 1400 753 1484 verb
781 1397 1045 1515 fingulorum?
1088 1401 1166 1484 Sed
1185 1396 1406 1512 responderi
1428 1406 1569 1515 potest,
1596 1405 1659 1491 bic
1724 1502 1726 1507 ¹

214 1541 455 1599 mentionem
483 1523 610 1624 potius
632 1514 712 1597 fieri
739 1543 936 1629 generum,
967 1513 1085 1626 quam
1109 1512 1358 1626 singulorum,
1381 1525 1471 1632 quia
1491 1517 1658 1632 singulis,
1722 1510 1725 1515 ¹

214 1655 356 1742 utpote
379 1632 587 1712 innumeris
609 1655 689 1711 non
717 1626 1064 1743 corresponderent
1086 1653 1147 1711 tot
1171 1629 1357 1742 symbola.
1398 1652 1404 1663 ·
1434 1674 1437 1681 ·
1523 1652 1527 1665 ·
1751 1628 1754 1635 ’

355 1819 576 1924 xxxu.
648 1817 701 1924 t.
740 1859 788 1951 4.
827 1819 887 1926 o.
923 1856 999 1945 27.
1034 1750 1658 1963 ‹rocceanrma's'epurss
1803 1890 1808 1897 .
1872 1779 1876 1786 ’

214 1973 415 2103 gatorio
454 1961 682 2065 liberatas
727 1997 816 2100 per
849 1993 948 2101 nos
986 1961 1217 2067 obtinere
1244 1961 1382 2100 polle
1418 1998 1657 2103 augmen·

216 2134 333 2210 tum
373 2105 553 2243 gloriae.
657 2135 719 2211 Sic
744 2131 891 2214 habet:¹
941 2131 1154 2214 Gerttudes
1185 2132 1307 2214 dixit:
1365 2134 1496 2229 Peto,
1533 2135 1658 2234 Jfisu
1807 2204 1810 2211 .

215 2246 489 2345 amantilslme,
516 2268 558 2327 ut
574 2245 645 2328 hac
667 2247 764 2326 liora
790 2240 990 2327 absolvere
1013 2246 1180 2356 digneris
1213 2244 1357 2328 anImas
1376 2248 1552 2345 onmium
1575 2241 1655 2357 sp'e·

216 2349 367 2443 cialium
394 2386 560 2444 tuorum.
644 2365 757 2442 Tunc
780 2361 973 2441 DomInus
998 2359 1167 2442 ostendit
1192 2354 1245 2440 illi
1269 2353 1657 2444 multitudinemani·

216 2503 366 2556 marum
395 2473 560 2585 apoenis
586 2469 797 2555 absolutam
821 2473 974 2555 dicens:
1034 2475 1145 2569 Ecce,
1171 2473 1238 2553 bas
1263 2499 1401 2555 omnes
1431 2471 1580 2583 assigno
1598 2475 1658 2557 di·

214 2583 374 2670 lectioni
392 2613 477 2682 tuae,
502 2593 593 2700 quia
614 2583 837 2680 eternaliter
852 2585 1049 2696 apparebit
1064 2591 1103 2667 in
1123 2580 1246 2686 coelis,
1264 2587 1375 2698 quod
1392 2591 1466 2668 tuis
1482 2587 1660 2698 lintpre·
1701 2680 1710 2689 ⁸

217 2703 324 2785 cibus
345 2698 525 2784 liberata.
585 2705 771 2811 Cumque
796 2700 1007 2782 Gertrudes
1037 2692 1289 2811 intelligeret,
1316 2704 1458 2782 ammas
1484 2706 1660 2813 quamvis

218 2815 386 2927 apoenis
408 2812 585 2898 liberatas
610 2817 788 2897 nondum
815 2839 944 2895 tamen
967 2818 1112 2897 eternis
1130 2814 1277 2924 gaudiis
1299 2813 1475 2911 sociatas,
1498 2816 1664 2926 prebuit
1711 2810 1734 2829 ”

216 2927 395 3014 feroram
419 2930 555 3012 divinae
576 2934 707 3040 pietati
722 2930 771 3010 ad
789 2921 1062 3030 roleranilum,
1087 2918 1333 3040 quacunque
1357 2924 1657 3039 fibi-placerene

217 3072 292 3158 pro
317 3070 368 3126 eo
392 3070 435 3126 ur
458 3045 655 3125 animabus
682 3037 755 3123 illis
785 3038 937 3151 plenam
965 3041 1244 3125 beatitudinem
1279 3038 1457 3124 conferre
1481 3041 1657 3153 dignare·

217 3184 304 3243 tur:
340 3181 433 3239 tunc
461 3152 631 3268 placatus
658 3159 851 3238 Domitius
888 3182 1027 3237 omnes
1058 3155 1196 3238 eadem
1233 3158 1330 3239 hora
1368 3149 1578 3238 sublevavit
1608 3154 1659 3237 ad

218 3273 361 3385 gaudia
390 3269 491 3354 coeli.
579 3277 681 3354 Hinc
706 3275 792 3378 post
819 3296 968 3352 moram
996 3269 1089 3351 dum
1123 3294 1277 3381 gravem
1309 3264 1461 3351 sentitet
1497 3263 1660 3351 laterum

219 3384 429 3481 dolorem,
463 3389 658 3469 Dominus
684 3379 867 3467 dolorem
892 3388 971 3491 ejus
996 3380 1161 3467 contulit
1190 3383 1374 3494 praeditiis
1397 3384 1596 3465 anImabus
1619 3387 1659 3467 ln

216 3524 468 3613 augmentum
491 3500 722 3612 gaudiorum
739 3494 926 3592 luorum,
946 3498 1100 3580 dicens:
1160 3486 1251 3579 l·Ioc
1272 3520 1412 3578 munus
1438 3497 1660 3582 devotionis

216 3620 311 3698 mihi
338 3611 362 3698 a
387 3616 533 3725 Sponla
560 3608 735 3696 oblatum
770 3611 939 3695 exhibeo
975 3609 1091 3693 vobis'
1117 3610 1157 3694 iri
1193 3608 1389 3696 cumulum
1417 3610 1664 3697 beatitudinis

215 3726 465 3843 sempiterna.
546 3728 610 3812 Ad
631 3730 710 3813 boc
727 3729 853 3839 potest
872 3721 1107 3838 responden,
1129 3722 1222 3809 sicut
1245 3720 1367 3809 Num.
1395 3754 1458 3810 η.

334 4095 397 4186 D.
419 4094 465 4181 E.
482 4094 537 4180 Α.
556 4090 796 4187 deReuelat.
817 4094 918 4182 Pars
939 4090 995 4182 Il.
1160 4093 1205 4178 M
1467 4056 1662 4166 XXXV.
