3796 4994
611 267 890 434 uenerande
915 329 1105 466 Agnis,
1126 336 1239 436 Pars
1252 341 1332 439 Ili.
1542 382 1609 474 ..4
1613 377 1639 474 5
1651 380 1673 472 3
1746 462 1751 475 ,
1825 328 1829 335 ¹

354 562 449 639 510.
489 531 735 637 Doemones,
768 538 946 649 quamvis
971 531 1150 626 senserint
1168 540 1334 626 maxima
1355 524 1698 651 tormentaaoco·¹
1806 610 1810 615 -

229 651 367 739 dendo
390 652 443 737 ad
466 658 508 739 B.
529 654 754 764 Virginem,
789 676 838 735 ex
861 654 918 735 ira
944 673 1076 735 tamen
1104 655 1144 735 dt
1161 653 1307 738 invidia
1333 669 1547 770 coegerunt
1567 659 1605 747 se
1626 665 1681 750 ad
1737 734 1744 749 .

226 765 409 881 patienda
433 766 514 852 hac
533 789 751 855 tormentis
791 767 833 848 dc
853 761 1086 854 accesserunt
1104 765 1211 880 quali
1234 793 1307 880 per
1324 771 1436 884 ignes
1460 777 1500 856 dr
1525 772 1680 888 gladios

224 881 277 970 ad
296 878 522 968 sumendam
542 878 765 965 vindiciam.
1736 941 1747 949 .
1853 975 1855 979 ¹

225 1107 258 1196 a·
276 996 526 1194 surr
544 980 1137 1218 usinallum}
1153 993 1304 1196 rra
1319 996 1678 1199 traiano

227 1214 359 1311 cantes
384 1219 474 1308 fote
499 1217 790 1307 defendendos.
933 1161 949 1207 ²
1139 1136 1165 1221 p
1631 1140 1678 1203 ο.
1723 1200 1731 1213 ’

345 1362 440 1436 514.
474 1332 587 1440 Deus
615 1329 749 1446 ligavit
772 1333 1030 1425 'doemonems
1072 1337 1113 1419 dt
1141 1357 1355 1423 extremum
1377 1363 1520 1426 catenae
1545 1341 1676 1457 posuit

223 1453 268 1536 in
290 1476 406 1557 manu
429 1457 472 1534 B.
493 1452 673 1561 Virginis.
827 1532 831 1537 .
1009 1450 1012 1461 ’
1563 1524 1569 1534 .
1715 1479 1719 1482 ·

340 1590 433 1666 μς.
472 1566 576 1648 Dein
596 1569 637 1648 Β.
661 1558 786 1673 Virgo
806 1554 832 1644 d
850 1552 915 1645 sex
933 1546 1153 1672 Seraphinis
1177 1557 1252 1648 fuit
1275 1558 1426 1651 elevata
1450 1562 1474 1651 d
1498 1591 1612 1668 terra,
1629 1574 1673 1655 dr

205 1672 418 1779 ‚collocata
441 1680 482 1763 in
516 1677 662 1761 throno
685 1671 767 1758 Filii
790 1672 844 1757 ad
876 1677 971 1778 ejus·
985 1667 1083 1760 latus
1104 1680 1145 1760 in
1166 1674 1368 1788 splendida
1387 1677 1506 1765 nube.
1560 1687 1674 1769 Tunc

224 1792 458 1877 circumdata
474 1787 547 1907 suit
568 1783 773 1899 splendore
797 1786 903 1898 quasa
926 1779 1017 1870 sole.
1088 1778 1362 1902 Subpe'dibus
1392 1801 1471 1896 ejus
1496 1801 1673 1907 apparuit
1715 1876 1720 1883 .

221 1901 329 1991 luna.
405 1906 599 2015 incapite
622 1899 844 2014 ponebatur
872 1925 1019 1985 corona
1042 1900 1255 1986 duodecim
1280 1899 1470 1990 stellarum
1493 1911 1534 1991 in
1555 1910 1673 2022 Sym·

222 2014 363 2104 bolum
379 2017 592 2115 divmarum
612 2010 910 2128 perfectionum,
932 2039 1019 2124 quae
1035 2013 1103 2126 ipfi
1125 2018 1508 2109 communicabantur
1526 2023 1566 2105 in
1584 2048 1670 2135 gra·
1736 2076 1757 2105 a

222 2133 278 2217 du
288 2129 453 2231 summo,
467 2153 655 2245 quantum
676 2129 845 2241 estpurae
868 2150 1046 2227 creatum
1062 2124 1258 2241 possibilis.
1316 2131 1533 2221 Videbatur
1554 2142 1670 2222 etiam

219 2246 500 2447 pippgrparpsopip
520 2271 580 2442 elac,
601 2269 688 2369 quat
711 2238 884 2329 idivint
905 2263 1038 2361 natura
1062 2245 1328 2358 participabat,
1351 2251 1391 2332 dc
1414 2246 1471 2333 ob
1491 2275 1669 2337 amorem

289 2390 329 2446 ru
489 2389 540 2443 mr
580 2388 632 2443 m.

270 2562 274 2575 ,
344 2488 436 2579 516.
474 2475 632 2585 Septem
666 2470 860 2554 Draconis
891 2471 1016 2583 capita
1047 2465 1278 2580 significant,
1311 2472 1429 2585 quod
1460 2470 1504 2567 fit
1528 2475 1672 2562 author

220 2582 367 2701 septem
387 2591 568 2672 vitiorum
591 2578 830 2697 capitaliums
874 2587 913 2666 δι
935 2583 1074 2669 decem
1098 2607 1256 2696 cornua,
1275 2571 1391 2699 quod
1408 2581 1501 2672 velit
1517 2584 1670 2674 frusba·

220 2727 266 2786 re
290 2700 429 2794 decem
452 2706 646 2813 Praecepta
669 2690 873 2811 Decalogi.
1007 2796 1010 2801 ,

342 2843 436 2920 5¹7·
463 2810 592 2914 Filius,
604 2838 723 2927 quem
742 2805 806 2894 illa
824 2802 962 2896 mulier
978 2810 1142 2922 peperit,
1156 2808 1212 2893 est
1226 2802 1372 2924 spiritus
1387 2804 1692 2932 uccsefia,quaj
1826 2838 1834 2853 ⁸

217 2930 410 3043 potestate
428 2927 452 3014 d
469 2929 620 3014 Christo
642 2946 800 3036 accepta
815 2929 914 3039 tegit
932 2948 1070 3007 omnes
1087 2944 1235 3036 gentes.
1284 3004 1287 3010 ,
1639 2944 1643 2950 “

346 3065 438 3143 518.
465 3047 589 3127 Totus
611 3061 741 3153 partus
763 3032 862 3122 illius
876 3037 1043 3123 mulieris
1060 3034 1224 3121 includit
1243 3038 1357 3121 etiam
1377 3024 1561 3150 speciales
1583 3049 1666 3129 ani·

197 3183 300 3244 mas
323 3154 481 3253 sancias,
504 3182 601 3269 quas
625 3153 754 3237 adbuc
776 3155 887 3264 parit.
944 3143 1142 3251 Solitudo‚
1159 3156 1197 3233 dr
1219 3163 1328 3236 2260
1349 3152 1431 3236 dies
1445 3153 1496 3234 de
1519 3157 1664 3264 quibus

216 3273 274 3358 tbi
292 3271 429 3368 sermo,
448 3267 658 3384 significant
670 3271 813 3351 'statum
834 3266 963 3362 animi,
976 3267 1027 3360 ,in
1040 3264 1125 3379 quo
1139 3270 1181 3347 B.
1196 3269 1319 3378 Virgo
1339 3290 1388 3350 ex
1408 3267 1488 3359 hoc
1506 3291 1661 3386 tempo-

216 3412 262 3471 re
291 3385 489 3498 usquead
510 3382 677 3467 moriem
703 3378 789 3481 fuit,
815 3383 855 3463 ἃ
878 3377 1051 3465 refiduos
1077 3382 1163 3462 vitae
1187 3377 1284 3465 dies.
1752 3380 1759 3391 ’

337 3523 431 3599 519·
471 3493 625 3584 Lucifer
645 3494 802 3590 tandem
825 3488 1013 3606 desperat,
1041 3486 1204 3604 se‘polle
1222 3495 1378 3581 vincere
1402 3491 1665 3586 barnabe-1

215 3639 311 3714 rem,
330 3637 449 3726 prout
466 3612 648 3695 hanenus
671 3636 740 3723 per
767 3633 874 3711 5000
896 3632 1020 3690 annos
1042 3602 1267 3715 speraverat.

334 3751 430 3826 521.
472 3727 582 3809 Deus
601 3723 710 3808 finita
728 3717 791 3807 illa
812 3737 941 3834 pugna
959 3719 1055 3805 dixit
1074 3720 1128 3803 ad
1151 3728 1193 3805 Β.
1216 3724 1423 3835 Virginem.
1449 3770 1470 3792 ·
1523 3728 1584 3811 Tu
1615 3753 1658 3813 es

213 3834 397 3926 auxilium
422 3866 516 3924 meat
540 3831 734 3938 Ecclesia,
769 3841 810 3920 dr
856 3834 1115 3950 gubernatrix.
1181 3835 1336 3919 Habeas
1360 3835 1384 3921 d
1408 3863 1473 3922 me
1496 3866 1656 3926 omnem

213 3957 468 4069 potestatems
505 3978 591 4038 eam
618 3957 659 4039 in
686 3975 752 4069 tua
770 3947 926 4062 reposui
940 3939 1163 4038 voluntates
1207 3952 1353 4061 impera
1379 3948 1585 4050 Lucifero,
1610 3978 1655 4039 ut

213 4067 404 4183 quamdiu
430 4073 473 4155 irr
491 4091 592 4155 terra
609 4068 760 4167 vixeris,
787 4090 872 4150 non
895 4057 1110 4264 dspoiipa
1126 4057 1294 4151 hereses.
1350 4087 1448 4175 gar.
1467 4073 1510 4152 B.
1529 4071 1654 4267 Virgio

1091 4205 1111 4283 3
1634 4205 1657 4269 c
