3796 4994
585 321 789 424 nevela.
816 320 870 420 de
896 309 1087 457 Agreda.
1121 317 1235 423 Pars
1256 330 1292 422 Ι.
1533 340 1547 461 J
1564 314 1662 455 265
1778 450 1780 455 ⁴

337 528 431 629 313,
486 526 533 609 ln
580 520 715 612 ultima
753 524 899 612 visione
946 531 1051 629 Dei,
1092 554 1213 640 quam
1245 534 1289 613 B.
1317 529 1440 640 Virgo
1480 531 1521 612 in
1550 554 1665 614 utero
1794 582 1801 590 -

215 663 394 727 materno
432 640 608 740 habuit,
663 645 704 722 δι
752 644 793 723 in
844 669 925 753 qua
968 642 1038 755 ipss
1085 637 1339 740 revelatum,
1397 642 1512 756 quod
1556 669 1663 747 nunc
1723 696 1726 707 ,

214 757 328 837 instet
356 780 511 867 tempus
541 756 772 856 nativitatis,
799 753 851 840 fic
882 758 1015 842 Deum
1042 781 1198 870 precata
1225 756 1292 841 eit
1350 761 1389 842 0
1418 759 1665 861 animameae

212 873 302 952 vitat
328 873 403 951 dcc.
1175 870 1180 880 ’

337 1008 430 1092 ³¹4
453 1008 547 1083 315.
573 994 665 1084 316.
685 1011 778 1084 317·
796 988 872 1069 &c
899 980 1053 1071 Lucifer
1085 979 1315 1069 obseruabat
1343 985 1490 1068 interea
1524 974 1663 1064 omnes

214 1090 397 1179 foeminas
418 1100 460 1180 in
479 1096 656 1193 mundo,
676 1123 725 1180 an
752 1093 895 1181 ntdlam
925 1098 1260 1209 deprehenderet,
1283 1123 1372 1211 quae
1398 1090 1526 1182 sinnilis
1550 1090 1663 1205 soret

214 1202 366 1292 mulieri
395 1203 473 1305 illi,
507 1215 613 1314 cujus
640 1209 786 1323 signum
816 1215 858 1295 in
881 1207 987 1296 coelo
1010 1211 1173 1297 viderat.
1256 1217 1370 1296 Hanc
1402 1235 1531 1294 curam
1556 1210 1599 1293 iu
1622 1203 1662 1292 se

213 1319 376 1432 ipsemet
389 1319 562 1434 suscepit,
582 1327 621 1406 δι
646 1326 703 1406 ob
725 1326 806 1410 hoc
831 1329 873 1409 in
891 1349 992 1410 terra
1012 1328 1205 1418 circuivitt
1232 1319 1315 1411 aliu
1340 1348 1470 1411 autem
1502 1322 1661 1408 doemoss

216 1435 331 1520 nibus
362 1435 511 1520 tantum
544 1437 733 1521 commisit
767 1441 995 1551 potestatem
1035 1439 1211 1523 tentandi
1235 1436 1328 1524 alias
1357 1442 1439 1549 pias
1470 1430 1666 1539 mulieres.¹
1825 1438 1828 1442 ‘

216 1551 356 1661 itaque
379 1548 615 1647 observabat¹
630 1555 744 1634 etiam
770 1556 811 1636 S.
832 1556 1005 1639 Annamt
1035 1558 1077 1648 δε
1131 1558 1194 1636 uia
1211 1553 1432 1637 adverterat
1455 1554 1661 1636 circaeam

217 1657 398 1775 angelos,
427 1666 466 1745 &
486 1669 590 1747 exire
612 1689 659 1746 ex
687 1692 733 1749 ea
752 1670 931 1749 virtutem
952 1581 1172 1763 contrale,
1201 1662 1477 1778 suspicabatur,
1501 1691 1551 1759 an
1578 1681 1664 1747 'non
1751 1674 1754 1679 ’

216 1773 322 1861 forte
346 1774 425 1888 ipsa
444 1771 534 1862 esset
549 1771 616 1859 illa
636 1775 782 1864 mulier.
837 1779 976 1863 Statuit
993 1781 1133 1892 proin,
1152 1773 1209 1863 illi
1228 1780 1399 1864 adimere
1422 1781 1566 1887 uitam,
1593 1800 1662 1881 aut
1712 1841 1715 1848 .

217 1893 321 1975 certe
348 1917 568 2002 procurare,
593 1916 634 1974 ut
651 1917 781 2004 partus
799 1917 930 2005 pereat
951 1897 991 1975 in
1010 1918 1135 1977 utero.
1188 1892 1322 1978 Primd
1336 1893 1507 1979 immittit
1522 1891 1562 1977 S.
1578 1889 1664 1974 An·

216 2033 275 2087 nae
297 2008 424 2090 varios
449 2005 628 2104 timores‘,
660 2008 841 2104 tristitias,
871 2012 910 2089 δι
933 2006 1073 2104 dubia,
1097 2035 1148 2092 an
1169 2008 1261 2093 vere
1278 2001 1369 2092 esset
1390 2004 1571 2119 gravida,
1594 2029 1662 2086 ex·

215 2143 411 2230 perturus,
435 2146 485 2201 an
511 2115 615 2201 forte
636 2119 745 2204 daret
772 2119 918 2203 aditum
951 2118 1238 2205 tentationibus.
1322 2123 1427 2206 Dein
1463 2113 1587 2204 voluit
1618 2143 1661 2201 e·
1703 2178 1708 2192 .

214 2257 365 2316 vertere
379 2232 544 2315 domum
563 2237 601 2315 S.
623 2234 760 2329 Annae,
785 2232 851 2315 sed
878 2235 1089 2345 impeditus
1109 2232 1183 2319 suit
1206 2232 1255 2318 ab
1271 2229 1429 2348 angelis.
1481 2232 1662 2317 Tandem

215 2350 426 2430 concitavit
453 2342 621 2457 aliquam
650 2342 849 2432 mulierem
873 2352 914 2431 in
941 2353 1099 2446 uicinia,
1123 2376 1210 2542 gua
1236 2340 1517 2439 contumeliosa
1543 2346 1664 2431 verba
1767 2402 1770 2407 -

215 2459 397 2566 laetando
420 2463 461 2542 in
484 2460 523 2546 S.
542 2458 698 2544 Annam
720 2465 886 2547 excitare
907 2461 1120 2552 conabatur
1153 2465 1260 2549 item.
1346 2460 1455 2547 Clam
1480 2462 1522 2543 S.
1542 2459 1662 2545 Anna

218 2601 303 2657 non
315 2569 553 2684 frangeretur
572 2576 631 2657 his
653 2578 846 2658 continuis
865 2573 1121 2677 contumeliis,
1134 2578 1350 2661 commovit
1363 2577 1561 2687 propriam
1579 2575 1662 2678 ejus

217 2682 396 2773 ancillam
417 2692 458 2770 in
479 2683 580 2771 suam
606 2691 833 2773 Dominam.
1437 2755 1440 2762 .

338 2827 431 2903 3¹9·
459 2831 552 2904 3²0·
586 2804 713 2886 avide
733 2797 912 2914 exspecto
937 2801 1056 2887 finem
1082 2803 1192 2909 hujus
1216 2795 1402 2914 Capituli,
1427 2824 1470 2886 ut
1533 2803 1663 2885 otinus

217 2915 371 3000 audiam
392 2914 607 2999 doctrinam
631 2921 675 3000 B.
698 2919 879 3028 Virginis,
896 2942 1016 3028 quam
1039 2918 1133 3000 andri
1155 2916 1204 2999 ad
1221 2913 1340 3001 finem
1360 2907 1491 3021 cujusli
1522 2936 1563 3013 et
1581 2914 1663 3015 Ca·

216 3025 329 3141 pituli
357 3027 450 3112 dare
476 3024 589 3115 solet.
669 3035 780 3113 Hanc
803 3057 902 3144 ergo
929 3026 1110 3142 exspecto
1137 3025 1288 3113 summo
1315 3023 1459 3134 jubilo,
1485 3030 1526 3110 dc
1554 3022 1663 3111 exul

217 3147 367 3227 tatione
385 3139 544 3254 spiritus.
611 3145 812 3257 ¹Loquere
845 3149 979 3255 proin,
1003 3173 1032 3228 o
1060 3147 1242 3257 Regina,
1272 3145 1365 3255 quia
1397 3140 1504 3225 audit
1526 3135 1666 3223 ancilla

219 3281 297 3341 tua.
378 3258 420 3339 Si
439 3281 569 3341 autem
597 3262 798 3368 permittis,
824 3284 1043 3370 proponam
1064 3253 1230 3370 aliquod
1252 3255 1428 3341 dubium.
1482 3250 1662 3350 Consistit

219 3372 299 3453 hoc
324 3396 455 3452 meum
479 3369 643 3453 dubium
664 3374 704 3452 in
730 3397 796 3466 eo,
819 3370 1030 3483 quomodo
1057 3371 1238 3455 stantibus
1259 3392 1323 3465 tot
1345 3368 1463 3452 donis
1487 3368 1662 3479 potuerit

218 3489 367 3585 timete,
389 3492 441 3567 ne
459 3480 566 3569 forte
588 3484 741 3569 excidas
761 3488 927 3581 amititia
941 3486 1091 3574 diuinas
1118 3477 1320 3597 prasertim
1343 3509 1433 3567 ctun
1447 3476 1665 3587 serenate

218 3591 477 3710 preservatum
502 3594 610 3681 sitisse
637 3598 688 3681 ab
708 3594 914 3711 originali?

339 3738 433 3812 3²2·
472 3714 516 3795 B.
550 3715 675 3824 Virgo
711 3710 763 3795 ad
804 3736 871 3796 me
908 3709 1030 3796 dixit:
1070 3715 1218 3799 Verum
1247 3710 1332 3808 est,
1363 3709 1476 3823 quod
1503 3704 1665 3822 propter
1752 3778 1758 3789 s
1822 3704 1829 3721 “

220 3824 329 3908 dona
355 3850 402 3907 ac
426 3819 615 3908 beneficia
641 3826 735 3908 mihi
765 3826 787 3908 d
816 3826 931 3910 DEO
967 3819 1107 3910 collata
1144 3818 1376 3936 impossibile
1415 3821 1571 3921 suerit,
1599 3836 1671 3904 me

218 3938 402 4069 stantibus
424 3933 497 4021 illis
520 3964 702 4049 peccares
743 3934 810 4024 sed
836 3961 965 4024 tamen
989 3940 1127 4026 DEUS
1150 3941 1245 4023 mihi
1268 3932 1468 4022 abscondit
1486 3920 1593 4035 hand
1608 3931 1666 4020 se·

218 4076 431 4147 cuntatem.

335 4165 397 4253 D.
418 4163 537 4250 Ε.Α.
557 4159 801 4255 tenemur.
825 4165 928 4254 Pars
949 4165 1006 4254 11.
1197 4157 1269 4251 Ll·
1546 4179 1669 4264 aar.
1778 4290 1783 4297 Ι
