3796 4994
608 253 914 353 Revelatt’ones
947 258 993 351 S.
1031 249 1276 353 Gertrudii.
1502 189 1506 196 ⁵
1571 262 1671 396 159

223 460 354 572 primis
384 484 481 572 ergo
504 478 587 544 non
602 457 846 573 porrigenda
861 459 924 550 ha
948 454 1207 544 revelationes
1231 458 1428 546 baercticis.
1480 456 1673 555 ¹Secundis

222 601 303 658 non
323 577 410 658 lunt
434 574 485 657 ad
512 576 644 657 harum
672 569 882 659 lectionem
904 574 1136 658 admittendi
1154 573 1332 657 homines
1343 569 1550 662 sceleribus
1571 609 1670 691 prat·

222 684 348 774 sertim
371 682 582 773 carnalibus
608 692 760 799 penitus
786 686 974 784 immersi,
1001 713 1052 771 ne
1075 690 1285 798 margarita
1307 692 1556 796 projiciantur
1575 714 1669 780 ante

221 829 380 912 porcos.
443 802 646 914 Siquidem
681 796 723 882 dl
748 803 806 885 his
830 828 911 884 non
945 806 1069 883 minus
1103 802 1224 912 quim
1255 803 1478 885 Lutheranis
1508 832 1603 889 mox
1625 811 1667 893 le

221 920 361 1028 ingerit
391 941 504 1016 caro,
539 920 578 998 &
609 919 740 997 omnia
777 917 859 996 hac
897 910 1109 998 coelestium
1147 910 1420 998 blanditiarum
1460 913 1666 1028 specimina

219 1033 276 1112 eis
300 1022 506 1113 obnubilat
530 1023 723 1111 exhalatio
744 1022 961 1110 libidinosa.
1017 1028 1152 1113 Tertiis
1183 1053 1257 1110 uec
1276 1022 1361 1111 sunt
1380 1029 1439 1112 ha
1458 1030 1672 1118 revelatio·

219 1169 289 1228 nes
310 1140 421 1227 utiles
443 1142 663 1225 horninibus
684 1144 836 1250 penitus
855 1140 1000 1240 idiotis,
1010 1164 1076 1224 aut
1089 1141 1232 1254 quibus
1244 1138 1337 1223 nibil
1359 1145 1513 1252 penitus
1529 1145 1582 1228 de
1602 1152 1665 1235 via

220 1253 469 1366 perfectionis
486 1257 670 1353 innotuit,
687 1258 727 1337 hi
748 1257 850 1338 enim
869 1281 952 1337 non
970 1254 1214 1338 adverterent
1227 1249 1297 1337 sub
1314 1253 1582 1366 corporalibus
1603 1262 1674 1346 his·

217 1364 405 1481 symbolis
427 1363 544 1450 latete
566 1369 763 1478 mysteria,
793 1367 978 1479 adeoque
1001 1394 1051 1450 ex
1073 1367 1256 1451 omnibus
1285 1372 1397 1451 nimis
1422 1370 1571 1456 ruditcr
1598 1400 1664 1458 ac·

212 1486 343 1592 ,ceptis
359 1504 544 1594 tanquam
567 1483 658 1565 Deo
680 1484 848 1593 indignis
869 1508 952 1566 non
969 1481 1036 1564 nist
1054 1476 1310 1565 offensionem
1333 1481 1665 1573 &confusionem
1734 1561 1735 1564 t

212 1586 432 1684 ¹referrentc
483 1597 573 1678 hinc
604 1599 719 1679 etiarn
752 1621 836 1677 non
873 1598 1032 1706 expedit
1066 1598 1107 1678 in
1135 1599 1271 1706 quavis
1301 1590 1432 1706 lingua
1460 1595 1665 1686 vernacula

219 1734 285 1794 eas
304 1709 380 1792 edi.
462 1709 617 1816 Quarti>
644 1735 725 1792 non
744 1704 829 1792 sunt
852 1710 911 1791 his
932 1702 1233 1792 revelationibus
1248 1702 1425 1817 legendis
1446 1715 1540 1821 apti,
1558 1729 1664 1825 quo·

216 1850 304 1906 rum
325 1846 392 1905 aut
408 1817 583 1917 indoles,
611 1848 676 1905 aut
690 1847 807 1933 prava¹
829 1819 1072 1904 consuetudo
1089 1822 1142 1903 est
1162 1821 1345 1903 omnibus
1371 1823 1661 1915 contradiceres

218 1929 428 2045 multoque
458 1938 584 2019 minus
605 1930 673 2030 illi,
701 1940 770 2047 qui
794 1933 817 2018 ai
840 1929 1091 2045 spiritualibus
1116 1933 1350 2035 abhorrent,
1367 1939 1419 2018 ita
1441 1960 1484 2019 ut
1507 1937 1660 2024 nonnisi

216 2045 382 2160 profana
401 2073 471 2131 eos
488 2044 694 2136 delectent
759 2047 915 2159 Quinto
935 2075 1017 2131 non
1035 2046 1241 2159 proficient
1266 2074 1314 2133 cu
1332 2049 1392 2132 his
1413 2043 1659 2134 revelations

215 2161 291 2245 bus
314 2166 540 2273 quicunque
571 2167 686 2244 etiam
712 2163 820 2245 dosii
841 2189 887 2245 ac
912 2155 1111 2273 Religiosrs
1137 2161 1340 2244 ordinibus
1363 2155 1561 2274 adscripti,
1590 2166 1661 2276 qul

214 2269 311 2358 nihil
340 2299 454 2360 antea
480 2276 532 2358 de
557 2271 706 2357 sublimi
734 2301 780 2358 ac
807 2271 968 2360 delicata
996 2281 1059 2358 via
1098 2277 1232 2358 unitivi
1268 2297 1357 2359 cum
1384 2275 1479 2359 Deo
1517 2283 1662 2364 amoris

213 2382 407 2500 legerunt.
467 2393 569 2472 Hinc
589 2416 671 2472 nou
690 2393 740 2473 in
754 2394 895 2501 quovis
922 2387 1113 2470 coenobio
1134 2388 1319 2497 expedit,
1344 2414 1407 2472 eas
1423 2386 1579 2500 publici:
1600 2387 1660 2475 le·
1758 2434 1762 2441 ·

214 2529 326 2615 gere.
379 2504 442 2585 Sic
462 2527 628 2614 quoque
648 2530 730 2585 non
756 2503 840 2584 sunt
870 2500 1135 2612 proponendae
1164 2496 1339 2583 osoribus
1369 2505 1495 2585 omnis
1517 2526 1660 2592 tenerae

216 2617 454 2699 devotionis.
536 2612 622 2698 En!
665 2615 753 2698 sana
792 2619 890 2699 ratio
931 2615 1127 2708 ostendit,
1166 2607 1261 2696 tales
1287 2609 1543 2699 revelationes
1575 2642 1660 2703 nou
1775 2664 1777 2668 ·

215 2725 295 2812 esse
321 2719 394 2839 pt'o
421 2728 627 2817 omnibusr
667 2728 880 2840 quomodo
908 2753 1005 2840 ergo
1042 2727 1215 2812 Cluilius
1245 2726 1374 2810 dicere
1400 2733 1555 2838 potuit,
1594 2757 1661 2816 eas

247 2836 470 2926 ublicandas
489 2856 563 2954 pr'o
589 2844 806 2926 omnibus?
845 2845 888 2926 L.
913 2872 947 2944 5·
967 2843 1020 2928 C.
1039 2854 1105 2940 36.
1132 2839 1249 2925 dicit:
1287 2837 1511 3038 Qpicunque
1534 2838 1663 2929 livinii

215 2868 313 3041 saio
344 2952 456 3040 corde
483 2952 537 3039 ad
561 2982 616 3040 me
641 2962 798 3041 veniens
826 2981 954 3039 amore
982 2958 1124 3040 amoris
1150 2957 1221 3038 mei
1248 2960 1291 3039 in
1342 2981 1389 3038 or
1415 2952 1512 3041 libro
1540 2953 1659 3074 legere

214 3067 412 3165 volueris,
444 3064 532 3154 huic
558 3067 669 3154 utilia
697 3066 977 3178 demonstrabo,
1012 3063 1070 3162 Θ*
1097 3065 1261 3177 effessum
1289 3072 1422 3152 anima
1448 3066 1659 3180 sciscitarem

166 3220 180 3235 ν
213 3181 597 3382 qqspprassudssherti
624 3178 841 3376 illectione
870 3179 997 3314 nullus
1025 3184 1222 3378 excipitpr.
1277 3180 1524 3379 Μέηάαὲιιιιὲι
1542 3186 1658 3380 <listri-

303 3325 356 3382 cn
384 3324 476 3382 cnr
525 3323 564 3379 as
593 3324 684 3381 reve
700 3322 849 3380 atrones
874 3319 988 3378 ettam
1021 3318 1125 3377 extat
1243 3325 1279 3378 t.
1354 3318 1403 3377 ,ι
1442 3353 1453 3379 .
1523 3316 1526 3321 ·
1619 3327 1657 3400 rs

217 3413 272 3494 C.
300 3437 364 3496 ro.
406 3413 579 3497 Christus
607 3412 722 3493 dicit:
759 3405 900 3493 suffero
917 3399 1178 3519 perversores,
1210 3413 1279 3520 qui
1299 3409 1375 3492 illis
1395 3402 1545 3520 scriptis
1558 3436 1657 3495 con-

215 3523 436 3611 tradicuuts
472 3523 615 3635 quibus
640 3547 770 3607 tamen
803 3523 897 3607 ficut
923 3527 963 3603 δι
990 3526 1132 3605 caeteris
1162 3518 1395 3631 praevalebo.
1472 3526 1519 3607 Et
1550 3526 1594 3607 L
1620 3554 1659 3610 r.

216 3636 1051 3737 maestissimusmestissumus:
1108 3636 1172 3716 Ad
1198 3641 1340 3718 hocte
1366 3630 1661 3748 elegi,adhoc

217 3775 313 3835 utor
339 3775 392 3852 te,
415 3774 460 3835 ut
482 3749 529 3832 ss
549 3773 736 3862 tanquam
762 3747 965 3833 triclinium
984 3743 1245 3832 thesaurorum
1265 3774 1457 3846 uteorum,
1481 3755 1521 3832 in
1544 3754 1662 3861 quod

218 3865 425 3976 gratiarum
449 3887 620 3948 mearum
641 3865 790 3948 divitias
813 3857 1015 3973 colligam,
1033 3860 1275 3972 providens,
1310 3884 1352 3944 ut
1377 3869 1660 3974 unusquisquam

219 4003 308 4091 qua
328 3974 589 4092 quaesieritis
609 4001 650 4066 te
673 3980 871 4086 uveniat,
895 4000 1079 4090 tauquam
1106 3979 1147 4060 in
1179 3968 1337 4087 sponsa,
1366 4000 1454 4089 quae
1483 3983 1660 4168 omsnium

1554 4115 1660 4174 ecre-
