3796 4994
239 296 335 462 ψ
459 312 478 463 ’Χ
676 331 851 464 Regula
875 356 932 427 ex
952 336 1006 432 P.
1032 322 1237 468 castaldo.

16 527 18 536 ’
178 508 187 513 ’
346 495 349 503 ’
682 550 933 758 dnn
1023 577 1248 714 Viri.

172 978 174 982 ,
237 847 510 1026 Regula
537 846 621 979 R.
648 846 715 979 P.
751 849 1034 1024 Joannes
1064 842 1355 982 'Thomas
1396 840 1688 982 Castaldo

213 1038 214 1043 '
311 1019 1623 1165 desumo,otd.Praed.&1nqusfitionrsRomana

112 1192 125 1323 3
588 1144 927 1294 Quasificator
961 1200 1021 1274 ac
1052 1167 1345 1276 Consultor.

13 1355 15 1359 γ
241 1413 320 1498 Hic
345 1406 503 1494 Author
523 1406 648 1491 edidit
669 1333 803 1493 siomae
831 1421 955 1512 1650.
984 1431 1061 1492 tres
1080 1411 1233 1492 Tomos
1259 1408 1300 1492 in
1323 1399 1407 1495 Foi
1435 1403 1487 1495 de
1502 1408 1698 1497 Potestate

484 1640 487 1644 ι
526 1518 741 1638 Angelica,
770 1523 849 1649 uiri
867 1524 985 1610 tradit
1012 1519 1218 1638 sequentes
1240 1517 1419 1638 Regulas.

404 1781 548 1913 Egula
591 1809 631 1879 ι.
703 1771 832 1878 Non
868 1773 936 1879 est
981 1795 1182 1880 certum
1225 1775 1461 1924 sgnum,
1502 1771 1699 1883 nullam

87 1973 89 1979 ·
240 1775 402 2147 R
436 1924 741 2065 intervenire
772 1927 1132 2056 operationem
1165 1916 1446 2038 doemonis,
1481 1917 1695 2057 quando

437 2071 711 2169 invocatur
767 2090 967 2166 nomen
1018 2057 1306 2181 Divinum,
1351 2060 1432 2165 vel
1487 2058 1697 2191 JESU.

239 2210 290 2300 Τ.
314 2233 351 2291 r.
369 2204 468 2288 Dist.
492 2233 526 2288 t.
550 2208 603 2317 Q.
633 2231 669 2286 r.
692 2199 780 2307 Art.
808 2230 842 2305 5.
867 2201 977 2287 Dub.
1006 2228 1044 2287 r.
1075 2203 1143 2286 ubi
1166 2201 1217 2288 fic
1239 2203 1291 2288 de
1317 2198 1564 2288 Discretione
1587 2206 1700 2288 mita·

196 2402 200 2409 .
245 2317 424 2407 culorum
446 2315 593 2404 scribit:
621 2318 745 2401 Etiam
775 2320 877 2428 magi
905 2343 1052 2401 nomen
1083 2320 1175 2402 DEI
1204 2322 1244 2400 &
1276 2320 1399 2424 JESU
1420 2316 1636 2404 immiscent
1659 2321 1700 2402 in

153 2528 156 2534 ,
243 2432 318 2522 suis
328 2430 668 2548 superstitionibus,
684 2455 726 2515 ut
739 2426 888 2517 facilius
903 2431 1121 2517 credantur.
1136 2436 1279 2518 Narrat
1290 2437 1478 2518 Batonius
1492 2433 1543 2518 ad
1555 2460 1700 2518 annum

206 2616 214 2633 ..
251 2566 320 2654 56,
344 2547 571 2656 Judaeorum
603 2549 816 2632 Exotcistas
846 2553 886 2631 δι
916 2551 1058 2660 Magos
1088 2543 1176 2637 usos
1208 2544 1319 2633 fuisse
1337 2544 1517 2634 adversus
1541 2549 1702 2634 doemo-

245 2693 317 2752 nes
343 2667 505 2751 nomine
523 2665 646 2768 JESU
671 2663 782 2747 instar
805 2659 1112 2775 Apostolorum„
1159 2665 1209 2748 Et
1227 2665 1278 2749 ad
1299 2691 1444 2748 annum
1468 2677 1535 2749 60.
1560 2688 1701 2762 πιπτει,

148 2810 152 2815 ’
210 2778 214 2797 “
246 2784 459 2868 Lucianum
488 2781 719 2891 Epicureum
748 2773 932 2862 annulum
962 2777 1147 2888 accepisse
1172 2804 1221 2862 ex
1250 2779 1421 2892 quadam
1446 2779 1579 2866 Cruce
1608 2806 1703 2864 con·

247 2919 416 2991 textum,
438 2920 523 3007 quo
545 2916 627 2977 erat
641 2891 794 2976 securus
812 2887 991 2978 adversus
1011 2919 1152 3005 pravos
1177 2892 1386 2979 doemones
1412 2898 1490 2979 duc.
1732 2910 1740 2921 ·

356 3052 525 3184 Regula
560 3083 603 3150 2.
656 3040 908 3152 Miracula
959 3038 1288 3154 doemoniaca
1331 3045 1361 3151 ὲ
1402 3044 1582 3153 divinis
1636 3047 1704 3153 di·

249 3192 400 3296 scerni
436 3185 659 3328 possunt,
705 3238 741 3296 ι.
769 3237 817 3295 ex
842 3210 1006 3317 efficacia
1029 3213 1207 3311 virtutis,
1235 3216 1328 3327 quia
1354 3208 1459 3326 figna
1487 3210 1703 3328 aliquando

249 3331 351 3418 siunt
380 3319 565 3427 circaea,
598 3325 650 3413 ad
679 3352 768 3441 quae
794 3333 914 3410 virtus
941 3328 1121 3411 naturalis
1161 3323 1308 3412 senon
1339 3328 1536 3429 extendit,
1579 3355 1624 3415 ut
1653 3331 1706 3416 ess

252 3441 426 3532 suscitare
446 3467 638 3530 mortuos.
699 3473 737 3527 2.
765 3443 822 3527 Ex
848 3436 1017 3530 ntiutare
1039 3441 1258 3557 signorums
1286 3446 1378 3554 quia
1401 3442 1504 3555 figna
1532 3472 1603 3558 per
1628 3446 1706 3530 bo·

253 3589 330 3647 nos
356 3559 457 3646 sada
476 3559 561 3646 sunt
587 3559 639 3642 de
665 3558 782 3642 rebus
811 3552 984 3669 utiliboa,
1011 3582 1055 3642 ut
1081 3563 1121 3642 in
1147 3561 1344 3642 curatione
1370 3556 1633 3644 infirmitatum
1665 3565 1705 3644 dc

255 3675 503 3784 hujusmodi:
542 3671 648 3788 signa
673 3695 804 3758 autem
831 3698 901 3783 per
928 3665 1054 3756 masos
1091 3670 1193 3756 facia
1232 3668 1318 3756 sunt
1346 3676 1387 3757 in
1417 3673 1531 3757 rebus
1558 3678 1707 3761 nocivis

254 3787 321 3877 vel
342 3794 461 3890 vanis,
489 3788 584 3874 srcut
605 3789 720 3905 quod
744 3781 879 3872 volant
902 3795 943 3873 in
967 3794 1078 3889 aete,
1100 3782 1164 3871 vel
1190 3787 1362 3871 reddunt
1383 3787 1559 3884 membra
1578 3790 1707 3874 homi·

255 3934 352 3993 num
374 3904 538 4018 stupida.
599 3935 635 4010 3.
672 3909 728 3989 Ex
748 3902 845 4007 fine,
870 3907 963 4017 quia
985 3901 1089 4014 signa
1110 3901 1309 3985 bonorum
1336 3904 1564 3988 ordinantur
1586 3904 1638 3990 ad
1659 3933 1707 3990 κ·

217 4053 219 4056 ⁴
257 4020 525 4105 dificationem
549 4021 643 4104 fidei
669 4023 708 4101 δι
732 4018 928 4101 bonorum
948 4044 1115 4100 morum.
1170 4016 1250 4100 Sed
1276 4015 1381 4132 figna
1406 4014 1602 4105 malorum
1624 4015 1710 4106 sunt

255 4140 299 4224 in
324 4131 567 4223 manifestum
591 4156 871 4223 nocumentum
898 4130 994 4221 fidei
1021 4135 1061 4215 δι
1090 4133 1313 4218 honestatis.

1523 4218 1525 4222 Α
1567 4264 1724 4394 Regu«
