3796 4994
66 406 69 413 ·
162 382 262 483 ⁴40
581 366 687 491 neg.
709 361 817 458 Gen,
836 387 896 456 ex
919 365 973 458 P.
1000 298 1220 458 Gravior.

309 552 363 639 ad
385 573 421 651 8.
442 549 724 755 Respondetut,
745 588 791 648 ea
813 559 970 648 oracula
992 589 1072 646 non
1089 552 1306 674 pertinuisse
1327 553 1378 641 ad
1401 550 1638 639 decidendas

530 671 607 770 dei,
636 671 705 759 sed
739 677 790 760 ad
820 676 1146 788 gubernationem
1173 670 1375 803 mliticani
1405 661 1641 780 Reipublica

93 664 106 689 ⁸
195 669 479 756 'controversas

194 781 408 867 Hebraicae.

232 966 235 970 -
304 905 475 1032 Regula
513 925 558 1010 8.
602 898 729 1005 Non
757 903 827 1004 est
861 904 1058 1041 fignum
1097 887 1297 1006 vifionis
1327 892 1640 1010 illusoriae,si

199 1044 255 1141 in
290 1071 350 1142 ea
390 1042 487 1144 viu
536 1037 687 1145 fuerit
735 1039 903 1147 divina
944 1039 1143 1147 essentia
1194 1042 1514 1146 transeunter.
1588 1063 1641 1144 ui

169 1173 432 1290 intelligatur
447 1181 528 1263 haec
548 1175 695 1291 tegula,
715 1181 951 1268 notandumt
979 1189 1020 1264 in
1041 1180 1188 1266 visione
1203 1170 1465 1269 intellestuali,
1494 1178 1534 1256 in
1562 1198 1642 1285 qua

1 1309 5 1318 ’
160 1296 163 1300 ’
198 1289 382 1374 videntur
406 1292 561 1395 objesia
585 1293 664 1376 sine
689 1289 828 1378 formis
849 1323 976 1380 return
1001 1291 1250 1388 sensibilium,
1279 1284 1548 1402 polse'setvire
1575 1290 1643 1369 tti-

80 1406 83 1411 ’
197 1397 309 1516 plicis
331 1410 485 1516 generis
496 1401 661 1602 ¹species.
715 1407 844 1492 Primii
865 1402 1018 1519 possunt
1041 1405 1179 1491 servite
1198 1401 1339 1516 species
1367 1395 1642 1486 intellectuales

200 1517 227 1603 i
244 1518 362 1601 rebus
381 1512 510 1600 sensib'
529 1520 614 1603 ibus
631 1545 810 1633 acctptae‚
837 1522 904 1605 sed
922 1520 1053 1604 sarneii
1079 1548 1149 1630 per
1170 1519 1459 1603 abstractionem
1484 1515 1645 1597 dicum·

201 1631 421 1715 stantiatuni
445 1635 721 1729 materialium,
752 1644 845 1745 puta'
867 1633 1010 1746 figurae,
1038 1637 1275 1746 quantitatis,
1298 1632 1337 1713 &
1357 1626 1500 1714 coloris
1522 1626 1646 1737 depu-

202 1768 306 1829 aatae.
331 1771 369 1826 v.
388 1769 427 1855 g.
447 1748 584 1857 justitia
611 1745 782 1832 hominis
806 1749 890 1854 justi
916 1775 998 1831 non
1028 1743 1307 1830 considerando
1337 1736 1643 1855 ipsam-figurant

89 1868 94 1875 '
201 1855 385 1942 hominis.
438 1856 626 1943 Secundo
656 1856 811 1971 possunt
834 1856 972 1945 servire
996 1855 1020 1943 s
1039 1863 1140 1944 ecies
1164 1853 1441 1942 intellectuales
1470 1878 1551 1935 non
1580 1880 1645 1937 ao-

188 1996 328 2081 .ceptae
352 1969 511 2057 irebus
539 1969 797 2072 sensibilibus,
822 1972 888 2058 sed
909 1888 1049 2070 infusll.
1073 1998 1113 2056 v.
1134 1998 1171 2084 g.
1196 1967 1339 2082 species
1366 1973 1477 2076 hujus
1509 1971 1646 2051 verita·

206 2089 277 2193 tis:
319 2083 460 2172 Virtus
488 2082 537 2194 est
564 2082 736 2171 amanda,
794 2088 930 2172 Tertio
958 2089 1088 2195 potest
1121 2112 1191 2194 per
1219 2083 1383 2167 modum
1418 2079 1556 2194 speciei
1585 2085 1658 2164 in··

173 2192 418 2309 'telligibilis
457 2192 596 2282 senne
627 2196 707 2308 ipsa
739 2195 894 2282 essentia
923 2198 1067 2304 objeeii
1092 2195 1180 2290 visit
1223 2225 1263 2282 v.
1286 2224 1325 2309 g.
1349 2193 1514 2308 quando
1543 2201 1652 2303 juxta

208 2302 434 2395 sententiam
459 2310 513 2395 D.
532 2311 695 2397 'sltomae
714 2314 823 2399 Beati
845 2311 979 2396 vident
1002 2312 1134 2397 Deum
1152 2310 1232 2396 fine
1256 2308 1382 2423 specie
1402 2322 1539 2393 creata.

326 2444 419 2525 Hoc
445 2460 664 2553 prenotato
689 2441 813 2542 dico,
844 2466 926 2527 uon
949 2436 1024 2525 esse
1048 2438 1196 2552 signum
1230 2440 1485 2553 deceptionis,
1509 2438 1537 2523 si
1561 2440 1652 2550 quis

208 2551 329 2654 kiicat,
357 2548 397 2637 se
422 2550 555 2639 vidisse
580 2536 752 2666 divinam
779 2531 978 2643 essentiam
1000 2556 1188 2640 intuitivi.
1243 2553 1359 2671 Ratio
1383 2555 1459 2649 est,
1484 2555 1578 2665 quia
1612 2558 1653 2637 in

184 2706 187 2711 ·
210 2671 388 2753 omniurn
414 2665 712 2779 Theologotum
729 2665 913 2754 sententia
941 2671 1005 2753 hic
1026 2669 1174 2753 modus
1196 2667 1351 2753 visionis
1377 2669 1430 2750 est
1453 2662 1652 2777 possibilis.

212 2779 494 2865 Controversia
512 2777 810 2892 Theologotum
832 2777 955 2867 solitu
976 2786 1016 2865 in
1038 2809 1089 2865 eo
1113 2784 1167 2865 est
1194 2808 1245 2864 an
1270 2777 1391 2892 aliqui
1408 2780 1575 2863 viderint
1598 2774 1656 2862 es-

74 2920 80 2929 ·
212 2890 373 2991 sentiam
396 2892 583 3001 divinam,
609 2899 648 2976 &
669 2919 717 2977 an
739 2895 869 2980 divina
889 2891 1044 2978 essentia
1061 2893 1174 3007 poffit
1198 2894 1378 2978 viderim
1400 2895 1473 2995 hac
1495 2895 1574 2975 vita
1594 2888 1655 2974 so·

212 3004 296 3093 lum
323 3006 579 3100 transeunter,
608 3034 657 3089 an
682 3007 778 3090 vero
807 3012 1111 3119 permanenter?
1166 3011 1249 3117 Qui
1277 3007 1509 3102 admittunt,
1542 3003 1659 3089 visio·

215 3148 306 3207 nem
329 3118 468 3205 divitia
495 3115 657 3203 essentiae
674 3122 889 3203 intuitivam
910 3121 994 3204 fieti
1016 3147 1085 3232 pet
1105 3114 1269 3229 speciem
1285 3143 1465 3214 creatam,
1496 3142 1540 3202 ut
1558 3120 1657 3201 Sua·

215 3260 281 3318 tez
313 3237 351 3314 δι
379 3228 456 3332 alii,
484 3234 729 3343 concedunt,
757 3258 843 3316 eam
867 3232 1053 3330 visionem
1077 3230 1338 3344 posseihabeti
1362 3254 1656 3344 permanentem

216 3350 311 3460 quia
335 3342 479 3459 species
513 3344 651 3429 divinat
676 3341 837 3428 essentiae
871 3349 999 3458 potest
1028 3372 1309 3457 permanenter,
1322 3351 1417 3437 uniti
1447 3340 1659 3449 intelleriui

214 3458 384 3543 viatoris.
410 3500 414 3508 ·
442 3461 609 3542 Econtia
632 3459 859 3559 Themista,
891 3463 961 3572 qui
992 3457 1224 3558 defendunt,
1262 3455 1454 3543 essentiam
1488 3457 1660 3542 divinant

217 3598 302 3655 non
323 3564 434 3682 posse
456 3567 578 3682 videti
609 3571 805 3656 mediante
824 3568 949 3684 specie
976 3595 1116 3669 creata,
1135 3566 1258 3657 soltlin
1283 3573 1489 3666 admittunt
1514 3574 1553 3653 in
1578 3577 1658 3653 via·

101 3691 106 3699 “
215 3707 305 3770 tore
325 3682 507 3768 visionem
541 3687 756 3768 intuitivam
793 3685 929 3770 divinae
959 3679 1121 3770 essentiae
1149 3709 1431 3785 transeuntem,
1462 3682 1659 3795 eoquod

216 3800 300 3882 haec
328 3795 423 3880 visio
451 3793 539 3880 fieri
568 3824 651 3878 non
679 3793 792 3906 poffit
824 3796 905 3881 stne
944 3802 1091 3882 uitione
1118 3795 1280 3883 essentiae
1316 3798 1454 3882 divinat
1484 3823 1570 3878 cuni
1600 3801 1659 3879 in-

215 3907 374 3995 relicuo
398 3910 591 4011 humano,
617 3913 655 3990 ἃ
682 3907 760 3991 stite
781 3905 892 3992 totali
910 3911 1163 3997 absitaiiione
1190 3906 1406 3995 intelleCisss
1434 3910 1458 3994 i
1478 3905 1659 4004 sensibus,

8 4018 28 4031 “
133 4050 143 4065 ··
172 4121 176 4137 ‚
217 4020 309 4136 quat
339 4025 433 4106 unio
465 4026 504 4102 δι
538 4019 743 4104 abstractio
769 4025 809 4103 iti
835 4024 995 4108 homine
1030 4029 1182 4107 viatore
1208 4051 1289 4108 non
1315 4025 1443 4134 potest
1470 4019 1545 4107 esse
1574 4049 1663 4131 per-

220 4138 350 4256 petsta.
413 4132 465 4220 Ρ.
489 4131 673 4219 Gravina
694 4135 740 4219 L.
761 4161 798 4222 2.
822 4134 873 4220 C.
896 4166 933 4236 9·
964 4135 1015 4223 sic
1046 4137 1179 4224 habet.
1242 4139 1440 4222 Sententia
1467 4135 1530 4227 D.
1557 4129 1665 4219 llio·

1116 4284 1118 4289 ·
1596 4272 1666 4332 aaa
