3796 4994
223 331 321 433 318
595 312 1078 451 RevelandeAgreda.
1099 321 1211 413 Pars
1229 318 1283 412 ll.

215 508 451 600 contumelia
468 515 747 623 rejiciebantur.
803 521 842 606 S.
862 514 1005 634 Joseph
1026 516 1199 632 pulsabat
1217 517 1407 602 dedomo
1426 522 1466 601 in
1488 514 1667 618 domuu't,

219 628 287 713 scd
307 628 432 713 ubivis
451 630 564 713 datur
587 627 748 743 repulsa.
805 637 869 717 Sic
898 638 1112 746 querendo
1135 629 1385 719 diversorium
1411 656 1669 743 pervenerunt

220 748 337 826 etiarn
362 739 414 825 ad
429 744 588 827 Curiam
610 744 730 842 urbis,
752 745 820 828 ubi
843 749 963 857 statim
987 750 1181 831 dederunt
1197 773 1341 829 nomen
1364 742 1472 829 suum
1503 771 1583 856 pro
1612 748 1669 829 iu·

219 853 287 940 scri
318 860 441 951 tione,
466 860 504 939 dr
531 851 729 942 solverunt
750 854 926 952 censuma
953 861 1046 944 dein
1073 861 1289 973 pergebant
1308 863 1349 943 in
1369 858 1586 972 querendo
1616 859 1670 942 di

219 996 246 1055 v
303 973 413 1053 orior
440 993 623 1071 attamen,
645 966 737 1056 licet
754 977 828 1078 jam
842 976 882 1056 in
899 977 1181 1088 quinquaginta
1201 973 1384 1058 domibus
1402 974 1446 1056 id
1470 974 1668 1084 petierint,

218 1084 346 1169 ubivis
367 1077 504 1192 repulsi
524 1082 609 1168 sunt
634 1112 721 1170 cum
742 1087 924 1173 irrisione.

341 1209 441 1298 464.
467 1201 553 1301 Jam
577 1224 658 1284 erat
676 1202 774 1285 hora
794 1227 912 1284 nona.
966 1206 1077 1288 Tunc
1098 1201 1134 1286 S.
1152 1195 1344 1312 Josephus
1367 1196 1484 1282 ‹lixitr
1525 1200 1670 1284 Eamus

217 1303 384 1394 inillam
407 1316 560 1422 specum
577 1335 681 1397 extra
704 1315 843 1398 urbem
872 1363 917 1382 ·-
1212 1404 1217 1411 ,

217 1504 222 1511 .
332 1434 432 1527 4⁶7·
458 1428 501 1510 B.
523 1431 573 1512 V.
593 1427 728 1511 adme
752 1428 868 1512 dixit:
903 1432 1004 1514 Finis
1018 1419 1236 1625 principalis
1252 1430 1292 1511 in
1315 1420 1578 1535 descriptione
1596 1421 1669 1508 hu·

143 1544 148 1559 “
214 1541 276 1644 lus
295 1561 392 1627 tneae
414 1541 501 1625 vitat
519 1541 617 1638 esto,
641 1564 684 1626 ut
702 1546 743 1625 in
764 1569 830 1626 me
850 1544 993 1628 habeas
1016 1543 1118 1626 form
1161 1569 1222 1624 um
1243 1545 1430 1626 tuaevitae.

222 1728 225 1735 .
334 1677 433 1752 470.
489 1656 627 1768 ltaque
659 1654 808 1768 ingressu
843 1653 928 1742 sunt
961 1659 1001 1741 in
1035 1653 1212 1769 specum,
1256 1681 1344 1768 quae
1379 1654 1403 1736 i
1432 1646 1519 1736 solo
1557 1674 1671 1736 natu·

217 1789 260 1851 ta
287 1762 368 1850 fine
393 1790 475 1851 arte
505 1767 675 1854 humana
709 1769 759 1855 fic
783 1769 951 1858 formata
978 1796 1058 1856 erat
1086 1797 1161 1881 pro
1221 1767 1413 1852 eruribus.
1499 1766 1561 1849 lbi
1597 1790 1668 1877 pet

215 1871 364 2077 lumep,
391 1880 506 1991 quod
539 1883 677 1968 decem
706 1881 933 1998 angelorum
966 1881 1085 1970 millia
1115 1796 1227 1968 dele
1258 1877 1499 1995 spargebant,
1532 1884 1667 1965 omnia

213 2017 321 2080 urtue
351 2018 476 2081 antur.

223 2180 229 2187 .
331 2134 433 2208 47⁸·
459 2106 590 2191 Primo
611 2108 653 2193 S.
676 2105 820 2222 Joseplr
850 2114 989 2196 everrit
1009 2106 1186 2222 specumt
1211 2110 1301 2193 dein
1321 2105 1497 2192 accendit
1514 2102 1665 2199 lumem

216 2246 315 2322 473·
343 2224 456 2303 Tunc
477 2245 586 2331 parat
610 2219 811 2336 stragulam
843 2253 917 2335 pro
940 2231 982 2309 B.
1002 2230 1051 2311 V.
1077 2250 1120 2309 ut
1142 2226 1336 2322 dormiat3
1375 2217 1453 2334 ipse
1474 2222 1573 2306 vero
1594 2247 1665 2333 pa·

215 2356 275 2417 rat
291 2331 330 2416 se
359 2332 410 2416 ad
427 2329 605 2419 somnum
632 2340 675 2423 in
702 2337 876 2454 angulos.
911 2340 981 2424 ubi
1003 2363 1133 2453 raptus
1157 2343 1198 2422 in
1221 2335 1369 2423 finam
1397 2333 1507 2421 videt
1530 2338 1665 2421 omnia

217 2467 403 2533 eventura
422 2473 469 2534 ea
493 2455 623 2539 node.

212 2671 256 2761 D
331 2589 431 2668 474·
484 2559 666 2654 Similiter
704 2572 750 2656 Β.
785 2568 909 2684 Virgo
946 2589 1055 2682 rapta
1090 2569 1133 2652 in
1171 2563 1320 2654 Edastn
1347 2562 1456 2650 videt
1483 2558 1664 2650 intuiqu

257 2701 363 2762 eum.

227 2862 234 2873 .
327 2802 431 2892 476.
456 2787 521 2874 Sic
536 2793 636 2903 parit
657 2796 861 2906 genuflexa
887 2799 926 2878 dr
953 2790 1104 2908 fulgens
1122 2795 1237 2879 instar
1261 2787 1372 2889 solis,
1393 2791 1524 2877 medie
1544 2797 1661 2878 node

215 2901 259 2984 in
285 2898 351 2984 die
381 2904 613 3006 Dominica,
633 2908 720 3016 poll
748 2906 1002 2994 Creationem
1028 2906 1164 2993 mundi
1187 2936 1293 2994 anno
1324 2905 1562 3008 5999,·ficut
1587 2909 1664 2991 do·

215 3036 280 3101 cet
306 3041 392 3217 nili
408 3010 609 3110 Ecclefiat
650 3023 694 3105 Βι
728 3022 835 3106 hunc
861 3017 1050 3109 caleulum
1080 3019 1157 3108 esse
1187 3050 1350 3120 verum,
1379 3023 1476 3106 milri
1511 3017 1662 3108 revela·

328 3273 429 3350 477·
481 3245 708 3362 Superiores
741 3250 820 3335 mei
844 3253 1092 3353 injunxerunt
1121 3248 1216 3332 mihi
1250 3245 1319 3336 sub
1352 3248 1596 3350 obedientia,
1617 3270 1662 3334 ut

216 3356 263 3439 Β.
286 3361 487 3472 Virginem
506 3367 546 3446 dr
570 3362 732 3476 angelos
753 3367 1028 3479 interrogarem
1056 3365 1109 3449 de
1135 3367 1418 3450 circumstantiis
1438 3365 1555 3472 hujus
1574 3367 1660 3450 Na·

213 3469 394 3560 civitatisr
425 3478 488 3557 cui
510 3477 697 3562 mandato
719 3477 970 3594 superiorum
993 3480 1087 3566 dum
1112 3477 1438 3594 obtemperarem,
1461 3479 1547 3564 haec
1562 3479 1659 3564 mihi

213 3575 382 3668 revelata
404 3580 500 3673 sunt.
523 3593 598 3672 &ca

326 3719 428 3804 478·
454 3703 614 3815 Corpus
634 3703 777 3791 Christi
796 3733 881 3792 uon
896 3705 1024 3793 divisit
1043 3730 1184 3818 corpus
1207 3711 1248 3790 Β.
1266 3709 1316 3791 V.
1333 3702 1400 3791 sed
1428 3702 1586 3808 uendit,
1615 3727 1660 3792 ut

210 3804 342 3896 radius
359 3811 448 3898 solis
468 3842 541 3929 per
565 3813 801 3931 crystallumr
842 3826 884 3905 dc
907 3825 1001 3906 exiit
1018 3846 1158 3934 purum
1178 3817 1257 3904 sine
1277 3814 1477 3918 sordibus,
1508 3845 1554 3904 ac
1576 3817 1658 3905 line

209 3916 437 4012 semodinit.
563 3935 625 4017 uia
650 3929 859 4019 defuerunt
890 3938 931 4021 in
960 3936 1033 4020 hac
1055 3936 1272 4018 Nativitare
1299 3960 1383 4042 non
1408 3932 1562 4033 tantum
1591 3960 1652 4032 ea.

208 4061 298 4150 quae
324 4039 411 4145 suut
441 3936 600 4160 seqrffia
626 4053 776 4162 peccati
799 4043 1013 4163 originalia
1044 4043 1110 4133 sed
1141 4051 1256 4133 etiam
1285 4074 1340 4131 eae
1362 4043 1555 4133 naturales
1582 4051 1656 4181 im·
