3772 4988
217 290 315 388 140
600 248 904 353 Revelati'oner
937 257 982 351 S.
1020 248 1261 351 Gerrrttdr‘r.

214 466 253 545 ἃ
277 457 385 571 leger
405 455 613 541 modestia.
693 460 750 540 Ex
782 484 867 570 qno
901 453 1095 569 sequitur,
1123 453 1260 540 ssmiles
1288 452 1548 566 apparitiones
1570 480 1650 540 non

214 570 289 659 elle
312 566 445 670 reales,
469 568 534 653 sed
555 575 813 682 imaginarias,
838 597 882 653 ae
909 572 961 654 ad
982 566 1166 652 summum
1192 574 1370 653 excitatas
1395 568 1420 653 i
1443 571 1539 653 Deo
1559 573 1652 655 iodi-

215 687 319 774 rent·
336 692 375 768 &
397 688 727 780 concomitanter‚
750 689 790 767 in
818 708 1005 796 quantum
1031 683 1232 766 movendo
1261 688 1425 766 animam
1454 683 1507 766 ad
1526 685 1653 767 bonos

193 798 373 886 ‚affectus
395 825 483 880 cum
504 800 548 886 iis
574 800 880 880 concomitanter
905 795 961 909 ⁰b.
991 800 1278 879 connexionem
1302 793 1513 906 specierum
1537 791 1653 881 libere

219 919 454 998 contractam
478 904 585 993 limul
608 914 821 993 excitantur
846 910 919 992 illae
943 910 1151 1019 phantasia.
1222 909 1303 991 Sed
1324 907 1651 1019 respondendum,

221 1054 303 1110 non
329 1020 452 1107 soltim
478 1021 618 1105 decere
651 1024 803 1121 Deum,
831 1047 874 1104 ut
895 1023 1086 1128 ejusmodi
1107 1024 1247 1105 amoris
1272 1019 1458 1107 formulas
1474 1030 1521 1107 in·
1539 1026 1653 1135 plaan-

167 1156 177 1171 ·
222 1140 313 1224 tafia
332 1139 538 1219 amantium
559 1129 711 1231 toleret,
731 1132 796 1217 sed
819 1141 947 1229 etiam,
970 1161 1011 1217 ut
1029 1161 1092 1218 eas
1115 1133 1274 1243 positive
1295 1140 1437 1219 excitet
1456 1140 1497 1218 in
1522 1142 1655 1220 menti·

224 1255 298 1336 b'us
321 1248 541 1344 castiffimisa
584 1252 675 1358 quia
702 1253 741 1330 Be
763 1243 897 1330 srm'iles
927 1242 1102 1331 formulae
1121 1256 1393 1357 proponuntur
1416 1250 1653 1345 incurritis,

204 1372 264 1449 ⁰&
288 1391 368 1446 non
392 1355 555 1443 multum
575 1356 760 1444 diffrmilia
781 1359 947 1470 pemtisrt
966 1368 1006 1444 in
1027 1364 1065 1444 S.
1085 1356 1330 1471 Magdalena‚
1344 1361 1440 1445 dnm
1460 1388 1544 1447 erat
1565 1388 1655 1475 qna·

225 1479 253 1565 st
285 1481 323 1559 in
350 1472 468 1559 Ec'tasr
495 1473 556 1556 leu
586 1497 696 1583 raptu
742 1478 895 1557 amoris.
981 1478 1107 1556 Immo
1143 1479 1273 1583 potius
1304 1476 1486 1574 videtur,
1522 1478 1657 1560 decere

224 1596 370 1679 Deum,
395 1612 437 1669 ut
457 1614 519 1668 eas
538 1583 722 1668 formulas
745 1583 881 1687 causet,
907 1584 1024 1699 quim
1044 1583 1209 1673 toleretr
1245 1587 1338 1670 dum
1363 1593 1466 1672 enim
1485 1616 1550 1673 ets
1572 1616 1655 1672 cau·

226 1702 305 1799 sat,
335 1696 443 1785 simul
463 1696 556 1809 ligat
581 1726 718 1783 omnes
741 1706 935 1809 potentias
964 1704 1115 1795 anima,
1148 1704 1396 1797 memoriam,
1429 1701 1655 1814 phantafiam

226 1823 267 1902 &
290 1821 495 1928 appetitus,
524 1839 575 1894 ne
594 1816 901 1895 concomitanter
915 1811 1109 1925 profillant
1128 1815 1167 1894 in
1186 1816 1464 1925 cogitationem
1484 1839 1551 1899 ant
1570 1808 1655 1899 affc-

228 1937 397 2015 &ionem
418 1954 500 2008 non
517 1928 666 2008 castam.
719 1928 761 2009 Si
785 1930 880 2009 veri)
895 1926 973 2009 sane
991 1927 1125 2009 divino
1146 1921 1295 2037 speciali
1312 1930 1488 2011 instinciu
1507 1955 1556 2011 ex
1577 1924 1655 2011 lolo

226 2068 339 2128 motu
391 2044 524 2147 roprio
551 2033 847 2136 alsumetentur‚
878 2041 918 2121 id
945 2036 1050 2121 foret
1078 2043 1298 2123 temeritatis
1326 2067 1371 2124 ac
1398 2038 1656 2152 praesumptio·

230 2162 304 2253 nis,
332 2067 460 2234 saltem
485 2146 716 2260 regulariter,
736 2159 828 2263 qnia
850 2157 973 2234 anima
991 2157 1105 2234 etiam
1124 2154 1224 2235 calla
1240 2181 1320 2238 non
1342 2158 1469 2263 potest
1492 2152 1567 2239 elle
1584 2182 1655 2238 cer·

229 2276 270 2353 ia
294 2267 346 2348 de
369 2259 554 2375 ligatione
572 2260 803 2374 reliquarum
823 2265 970 2348 suarum
989 2271 1248 2376 potentiarum
1268 2274 1309 2348 in
1335 2268 1528 2373 ejusmodi
1548 2293 1658 2352 occa·

230 2379 413 2466 lionibus.
497 2374 691 2460 Caeterirm
723 2380 895 2460 Christus
917 2407 999 2461 non
1025 2378 1090 2461 dat
1110 2374 1350 2476 scandalum,
1378 2377 1556 2464 srlimilia
1582 2373 1657 2463 vult

231 2490 474 2585 manifestari,
495 2493 586 2599 qnia
608 2516 689 2572 non
716 2490 1031 2611 mpnilestantnr,
1059 2489 1125 2574 nist
1148 2490 1299 2588 doliis,
1318 2519 1399 2576 non
1425 2489 1579 2605 populo
1597 2489 1656 2574 nili

232 2602 378 2690 divisam
398 2629 485 2684 cum
504 2598 706 2687 involucro
725 2600 1037 2715 explicationum.
1108 2606 1247 2688 noetis
1269 2630 1397 2688 autem
1423 2632 1537 2689 amor
1554 2608 1657 2689 Cini-

233 2720 276 2803 sti
302 2744 384 2799 non
419 2715 572 2798 videtur
606 2717 878 2818 inordinatus,
916 2713 981 2800 sed
1009 2716 1187 2828 sapiens,
1227 2716 1320 2801 dum
1357 2723 1476 2802 utitur
1519 2742 1656 2811 natura,

233 2852 422 2945 quantum
447 2830 572 2940 potcss
594 2832 662 2927 uti,
682 2829 732 2911 ad
751 2826 1176 2942 linessupernaturales.

372 3008 474 3114 Lll.
545 3008 604 3112 In
638 3007 1051 3117 Revelationibus
1084 3011 1133 3119 S.
1183 3010 1441 3151 Gertrudjs
1484 3010 1657 3119 danmr

233 3184 417 3258 omnes
451 3156 786 3286 proprietates
829 3162 1136 3290 operationis
1181 3164 1512 3291 imaginariae,
1547 3183 1655 3293 ergo

168 3332 175 3340 ⁴
233 3290 642 3431 praesumendum
678 3294 777 3410 est,
813 3328 894 3399 eas
933 3295 1024 3398 effe
1056 3304 1396 3433 imaginarias,
1432 3304 1658 3433 quinve

233 3467 327 3537 raex
364 3435 692 3537 revelationes
765 3462 1041 3571 perpetuos
1105 3432 1296 3541 habent
1360 3434 1656 3541 charailcrcs

235 3581 474 3709 proprios
501 3568 682 3707 quibus
718 3575 1004 3713 semetipsos
1040 3574 1315 3681 discernunt
1351 3574 1382 3680 a
1416 3575 1545 3685 falfis
1578 3597 1659 3682 aut

234 3718 553 3851 imaginariis.⁴
651 3739 753 3819 Hinc
781 3764 916 3821 omnes
956 3741 1245 3848 apparitiones,
1282 3763 1369 3848 qnae
1406 3764 1491 3823 non
1524 3742 1658 3825 habent

235 3852 398 3966 positiva
415 3848 518 3961 signa
534 3848 761 3945 divinarum,
780 3876 852 3932 nec
875 3847 912 3935 se
936 3847 1152 3935 discernunt
1172 3850 1333 3961 positive
1350 3852 1404 3933 ab
1426 3858 1658 3967 imaginariis,

191 3983 193 3986 ⁴
235 3993 310 4083 pro
328 3967 555 4139 imaginariis
572 3964 706 4051 haberi
737 3963 894 4047 debent.
959 3968 1047 4067 Jam
1070 3967 1165 4065 veto
1194 3961 1288 4048 tales
1310 3960 1387 4049 else
1413 3969 1661 4168 treta-elsatitppteetsb
