3690 4988
173 333 251 463 62,
560 331 866 430 Revelrtiones
900 336 945 429 S.
984 329 1226 429 ceremur.

202 590 206 595 -
291 535 386 619 Dixi
417 534 571 645 quarto.
629 538 781 619 Merum
816 531 1044 649 figmentum
1068 531 1167 631 esse,
1195 533 1310 648 quod
1334 532 1507 643 Ovidius
1532 537 1547 620 i

175 654 280 738 tierit
302 653 341 733 in
365 646 443 760 ipsa
466 655 586 733 nocte
611 653 832 737 Nativitatir
866 652 1096 733 Dominicae.
1182 650 1348 733 Constat
1371 651 1491 746 enim,
1513 678 1547 763 q

178 765 344 850 Ovidius
369 771 535 876 primum
566 763 708 846 obierit
743 789 847 846 anno
875 763 1031 845 decimo
1065 761 1226 873 septimo
1258 765 1345 873 post
1372 765 1547 847 Nativita

179 880 333 963 Christi.
415 872 579 988 Ipsemet
594 872 721 959 scribit
741 873 779 959 se
802 870 877 959 esse
900 901 1030 958 natum
1058 872 1127 959 sub
1148 879 1275 958 Hirtio
1303 880 1344 957 dt
1373 873 1547 961 Pansa(

178 985 335 1087 sulrbus,
354 990 436 1074 boc
451 991 504 1072 est
523 1016 627 1072 anno
654 991 768 1073 Urbis
798 990 968 1073 conditae
988 1017 1087 1087 711,
1103 1012 1191 1073 ante
1208 991 1463 1072 Nativitatem
1489 992 1547 1073 D<

179 1111 306 1191 nicam
331 1108 441 1201 annis
462 1111 658 1207 4our'uxta
680 1101 892 1187 modernos
914 1116 981 1201 46.
1038 1103 1148 1187 Idem
1172 1104 1327 1185 testatur
1346 1099 1386 1186 se
1403 1107 1446 1185 in
1471 1097 1547 1187 exil

25 1221 28 1226 ’
181 1226 308 1303 tolum
334 1212 411 1300 eise
435 1243 540 1300 anno
573 1219 691 1300 etatis
717 1215 1040 1329 quinquagesimo
1061 1218 1111 1327 L
1134 1247 1176 1317 4.
1197 1217 1304 1299 Tmt
1330 1217 1443 1331 Eleq.
1472 1234 1541 1302 ro.

183 1333 346 1444 deoque
369 1328 533 1441 ptimtlm
555 1356 660 1412 anno
689 1329 845 1412 decimo
875 1332 961 1440 post
992 1312 1245 1414 N'ati'vltatem
1281 1327 1445 1414 Christi*
1524 1335 1547 1415 (

184 1449 293 1529 annis
317 1448 358 1527 in
381 1438 497 1527 exilio
520 1441 673 1531 mansttr
703 1466 746 1527 ut
761 1446 902 1553 pariter
925 1470 973 1526 ex
995 1448 1073 1548 ejus
1093 1436 1268 1554 Epistolis
1291 1437 1507 1555 colligiturr
1536 1470 1547 1527 t

184 1557 335 1642 tantiam
356 1557 451 1640 abiit
475 1560 584 1639 annis
606 1584 669 1655 ¹7·
693 1558 780 1668 post
799 1559 853 1639 N.
878 1558 931 1639 D.
1012 1557 1198 1664 Accedit,
1226 1556 1342 1666 quod
1360 1559 1534 1655 Seneca,

184 1671 734 1870 murabilis?
758 1694 868 1866 Ἕως
894 1670 1192 1866 “la“lfflr
1214 1664 1412 1867 illi
1443 1670 1547 1869 ⁰¹¹0l

229 1812 253 1867 e
313 1812 400 1868 man
442 1812 481 1866 m
673 1844 684 1867 .
732 1841 744 1866 .
796 1812 864 1867 .2.
1407 1812 1470 1867 tm
1545 1856 1547 1863 .

186 1892 393 1983 necessario
421 1896 587 1980 Ovidius
618 1895 745 1979 adhue
768 1895 835 1980 diu
858 1899 952 1980 vixit
977 1810 1131 1981 abmael
1209 1895 1277 1981 Ad
1300 1895 1383 1978 haec
1406 1923 1547 2010 argum

187 2038 272 2095 non
297 2012 430 2110 video,
492 2010 558 2091 uid
581 2007 803 2122 responderi
823 2007 955 2122 possit,
984 2008 1051 2093 nifi
1076 2008 1180 2095 forte
1210 2008 1428 2108 diceretur,
1446 2012 1547 2096 Sodt

186 2147 245 2227 tas
266 2124 428 2237 quidem
458 2037 568 2206 suiffe
594 2148 686 2206 tunc
722 2126 938 2224 extindios,
957 2118 1029 2225 ,sed
1055 2119 1244 2235 ignorasse
1276 2122 1457 2208 homines
1486 2150 1547 2208 cau

63 2340 67 2347 ,
187 2259 304 2333 tantae
323 2237 466 2347 (bagis,
494 2239 587 2347 quia
611 2231 764 2346 plurimi
798 2241 1053 2320 extindlomm
1073 2237 1350 2350 ignorabantur
1368 2233 1480 2323 fuisse
1500 2239 1547 2321 So

189 2351 363 2484 domitae,
386 2354 426 2433 δι
453 2343 529 2447 alii,
553 2351 622 2464 qui
653 2344 879 2452 sciebantur,
901 2351 1156 2438 credebantur
1177 2348 1251 2437 elle
1270 2352 1430 2439 extindi
1449 2346 1532 2438 casu

189 2487 303 2552 tutto.

315 2702 400 2809 lll.
437 2698 661 2811 Christus
696 2711 749 2810 in
783 2701 860 2810 his
895 2704 1284 2813 revelationibus
1321 2706 1462 2827 dicit,
1493 2716 1547 2809 M

179 2842 467 2986 fitetudinem
519 2842 704 2951 didam
734 2847 825 2951 elle
866 2856 893 2948 i
928 2853 1174 2968 manendo,
1216 2856 1522 2986 patientiam

191 2988 253 3094 ῐὸ
302 2987 329 3088 >1
360 3015 471 3119 pace
505 2982 559 3097 (ὃ
583 2984 788 3118 scientia·
894 3012 1022 3129 Atqui
1059 3014 1141 3097 haec
1181 3042 1264 3099 non
1303 3012 1391 3101 sunt
1427 3012 1547 3101 credin

97 3127 101 3135 ’
191 3122 469 3217 Revelationes
496 3127 764 3215 Gertrudianae
793 3129 837 3214 1.
869 3155 905 3211 t.
933 3131 985 3214 C.
1018 3149 1079 3224 ¹8·
1103 3125 1155 3212 fic
1178 3127 1336 3214 babent.
1410 3128 1547 3217 Durat

192 3241 278 3331 dam
302 3245 390 3331 vice
418 3241 479 3343 D.
513 3235 767 3328 Metlrtillem
803 3238 1010 3328 Gerrrudis
1037 3268 1083 3329 ro
1107 3244 1222 3351 offo,
1262 3251 1306 3329 ut
1328 3266 1400 3356 pro
1416 3241 1465 3357 se
1491 3268 1547 3328 οη

192 3359 379 3444 viritim
419 3352 711 3468 mansuetudinis
741 3383 787 3442 ac
820 3358 1019 3467 patientie
1041 3268 1113 3465 fisi
1139 3354 1163 3442 it
1191 3355 1367 3444 Domino
1406 3360 1547 3473 impetn

195 3464 255 3563 δ’
285 3466 347 3555 D.
370 3464 601 3556 Merbtildir
622 3491 697 3580 pro
721 3464 793 3556 bac
822 3474 949 3586 gratia
972 3469 1184 3556 Dominum
1215 3469 1377 3573 orabat,
1405 3467 1479 3559 boc
1501 3464 1547 3559 ab

195 3577 277 3665 dent
333 3587 460 3698 respon
476 3611 537 3667 um
604 3586 789 3697 accepit:
871 3577 1138 3697 mansuetudo
1215 3612 1350 3673 nonen
1421 3585 1547 3700 accepit

197 3690 406 3803 manendor
460 3692 538 3783 mili
566 3692 675 3782 modo
704 3698 891 3809 patientia
929 3723 1062 3785 nomen
1095 3700 1235 3811 accepit
1269 3695 1412 3814 lyaee
1445 3697 1505 3798 ὅ
1517 3696 1547 3816 fi

196 3810 255 3894 tia
283 3814 359 3894 &e
388 3813 497 3895 dte.¹
562 3815 711 3898 Vetum
747 3812 828 3898 htec
870 3814 1037 3903 nominis
1064 3807 1313 3925 Etymologia
1370 3808 1547 3900 ror-susal

196 3924 252 4007 est
272 3920 296 4008 i
319 3947 452 4011 mente
473 3927 737 4038 antiquorum,
757 3929 827 4037 qui
846 3924 925 4009 fine
940 3925 1064 4021 dubio
1088 3931 1127 4009 δι
1146 3924 1214 4037 ipsr
1241 3931 1321 4012 inte
1348 3938 1547 4015 exerunt't

199 4040 404 4136 vationes,
431 4032 564 4124 fontes
592 4064 640 4123 ac
669 4038 818 4124 radices
850 4042 1065 4127 nominum.
1150 4039 1188 4122 S.
1219 4038 1388 4130 Isidorus
1420 4036 1547 4160 Hispal
