<?xml version="1.0" encoding="UTF-8"?>
<!DOCTYPE html PUBLIC "-//W3C//DTD XHTML 1.0 Transitional//EN"
    "http://www.w3.org/TR/xhtml1/DTD/xhtml1-transitional.dtd">
<html xmlns="http://www.w3.org/1999/xhtml" xml:lang="en" lang="en">
 <head>
  <title>
</title>
<meta http-equiv="Content-Type" content="text/html;charset=utf-8" />
  <meta name='ocr-system' content='tesseract 3.04.00' />
  <meta name='ocr-capabilities' content='ocr_page ocr_carea ocr_par ocr_line ocrx_word'/>
</head>
<body>
  <div class='ocr_page' id='page_1' title='image "./derevelationibu00amorgoog_0237.png"; bbox 0 0 3796 4994; ppageno 0'>
   <div class='ocr_carea' id='block_1_1' title="bbox 531 253 1785 404">
    <p class='ocr_par' dir='ltr' id='par_1_1' title="bbox 531 253 1785 404">
     <span class='ocr_line' id='line_1_1' title="bbox 531 253 1785 404; baseline 0.006 -34"><span class='ocrx_word' id='word_1_1' title='bbox 531 256 639 404; x_wconf 63' lang='lat' dir='ltr'>negss</span> <span class='ocrx_word' id='word_1_2' title='bbox 655 253 804 365; x_wconf 76' lang='lat' dir='ltr'>Prasi.</span> <span class='ocrx_word' id='word_1_3' title='bbox 826 295 883 363; x_wconf 82' lang='lat' dir='ltr'>err</span> <span class='ocrx_word' id='word_1_4' title='bbox 911 270 957 367; x_wconf 66' lang='lat' dir='ltr'>S⁴</span> <span class='ocrx_word' id='word_1_5' title='bbox 975 264 1117 404; x_wconf 68' lang='lat' dir='ltr'>June</span> <span class='ocrx_word' id='word_1_6' title='bbox 1136 269 1188 367; x_wconf 82' lang='lat' dir='ltr'>de</span> <span class='ocrx_word' id='word_1_7' title='bbox 1207 278 1354 371; x_wconf 73' lang='lat' dir='ltr'>Cruor.</span> <span class='ocrx_word' id='word_1_8' title='bbox 1547 308 1587 374; x_wconf 49' lang='grc' dir='ltr'>ἀ</span> <span class='ocrx_word' id='word_1_9' title='bbox 1602 307 1662 403; x_wconf 84' lang='lat'>17</span> <span class='ocrx_word' id='word_1_10' title='bbox 1780 294 1785 310; x_wconf 83' lang='grc'><em>“</em></span> 
     </span>
    </p>
   </div>
   <div class='ocr_carea' id='block_1_2' title="bbox 214 465 1661 1044">
    <p class='ocr_par' dir='ltr' id='par_1_2' title="bbox 214 465 1661 1044">
     <span class='ocr_line' id='line_1_2' title="bbox 223 465 1661 590; baseline 0.001 -28"><span class='ocrx_word' id='word_1_11' title='bbox 223 472 298 562; x_wconf 84' lang='lat' dir='ltr'>sunt</span> <span class='ocrx_word' id='word_1_12' title='bbox 320 474 473 572; x_wconf 69' lang='lat' dir='ltr'>uuus,</span> <span class='ocrx_word' id='word_1_13' title='bbox 500 470 617 559; x_wconf 77' lang='lat' dir='ltr'>facile</span> <span class='ocrx_word' id='word_1_14' title='bbox 643 467 903 584; x_wconf 75' lang='lat' dir='ltr'>implicaretur</span> <span class='ocrx_word' id='word_1_15' title='bbox 930 465 1090 562; x_wconf 60' lang='lat' dir='ltr'>affectus</span> <span class='ocrx_word' id='word_1_16' title='bbox 1127 497 1193 557; x_wconf 85' lang='lat' dir='ltr'>aut</span> <span class='ocrx_word' id='word_1_17' title='bbox 1217 472 1348 584; x_wconf 81' lang='lat' dir='ltr'>posito</span> <span class='ocrx_word' id='word_1_18' title='bbox 1379 475 1518 572; x_wconf 86' lang='lat' dir='ltr'>etiam,</span> <span class='ocrx_word' id='word_1_19' title='bbox 1546 480 1661 590; x_wconf 91' lang='lat' dir='ltr'>quod</span> 
     </span>
     <span class='ocr_line' id='line_1_3' title="bbox 219 581 1658 695; baseline 0.001 -20"><span class='ocrx_word' id='word_1_20' title='bbox 219 618 351 675; x_wconf 88' lang='lat' dir='ltr'>totum</span> <span class='ocrx_word' id='word_1_21' title='bbox 376 590 664 674; x_wconf 77' lang='lat' dir='ltr'>recordatione..</span> <span class='ocrx_word' id='word_1_22' title='bbox 687 593 908 695; x_wconf 73' lang='lat' dir='ltr'>incitaretur</span> <span class='ocrx_word' id='word_1_23' title='bbox 939 583 990 668; x_wconf 86' lang='lat' dir='ltr'>ad</span> <span class='ocrx_word' id='word_1_24' title='bbox 1023 611 1195 669; x_wconf 84' lang='lat' dir='ltr'>amorem</span> <span class='ocrx_word' id='word_1_25' title='bbox 1227 590 1328 685; x_wconf 83' lang='lat' dir='ltr'>Dei,</span> <span class='ocrx_word' id='word_1_26' title='bbox 1365 581 1501 671; x_wconf 88' lang='lat' dir='ltr'>melius</span> <span class='ocrx_word' id='word_1_27' title='bbox 1528 615 1658 677; x_wconf 83' lang='lat' dir='ltr'>tamen</span> 
     </span>
     <span class='ocr_line' id='line_1_4' title="bbox 217 695 1656 813; baseline 0 -26"><span class='ocrx_word' id='word_1_28' title='bbox 217 704 285 787; x_wconf 83' lang='lat' dir='ltr'>hos</span> <span class='ocrx_word' id='word_1_29' title='bbox 311 704 446 787; x_wconf 82' lang='lat' dir='ltr'>bonos</span> <span class='ocrx_word' id='word_1_30' title='bbox 479 696 641 786; x_wconf 61' lang='lat' dir='ltr'>effecius</span> <span class='ocrx_word' id='word_1_31' title='bbox 663 696 936 812; x_wconf 82' lang='lat' dir='ltr'>consequetur,</span> <span class='ocrx_word' id='word_1_32' title='bbox 962 696 1149 782; x_wconf 87' lang='lat' dir='ltr'>stsemeti</span> <span class='ocrx_word' id='word_1_33' title='bbox 1178 695 1252 783; x_wconf 85' lang='lat' dir='ltr'>iarn</span> <span class='ocrx_word' id='word_1_34' title='bbox 1291 704 1428 813; x_wconf 80' lang='lat' dir='ltr'>dirigat</span> <span class='ocrx_word' id='word_1_35' title='bbox 1463 696 1541 784; x_wconf 83' lang='lat' dir='ltr'>so&#39;sa</span> <span class='ocrx_word' id='word_1_36' title='bbox 1561 701 1656 803; x_wconf 72' lang='lat' dir='ltr'>nde,</span> 
     </span>
     <span class='ocr_line' id='line_1_5' title="bbox 217 729 1656 930; baseline 0.003 -32"><span class='ocrx_word' id='word_1_37' title='bbox 217 820 254 898; x_wconf 77' lang='grc' dir='ltr'>δι</span> <span class='ocrx_word' id='word_1_38' title='bbox 278 812 319 901; x_wconf 86' lang='lat' dir='ltr'>se</span> <span class='ocrx_word' id='word_1_39' title='bbox 343 811 534 928; x_wconf 78' lang='lat' dir='ltr'>exspoliet</span> <span class='ocrx_word' id='word_1_40' title='bbox 553 816 603 898; x_wconf 89' lang='lat' dir='ltr'>ab</span> <span class='ocrx_word' id='word_1_41' title='bbox 627 817 801 899; x_wconf 85' lang='lat' dir='ltr'>omniurn</span> <span class='ocrx_word' id='word_1_42' title='bbox 833 836 1087 896; x_wconf 84' lang='lat' dir='ltr'>creaturarum</span> <span class='ocrx_word' id='word_1_43' title='bbox 1111 729 1263 911; x_wconf 55' lang='lat' dir='ltr'>adeun,</span> <span class='ocrx_word' id='word_1_44' title='bbox 1290 819 1408 899; x_wconf 84' lang='lat' dir='ltr'>etiam</span> <span class='ocrx_word' id='word_1_45' title='bbox 1422 817 1462 896; x_wconf 93' lang='lat' dir='ltr'>in</span> <span class='ocrx_word' id='word_1_46' title='bbox 1477 818 1559 900; x_wconf 87' lang='lat' dir='ltr'>itoc</span> <span class='ocrx_word' id='word_1_47' title='bbox 1573 815 1656 930; x_wconf 83' lang='lat' dir='ltr'>ipso</span> 
     </span>
     <span class='ocr_line' id='line_1_6' title="bbox 214 927 1016 1044; baseline -0.005 -31"><span class='ocrx_word' id='word_1_48' title='bbox 214 934 499 1044; x_wconf 74' lang='lat' dir='ltr'><strong>apparitionum</strong></span> <span class='ocrx_word' id='word_1_49' title='bbox 530 955 686 1043; x_wconf 75' lang='lat' dir='ltr'>genere</span> <span class='ocrx_word' id='word_1_50' title='bbox 745 927 844 1013; x_wconf 85' lang='lat' dir='ltr'>ibid.</span> <span class='ocrx_word' id='word_1_51' title='bbox 871 930 924 1014; x_wconf 85' lang='lat' dir='ltr'>C.</span> <span class='ocrx_word' id='word_1_52' title='bbox 950 955 1016 1027; x_wconf 74' lang='lat'>24.</span> 
     </span>
    </p>
   </div>
   <div class='ocr_carea' id='block_1_3' title="bbox 214 1135 1653 1840">
    <p class='ocr_par' dir='ltr' id='par_1_3' title="bbox 214 1135 1653 1840">
     <span class='ocr_line' id='line_1_7' title="bbox 316 1135 1653 1278; baseline 0.004 -38"><span class='ocrx_word' id='word_1_53' title='bbox 316 1149 489 1278; x_wconf 76' lang='lat' dir='ltr'>Regula</span> <span class='ocrx_word' id='word_1_54' title='bbox 546 1176 621 1266; x_wconf 79' lang='lat'>¹3·</span> <span class='ocrx_word' id='word_1_55' title='bbox 690 1137 1060 1249; x_wconf 82' lang='lat' dir='ltr'>Revelationes</span> <span class='ocrx_word' id='word_1_56' title='bbox 1110 1135 1489 1263; x_wconf 63' lang='lat' dir='ltr'>intulerimus,</span> <span class='ocrx_word' id='word_1_57' title='bbox 1540 1174 1653 1278; x_wconf 83' lang='lat' dir='ltr'>quae</span> 
     </span>
     <span class='ocr_line' id='line_1_8' title="bbox 215 1278 1650 1419; baseline 0.002 -35"><span class='ocrx_word' id='word_1_58' title='bbox 215 1282 471 1389; x_wconf 83' lang='lat' dir='ltr'>versantur</span> <span class='ocrx_word' id='word_1_59' title='bbox 507 1291 634 1390; x_wconf 87' lang='lat' dir='ltr'>circa</span> <span class='ocrx_word' id='word_1_60' title='bbox 670 1278 915 1388; x_wconf 86' lang='lat' dir='ltr'>attributa</span> <span class='ocrx_word' id='word_1_61' title='bbox 950 1279 1118 1385; x_wconf 85' lang='lat' dir='ltr'>divina</span> <span class='ocrx_word' id='word_1_62' title='bbox 1154 1278 1200 1387; x_wconf 78' lang='lat' dir='ltr'>n.</span> <span class='ocrx_word' id='word_1_63' title='bbox 1237 1314 1281 1417; x_wconf 86' lang='lat' dir='ltr'>g.</span> <span class='ocrx_word' id='word_1_64' title='bbox 1318 1281 1650 1419; x_wconf 84' lang='lat' dir='ltr'>Sapientiam,</span> 
     </span>
     <span class='ocr_line' id='line_1_9' title="bbox 214 1417 1649 1557; baseline 0.001 -33"><span class='ocrx_word' id='word_1_65' title='bbox 214 1421 650 1542; x_wconf 85' lang='lat' dir='ltr'>misericordiam,</span> <span class='ocrx_word' id='word_1_66' title='bbox 715 1431 1165 1557; x_wconf 86' lang='lat' dir='ltr'>omnipotentiam.</span> <span class='ocrx_word' id='word_1_67' title='bbox 1215 1417 1311 1526; x_wconf 82' lang='lat' dir='ltr'>&amp;e</span> <span class='ocrx_word' id='word_1_68' title='bbox 1419 1420 1649 1553; x_wconf 85' lang='lat' dir='ltr'>Quando</span> 
     </span>
     <span class='ocr_line' id='line_1_10' title="bbox 215 1561 1649 1702; baseline 0.002 -39"><span class='ocrx_word' id='word_1_69' title='bbox 215 1561 360 1667; x_wconf 81' lang='lat' dir='ltr'>fimus</span> <span class='ocrx_word' id='word_1_70' title='bbox 395 1574 450 1668; x_wconf 92' lang='lat' dir='ltr'>in</span> <span class='ocrx_word' id='word_1_71' title='bbox 494 1574 664 1668; x_wconf 90' lang='lat' dir='ltr'>anima</span> <span class='ocrx_word' id='word_1_72' title='bbox 700 1565 904 1668; x_wconf 87' lang='lat' dir='ltr'>causant</span> <span class='ocrx_word' id='word_1_73' title='bbox 937 1565 1245 1702; x_wconf 77' lang='lat' dir='ltr'>praegustem</span> <span class='ocrx_word' id='word_1_74' title='bbox 1279 1563 1539 1699; x_wconf 87' lang='lat' dir='ltr'>quendam</span> <span class='ocrx_word' id='word_1_75' title='bbox 1574 1561 1649 1666; x_wconf 87' lang='lat' dir='ltr'>fu·</span> 
     </span>
     <span class='ocr_line' id='line_1_11' title="bbox 219 1700 1649 1840; baseline 0 -31"><span class='ocrx_word' id='word_1_76' title='bbox 219 1726 341 1809; x_wconf 79' lang='lat' dir='ltr'>tutat</span> <span class='ocrx_word' id='word_1_77' title='bbox 377 1702 699 1812; x_wconf 86' lang='lat' dir='ltr'>beatitudinis</span> <span class='ocrx_word' id='word_1_78' title='bbox 734 1737 796 1807; x_wconf 87' lang='lat' dir='ltr'>ex</span> <span class='ocrx_word' id='word_1_79' title='bbox 830 1704 1016 1809; x_wconf 79' lang='lat' dir='ltr'>visione</span> <span class='ocrx_word' id='word_1_80' title='bbox 1058 1700 1203 1819; x_wconf 85' lang='lat' dir='ltr'><strong>DEI,</strong></span> <span class='ocrx_word' id='word_1_81' title='bbox 1248 1703 1649 1840; x_wconf 85' lang='lat' dir='ltr'>inexplicabilem</span> 
     </span>
    </p>
   </div>
   <div class='ocr_carea' id='block_1_4' title="bbox 222 1836 1811 2414">
    <p class='ocr_par' dir='ltr' id='par_1_4' title="bbox 222 1836 1811 2408">
     <span class='ocr_line' id='line_1_12' title="bbox 222 1836 1811 1983; baseline 0 -34"><span class='ocrx_word' id='word_1_82' title='bbox 222 1877 326 1957; x_wconf 91' lang='lat' dir='ltr'>non</span> <span class='ocrx_word' id='word_1_83' title='bbox 391 1856 646 1983; x_wconf 75' lang='lat' dir='ltr'>expertis,</span> <span class='ocrx_word' id='word_1_84' title='bbox 700 1877 811 1949; x_wconf 92' lang='lat' dir='ltr'>non</span> <span class='ocrx_word' id='word_1_85' title='bbox 886 1843 1094 1983; x_wconf 87' lang='lat' dir='ltr'>possunt</span> <span class='ocrx_word' id='word_1_86' title='bbox 1156 1836 1248 1948; x_wconf 84' lang='lat' dir='ltr'>effe</span> <span class='ocrx_word' id='word_1_87' title='bbox 1299 1842 1647 1949; x_wconf 76' lang='lat' dir='ltr'>adoemone.</span> <span class='ocrx_word' id='word_1_88' title='bbox 1806 1938 1811 1949; x_wconf 90' lang='lat'>.</span> 
     </span>
     <span class='ocr_line' id='line_1_13' title="bbox 223 1978 1648 2098; baseline 0.004 -32"><span class='ocrx_word' id='word_1_89' title='bbox 223 1987 328 2069; x_wconf 78' lang='lat' dir='ltr'>Ratio</span> <span class='ocrx_word' id='word_1_90' title='bbox 358 1988 427 2088; x_wconf 81' lang='lat' dir='ltr'>esi,</span> <span class='ocrx_word' id='word_1_91' title='bbox 454 1990 564 2098; x_wconf 88' lang='lat' dir='ltr'>quia,</span> <span class='ocrx_word' id='word_1_92' title='bbox 596 2013 681 2070; x_wconf 87' lang='lat' dir='ltr'>cum</span> <span class='ocrx_word' id='word_1_93' title='bbox 709 1979 773 2068; x_wconf 82' lang='lat' dir='ltr'>illa</span> <span class='ocrx_word' id='word_1_94' title='bbox 801 1981 979 2097; x_wconf 82' lang='lat' dir='ltr'>voluptas</span> <span class='ocrx_word' id='word_1_95' title='bbox 1017 2010 1063 2067; x_wconf 88' lang='lat' dir='ltr'>ac</span> <span class='ocrx_word' id='word_1_96' title='bbox 1091 1978 1251 2068; x_wconf 79' lang='lat' dir='ltr'>suavitas</span> <span class='ocrx_word' id='word_1_97' title='bbox 1284 2008 1489 2095; x_wconf 81' lang='lat' dir='ltr'>penetrans</span> <span class='ocrx_word' id='word_1_98' title='bbox 1524 2010 1648 2071; x_wconf 87' lang='lat' dir='ltr'>totam</span> 
     </span>
     <span class='ocr_line' id='line_1_14' title="bbox 227 2093 1729 2213; baseline 0.002 -32"><span class='ocrx_word' id='word_1_99' title='bbox 227 2102 412 2210; x_wconf 76' lang='lat' dir='ltr'>tunnam,</span> <span class='ocrx_word' id='word_1_100' title='bbox 446 2100 492 2185; x_wconf 88' lang='lat' dir='ltr'>stt</span> <span class='ocrx_word' id='word_1_101' title='bbox 533 2099 710 2213; x_wconf 79' lang='lat' dir='ltr'>quaedam</span> <span class='ocrx_word' id='word_1_102' title='bbox 748 2095 960 2210; x_wconf 81' lang='lat' dir='ltr'>praelibatio</span> <span class='ocrx_word' id='word_1_103' title='bbox 1000 2093 1129 2183; x_wconf 86' lang='lat' dir='ltr'>saltem</span> <span class='ocrx_word' id='word_1_104' title='bbox 1166 2093 1391 2210; x_wconf 66' lang='lat' dir='ltr'>imperfecta</span> <span class='ocrx_word' id='word_1_105' title='bbox 1425 2102 1648 2184; x_wconf 82' lang='lat' dir='ltr'>&amp;remota</span> <span class='ocrx_word' id='word_1_106' title='bbox 1727 2197 1729 2202; x_wconf 41' lang='grc'><strong>,</strong></span> 
     </span>
     <span class='ocr_line' id='line_1_15' title="bbox 231 2206 1647 2408; baseline 0.001 -111"><span class='ocrx_word' id='word_1_107' title='bbox 231 2206 350 2408; x_wconf 58' lang='lat' dir='ltr'>sputa</span> <span class='ocrx_word' id='word_1_108' title='bbox 370 2212 621 2299; x_wconf 77' lang='lat' dir='ltr'>beatitudinis</span> <span class='ocrx_word' id='word_1_109' title='bbox 643 2207 855 2311; x_wconf 79' lang='lat' dir='ltr'>essentialis,</span> <span class='ocrx_word' id='word_1_110' title='bbox 868 2217 1020 2327; x_wconf 86' lang='lat' dir='ltr'>nequit</span> <span class='ocrx_word' id='word_1_111' title='bbox 1042 2238 1130 2297; x_wconf 84' lang='lat' dir='ltr'>earn</span> <span class='ocrx_word' id='word_1_112' title='bbox 1148 2215 1297 2307; x_wconf 70' lang='lat' dir='ltr'>innitari-</span> <span class='ocrx_word' id='word_1_113' title='bbox 1312 2210 1489 2298; x_wconf 81' lang='lat' dir='ltr'>doemon</span> <span class='ocrx_word' id='word_1_114' title='bbox 1547 2213 1647 2299; x_wconf 87' lang='lat' dir='ltr'>ibid.</span> 
     </span>
    </p>

    <p class='ocr_par' dir='ltr' id='par_1_5' title="bbox 292 2339 1225 2414">
     <span class='ocr_line' id='line_1_16' title="bbox 292 2339 1225 2414; baseline 0 -5"><span class='ocrx_word' id='word_1_115' title='bbox 292 2339 355 2414; x_wconf 64' lang='grc' dir='ltr'>τό.</span> <span class='ocrx_word' id='word_1_116' title='bbox 1223 2382 1225 2387; x_wconf 90' lang='grc'>-</span> 
     </span>
    </p>
   </div>
   <div class='ocr_carea' id='block_1_5' title="bbox 176 2528 1651 2954">
    <p class='ocr_par' dir='ltr' id='par_1_6' title="bbox 176 2528 1651 2954">
     <span class='ocr_line' id='line_1_17' title="bbox 320 2528 1648 2672; baseline 0.004 -39"><span class='ocrx_word' id='word_1_117' title='bbox 320 2539 485 2669; x_wconf 81' lang='lat' dir='ltr'>Regula</span> <span class='ocrx_word' id='word_1_118' title='bbox 538 2568 610 2662; x_wconf 83' lang='lat'>¹4·</span> <span class='ocrx_word' id='word_1_119' title='bbox 683 2530 1063 2639; x_wconf 87' lang='lat' dir='ltr'>Potesttamen</span> <span class='ocrx_word' id='word_1_120' title='bbox 1107 2528 1324 2639; x_wconf 82' lang='lat' dir='ltr'>doemon</span> <span class='ocrx_word' id='word_1_121' title='bbox 1368 2566 1456 2672; x_wconf 83' lang='lat' dir='ltr'>per</span> <span class='ocrx_word' id='word_1_122' title='bbox 1505 2533 1648 2638; x_wconf 86' lang='lat' dir='ltr'>visio-</span> 
     </span>
     <span class='ocr_line' id='line_1_18' title="bbox 239 2672 1649 2815; baseline 0.006 -44"><span class='ocrx_word' id='word_1_123' title='bbox 239 2702 337 2777; x_wconf 84' lang='lat' dir='ltr'>nent</span> <span class='ocrx_word' id='word_1_124' title='bbox 369 2672 750 2779; x_wconf 73' lang='lat' dir='ltr'>intessedualem</span> <span class='ocrx_word' id='word_1_125' title='bbox 792 2679 1137 2812; x_wconf 84' lang='lat' dir='ltr'>repraesentare</span> <span class='ocrx_word' id='word_1_126' title='bbox 1185 2687 1368 2779; x_wconf 82' lang='lat' dir='ltr'>animae</span> <span class='ocrx_word' id='word_1_127' title='bbox 1413 2674 1649 2815; x_wconf 72' lang='lat' dir='ltr'>quadam</span> 
     </span>
     <span class='ocr_line' id='line_1_19' title="bbox 176 2810 1651 2954; baseline 0.001 -35"><span class='ocrx_word' id='word_1_128' title='bbox 176 2908 178 2919; x_wconf 92' lang='lat'><em>.</em></span> <span class='ocrx_word' id='word_1_129' title='bbox 239 2810 458 2934; x_wconf 72' lang='lat' dir='ltr'>sublimia·</span> <span class='ocrx_word' id='word_1_130' title='bbox 494 2846 552 2920; x_wconf 88' lang='lat' dir='ltr'>ac</span> <span class='ocrx_word' id='word_1_131' title='bbox 588 2820 736 2954; x_wconf 81' lang='lat' dir='ltr'>quast·</span> <span class='ocrx_word' id='word_1_132' title='bbox 757 2816 1002 2920; x_wconf 88' lang='lat' dir='ltr'>immensa</span> <span class='ocrx_word' id='word_1_133' title='bbox 1037 2813 1091 2922; x_wconf 79' lang='lat' dir='ltr'>dt</span> <span class='ocrx_word' id='word_1_134' title='bbox 1119 2814 1651 2953; x_wconf 83' lang='lat' dir='ltr'>incomprehenfibilia‚</span> 
     </span>
    </p>
   </div>
   <div class='ocr_carea' id='block_1_6' title="bbox 232 2955 1720 3666">
    <p class='ocr_par' dir='ltr' id='par_1_7' title="bbox 232 2955 1720 3666">
     <span class='ocr_line' id='line_1_20' title="bbox 241 2955 1720 3100; baseline 0.004 -47"><span class='ocrx_word' id='word_1_135' title='bbox 241 2975 284 3057; x_wconf 90' lang='lat' dir='ltr'>ut</span> <span class='ocrx_word' id='word_1_136' title='bbox 329 2966 559 3061; x_wconf 85' lang='lat' dir='ltr'>animam</span> <span class='ocrx_word' id='word_1_137' title='bbox 607 2955 926 3100; x_wconf 87' lang='lat' dir='ltr'>persuadeat,</span> <span class='ocrx_word' id='word_1_138' title='bbox 983 2990 1043 3062; x_wconf 87' lang='lat' dir='ltr'>ea</span> <span class='ocrx_word' id='word_1_139' title='bbox 1087 2956 1179 3063; x_wconf 90' lang='lat' dir='ltr'>esse</span> <span class='ocrx_word' id='word_1_140' title='bbox 1225 2958 1392 3094; x_wconf 89' lang='lat' dir='ltr'>ipsum</span> <span class='ocrx_word' id='word_1_141' title='bbox 1427 2955 1650 3063; x_wconf 82' lang='lat' dir='ltr'><strong>DEUM.</strong></span> <span class='ocrx_word' id='word_1_142' title='bbox 1713 3062 1720 3078; x_wconf 78' lang='grc'><strong><em>,</em></strong></span> 
     </span>
     <span class='ocr_line' id='line_1_21' title="bbox 240 3090 1653 3200; baseline 0.005 -27"><span class='ocrx_word' id='word_1_143' title='bbox 240 3090 315 3179; x_wconf 83' lang='lat' dir='ltr'>Nou</span> <span class='ocrx_word' id='word_1_144' title='bbox 339 3121 467 3181; x_wconf 81' lang='lat' dir='ltr'>tamen</span> <span class='ocrx_word' id='word_1_145' title='bbox 497 3095 688 3200; x_wconf 86' lang='lat' dir='ltr'>ejusmodi</span> <span class='ocrx_word' id='word_1_146' title='bbox 726 3095 889 3182; x_wconf 75' lang='lat' dir='ltr'>visiones</span> <span class='ocrx_word' id='word_1_147' title='bbox 925 3102 966 3180; x_wconf 93' lang='lat' dir='ltr'>in</span> <span class='ocrx_word' id='word_1_148' title='bbox 994 3121 1198 3182; x_wconf 88' lang='lat' dir='ltr'>momento</span> <span class='ocrx_word' id='word_1_149' title='bbox 1227 3103 1390 3181; x_wconf 84' lang='lat' dir='ltr'>animam</span> <span class='ocrx_word' id='word_1_150' title='bbox 1418 3100 1653 3180; x_wconf 89' lang='lat' dir='ltr'>inflammant</span> 
     </span>
     <span class='ocr_line' id='line_1_22' title="bbox 238 3205 1652 3323; baseline 0.002 -34"><span class='ocrx_word' id='word_1_151' title='bbox 238 3205 455 3294; x_wconf 83' lang='lat' dir='ltr'>tdtmotem</span> <span class='ocrx_word' id='word_1_152' title='bbox 485 3212 576 3293; x_wconf 73' lang='lat' dir='ltr'>DEI</span> <span class='ocrx_word' id='word_1_153' title='bbox 603 3237 763 3322; x_wconf 89' lang='lat' dir='ltr'>purum,</span> <span class='ocrx_word' id='word_1_154' title='bbox 796 3237 927 3323; x_wconf 87' lang='lat' dir='ltr'>neque</span> <span class='ocrx_word' id='word_1_155' title='bbox 952 3205 1096 3299; x_wconf 82' lang='lat' dir='ltr'>tollunt</span> <span class='ocrx_word' id='word_1_156' title='bbox 1117 3213 1170 3297; x_wconf 82' lang='lat' dir='ltr'>ab.</span> <span class='ocrx_word' id='word_1_157' title='bbox 1190 3214 1316 3295; x_wconf 87' lang='lat' dir='ltr'>anima</span> <span class='ocrx_word' id='word_1_158' title='bbox 1340 3206 1652 3322; x_wconf 62' lang='lat' dir='ltr'>imperfectiones</span> 
     </span>
     <span class='ocr_line' id='line_1_23' title="bbox 237 3313 1651 3436; baseline 0.004 -33"><span class='ocrx_word' id='word_1_159' title='bbox 237 3313 389 3436; x_wconf 74' lang='lat' dir='ltr'>tsoqurn</span> <span class='ocrx_word' id='word_1_160' title='bbox 420 3325 604 3409; x_wconf 79' lang='lat' dir='ltr'>industria</span> <span class='ocrx_word' id='word_1_161' title='bbox 630 3317 797 3433; x_wconf 87' lang='lat' dir='ltr'>plurium</span> <span class='ocrx_word' id='word_1_162' title='bbox 825 3350 1016 3409; x_wconf 83' lang='lat' dir='ltr'>annorum</span> <span class='ocrx_word' id='word_1_163' title='bbox 1044 3325 1108 3409; x_wconf 82' lang='lat' dir='ltr'>vix</span> <span class='ocrx_word' id='word_1_164' title='bbox 1133 3320 1409 3420; x_wconf 75' lang='lat' dir='ltr'>etadimbiles‚</span> <span class='ocrx_word' id='word_1_165' title='bbox 1434 3349 1564 3435; x_wconf 91' lang='lat' dir='ltr'>neque</span> <span class='ocrx_word' id='word_1_166' title='bbox 1592 3349 1651 3408; x_wconf 84' lang='lat' dir='ltr'>re·</span> 
     </span>
     <span class='ocr_line' id='line_1_24' title="bbox 235 3427 1652 3551; baseline 0.001 -32"><span class='ocrx_word' id='word_1_167' title='bbox 235 3427 322 3540; x_wconf 78' lang='lat' dir='ltr'>pient</span> <span class='ocrx_word' id='word_1_168' title='bbox 350 3441 517 3522; x_wconf 85' lang='lat' dir='ltr'>animam</span> <span class='ocrx_word' id='word_1_169' title='bbox 546 3436 760 3533; x_wconf 80' lang='lat' dir='ltr'>virtutibus,</span> <span class='ocrx_word' id='word_1_170' title='bbox 789 3464 922 3550; x_wconf 89' lang='lat' dir='ltr'>neque</span> <span class='ocrx_word' id='word_1_171' title='bbox 958 3465 1043 3522; x_wconf 84' lang='lat' dir='ltr'>eam</span> <span class='ocrx_word' id='word_1_172' title='bbox 1085 3460 1286 3551; x_wconf 87' lang='lat' dir='ltr'>penetrant</span> <span class='ocrx_word' id='word_1_173' title='bbox 1325 3433 1505 3523; x_wconf 83' lang='lat' dir='ltr'>immensa</span> <span class='ocrx_word' id='word_1_174' title='bbox 1541 3433 1652 3521; x_wconf 90' lang='lat' dir='ltr'>volu-</span> 
     </span>
     <span class='ocr_line' id='line_1_25' title="bbox 232 3546 1651 3666; baseline -0.001 -32"><span class='ocrx_word' id='word_1_175' title='bbox 232 3571 333 3656; x_wconf 76' lang='lat' dir='ltr'>prate,</span> <span class='ocrx_word' id='word_1_176' title='bbox 358 3556 555 3635; x_wconf 71' lang='lat' dir='ltr'>animante</span> <span class='ocrx_word' id='word_1_177' title='bbox 579 3549 631 3633; x_wconf 83' lang='lat' dir='ltr'>ad</span> <span class='ocrx_word' id='word_1_178' title='bbox 657 3547 905 3661; x_wconf 83' lang='lat' dir='ltr'>perferendas</span> <span class='ocrx_word' id='word_1_179' title='bbox 930 3546 1068 3636; x_wconf 79' lang='lat' dir='ltr'>ornnes</span> <span class='ocrx_word' id='word_1_180' title='bbox 1096 3547 1362 3646; x_wconf 83' lang='lat' dir='ltr'>difficultates,</span> <span class='ocrx_word' id='word_1_181' title='bbox 1402 3579 1534 3666; x_wconf 90' lang='lat' dir='ltr'>neque</span> <span class='ocrx_word' id='word_1_182' title='bbox 1563 3577 1651 3634; x_wconf 87' lang='lat' dir='ltr'>cor·-</span> 
     </span>
    </p>
   </div>
   <div class='ocr_carea' id='block_1_7' title="bbox 228 3661 1652 3863">
    <p class='ocr_par' dir='ltr' id='par_1_8' title="bbox 228 3661 1652 3863">
     <span class='ocr_line' id='line_1_26' title="bbox 228 3661 1652 3863; baseline 0.003 -120"><span class='ocrx_word' id='word_1_183' title='bbox 228 3661 400 3863; x_wconf 59' lang='lat' dir='ltr'>pbopmt</span> <span class='ocrx_word' id='word_1_184' title='bbox 436 3661 631 3750; x_wconf 76' lang='lat' dir='ltr'>desideriis</span> <span class='ocrx_word' id='word_1_185' title='bbox 656 3664 828 3777; x_wconf 88' lang='lat' dir='ltr'>patiendi</span> <span class='ocrx_word' id='word_1_186' title='bbox 869 3665 989 3753; x_wconf 81' lang='lat' dir='ltr'>ardua</span> <span class='ocrx_word' id='word_1_187' title='bbox 1021 3693 1097 3779; x_wconf 90' lang='lat' dir='ltr'>pro</span> <span class='ocrx_word' id='word_1_188' title='bbox 1134 3667 1287 3752; x_wconf 89' lang='lat' dir='ltr'>honore</span> <span class='ocrx_word' id='word_1_189' title='bbox 1313 3665 1417 3754; x_wconf 76' lang='lat' dir='ltr'>&#39;unt</span> <span class='ocrx_word' id='word_1_190' title='bbox 1503 3665 1652 3751; x_wconf 82' lang='lat' dir='ltr'>Ibidem</span> 
     </span>
     <span class='ocr_line' id='line_1_27' title="bbox 291 3807 357 3863; baseline 0.045 -3"><span class='ocrx_word' id='word_1_191' title='bbox 291 3807 312 3860; x_wconf 72' lang='lat'><em>2</em></span> <span class='ocrx_word' id='word_1_192' title='bbox 345 3838 357 3863; x_wconf 77' lang='grc' dir='ltr'>ι</span> 
     </span>
    </p>
   </div>
   <div class='ocr_carea' id='block_1_8' title="bbox 325 4109 1656 4234">
    <p class='ocr_par' dir='ltr' id='par_1_9' title="bbox 325 4109 1656 4234">
     <span class='ocr_line' id='line_1_28' title="bbox 325 4109 1656 4234; baseline -0.01 -25"><span class='ocrx_word' id='word_1_193' title='bbox 325 4116 389 4209; x_wconf 91' lang='lat' dir='ltr'>D.</span> <span class='ocrx_word' id='word_1_194' title='bbox 411 4114 461 4204; x_wconf 85' lang='grc' dir='ltr'>Ε.</span> <span class='ocrx_word' id='word_1_195' title='bbox 479 4116 536 4200; x_wconf 87' lang='grc' dir='ltr'>Α.</span> <span class='ocrx_word' id='word_1_196' title='bbox 556 4109 600 4198; x_wconf 84' lang='lat' dir='ltr'>de</span> <span class='ocrx_word' id='word_1_197' title='bbox 616 4110 793 4206; x_wconf 73' lang='lat' dir='ltr'>Revelat.</span> <span class='ocrx_word' id='word_1_198' title='bbox 815 4111 917 4202; x_wconf 86' lang='lat' dir='ltr'>Pars</span> <span class='ocrx_word' id='word_1_199' title='bbox 932 4111 965 4200; x_wconf 87' lang='lat'>1.</span> <span class='ocrx_word' id='word_1_200' title='bbox 1130 4115 1195 4199; x_wconf 88' lang='lat' dir='ltr'>Ee</span> <span class='ocrx_word' id='word_1_201' title='bbox 1513 4109 1656 4234; x_wconf 81' lang='lat' dir='ltr'>Regu·</span> 
     </span>
    </p>
   </div>
   <div class='ocr_carea' id='block_1_9' title="bbox 0 0 1902 4994">
    <p class='ocr_par' dir='ltr' id='par_1_10' title="bbox 0 0 1902 4994">
     <span class='ocr_line' id='line_1_29' title="bbox 0 0 1902 4994; baseline 0 3"><span class='ocrx_word' id='word_1_202' title='bbox 0 0 1902 4994; x_wconf 95' lang='lat' dir='ltr'> </span> 
     </span>
    </p>
   </div>
  </div>
 </body>
</html>
