3796 4994
421 260 638 398 exempta
669 238 1253 398 instauraremus
1335 248 1366 271 ”
1496 286 1558 383 rr

100 473 351 567 Dominieam
377 467 510 560 senfin
530 467 722 589 lenteque
740 477 987 590 pronuntiet.
1014 455 1025 529 f
1040 472 1179 590 Quem
1194 460 1337 564 bertus
1360 473 1563 570 Palemon

38 683 41 687 .
101 588 323 708 intelligens
346 587 529 704 superbiae
546 615 701 676 tumore
723 593 935 704 deceptum
953 599 1204 680 commonuit
1231 593 1390 679 dicetis:
1430 596 1567 687 desine

103 711 221 798 frater
243 707 293 794 ab
308 708 383 793 huc
399 701 558 804 insanias,
583 734 658 792 nec
681 702 760 792 tale
782 709 884 822 quid
908 702 1067 796 ulterius
1087 704 1278 823 loquaris.
1328 714 1414 842 Qui
1432 730 1568 817 corre·-

102 831 243 943 ptione
269 826 381 910 Senis
400 849 484 907 non
506 818 631 937 solium
653 850 734 907 non
750 819 920 937 profecit
937 828 980 908 in
998 818 1160 922 melius,
1179 818 1247 909 sed
1275 820 1364 939 plus
1376 842 1378 847 ’
1390 823 1568 915 elatione

103 946 245 1028 mentis
277 944 429 1023 inflatus
462 934 574 1050 super
597 943 728 1051 ignem
757 940 852 1023 stare
880 942 1003 1052 coepit
1029 939 1228 1040 audacien
1254 936 1367 1024 nullo
1396 940 1468 1026 fibi
1495 955 1569 1059 pot

103 1057 207 1144 uitiis
229 1061 468 1168 imperantes
523 1077 685 1167 eratque
711 1050 966 1166 conspicere,
993 1055 1210 1169 quomodo
1232 1081 1475 1169 cooperante
1496 1062 1569 1145 ini·

104 1177 210 1258 mico
236 1173 394 1256 humaui
423 1171 605 1284 generis,
635 1173 675 1251 dt
717 1171 896 1253 Domino
922 1175 1173 1283 permittente
1200 1196 1455 1285 nequaquam
1477 1171 1568 1259 fue·

104 1293 153 1374 rit
175 1290 348 1401 perustus
373 1290 473 1398 ignis
495 1290 652 1368 attaitu.
709 1289 801 1368 Hoc
829 1278 953 1396 ipsum
974 1286 1102 1384 verb,
1122 1285 1238 1399 quod
1261 1285 1370 1399 gessit
1391 1289 1572 1400 inpurum.

107 1404 159 1488 ad
178 1424 431 1516 augmentum
455 1397 624 1513 profecit
644 1405 725 1504 ejus
750 1395 914 1487 insaniae.
971 1401 1130 1486 Postera
1160 1402 1228 1486 die
1259 1404 1411 1487 mature
1445 1406 1569 1515 profi»
1688 1487 1691 1495 .

109 1514 249 1604 ciscens
277 1544 322 1599 ac
344 1511 526 1600 veluteis
551 1515 771 1626 exprobans
791 1515 937 1624 ajebat:
980 1515 1060 1601 Ubi
1088 1517 1142 1599 est
1164 1514 1263 1600 fides
1283 1518 1436 1602 vestra?
1475 1519 1568 1604 Poll

108 1662 191 1720 non
214 1627 378 1716 multum
399 1632 495 1725 verb
517 1634 704 1741 temporis
734 1658 895 1717 cernens
919 1627 1104 1715 diabolus
1127 1657 1218 1715 eum
1244 1630 1317 1716 sibi
1337 1661 1407 1745 per
1431 1637 1568 1720 omnia

108 1754 385 1863 umndpatum,
403 1751 442 1828 δι
460 1740 574 1830 facile
596 1744 646 1828 ad
679 1773 767 1858 qua
794 1740 914 1830 vellet
944 1742 1119 1830 facinora
1143 1773 1235 1830 eum
1258 1740 1297 1830 se
1322 1744 1432 1859 polle
1458 1776 1569 1835 com·

109 1862 272 1981 pellere,
293 1859 573 1974 transfiguravit
590 1855 628 1946 se
648 1864 690 1944 in
712 1855 912 1946 mulierem
930 1856 1152 1973 pulchram,
1171 1856 1380 1973 splendidis
1402 1863 1571 1949 vestibus

110 1981 369 2075 adornatam,
410 1984 449 2059 ἃ
480 1980 601 2088 coepit
637 1977 775 2060 ostium
809 1970 934 2062 Cellae
957 1981 1039 2083 ejus
1067 1977 1318 2061 vehementer
1340 1978 1569 2064 extundere.

114 2100 198 2205 Qui
226 2123 314 2178 cum
340 2086 569 2205 aperuisset,
597 2096 651 2176 ait
676 2095 713 2175 ei
740 2086 934 2175 Diabolus
961 2092 1002 2174 in
1028 2089 1211 2176 habitum
1232 2085 1401 2177 mulieris
1427 2098 1569 2180 immu-

114 2235 243 2300 tatuss
274 2207 450 2293 Obsecro
480 2230 544 2304 te,
569 2210 661 2318 quia
679 2209 792 2290 nimis
819 2204 845 2291 a*
873 2205 1134 2291 creditoribus
1160 2233 1318 2322 urgeor,
1351 2213 1392 2292 &
1417 2233 1571 2312 metuo,

114 2354 165 2411 ne
195 2350 261 2409 me
288 2319 420 2437 aliqua
447 2318 614 2435 pericula
640 2321 991 2433 comprehendant,
1010 2326 1174 2433 recipias
1196 2351 1262 2407 me
1287 2327 1330 2406 in
1356 2348 1463 2408 tuam
1490 2319 1573 2408 cel·
1648 2356 1652 2366 ·

114 2437 248 2538 lusam,
276 2443 371 2552 quia
392 2438 570 2523 debitum
592 2432 742 2520 solvere
761 2463 946 2549 nequeo,
972 2461 1167 2551 quatenus
1189 2466 1261 2551 per
1286 2460 1326 2521 te
1346 2435 1448 2522 salva
1469 2435 1572 2524 faeta

116 2560 255 2671 gratias
276 2551 467 2645 referam3
503 2554 614 2636 Deus
642 2554 745 2636 enirn
774 2578 839 2635 me
860 2552 1000 2636 direxit
1027 2552 1081 2636 ad
1098 2577 1154 2639 te.
1224 2557 1308 2663 Qui
1337 2551 1363 2638 ὲ
1388 2560 1572 2639 coecitate
1619 2652 1620 2656 Ν

117 2673 258 2756 mentis
278 2675 433 2782 penitus
452 2663 686 2767 obscuratus,
716 2693 792 2751 nec
813 2663 947 2752 valens
966 2662 1179 2752 discernere
1197 2674 1287 2782 quis
1305 2663 1411 2766 esset,
1432 2673 1503 2783 qui
1525 2666 1573 2753 u·

117 2785 159 2871 bi
183 2781 274 2869 talia
297 2781 553 2898 loqueretur,
596 2776 813 2867 Diabolum
842 2787 881 2866 in
909 2778 1019 2866 suum
1043 2788 1192 2896 recepit
1217 2787 1392 2868 exitium
1459 2789 1573 2869 Tunc
1607 2780 1612 2791 ’

118 2902 288 2988 doemon
307 2896 461 2982 immisit
479 2904 513 2982 ti
539 2923 691 3011 turpem
719 2892 1080 3009 concupiscentiam.
1142 2903 1226 3009 Qui
1249 2925 1345 2983 mox
1371 2896 1475 2983 cellit
1501 2900 1595 2983 ini·
1638 2941 1641 2946 ·
1737 2882 1741 2886 ’

121 3022 209 3101 inici
245 3010 574 3213 supgestionibus,
612 3018 652 3095 δι
686 3018 766 3121 ejus
801 3011 908 3127 quasi
941 3011 1149 3099 muliebres
1187 3017 1327 3125 petivit
1359 3009 1574 3125 amplexus.

122 3138 256 3241 Quem
296 3132 430 3242 piritus
456 3126 679 3211 immundus
716 3128 904 3212 invadens
932 3124 1028 3212 elifit
1059 3132 1268 3216 atrocitets
1310 3133 1350 3212 dt
1373 3120 1576 3212 revolutus

120 3241 230 3358 super
258 3249 521 3357 pavimentum
549 3238 669 3326 veluti
699 3267 876 3326 mortuus
907 3243 975 3326 diu
998 3241 1216 3354 permansit.
1284 3236 1577 3356 Pollaliquau-

120 3385 184 3446 tos
207 3385 338 3443 autem
367 3358 449 3443 dies
474 3358 632 3441 tandem
663 3362 703 3440 in
731 3353 770 3440 se
797 3357 967 3442 reversus
997 3363 1037 3441 δι
1068 3359 1272 3443 dementiae
1297 3361 1462 3472 propria
1489 3354 1575 3444 seed

123 3480 320 3590 poenitens
348 3474 399 3558 ad
433 3470 601 3557 sancium
643 3466 913 3557 Paloemonem
953 3476 1086 3572 venit,
1119 3477 1159 3556 tc
1192 3500 1281 3559 cum
1310 3499 1455 3588 magno
1481 3477 1576 3559 lietu
1677 3478 1686 3487 ’

124 3589 224 3705 quid
245 3588 314 3674 fibi
338 3585 530 3674 accidisset
551 3583 742 3701 exposuit,
764 3613 936 3701 cumque
959 3583 1105 3673 santius
1133 3582 1341 3674 Paloemon
1362 3594 1402 3673 dt
1429 3583 1579 3674 sancius
1726 3586 1729 3591 ’

124 3707 356 3790 lsa'chomius
377 3701 579 3789 lachrimas
601 3730 678 3900 pro
704 3729 755 3785 eo
779 3697 1016 3798 funderent,
1051 3700 1177 3788 subito
1204 3726 1405 3817 correptus
1429 3703 1480 3788 ab
1505 3700 1580 3787 im·

126 3819 275 3904 mundo
298 3814 428 3931 spiritu
446 3819 497 3901 de
523 3845 599 3901 con
614 3824 730 3929 pediu
755 3827 892 3900 eorum
912 3813 1143 3930 prosiliit,&
1169 3846 1239 3929 per
1266 3808 1414 3904 deserta
1438 3813 1581 3903 discut·

127 3961 213 4018 rens
230 3938 406 4046 pervenit
428 3933 480 4016 ad
513 3936 706 4017 civitatem
733 3937 890 4029 Panos,
923 3931 990 4016 ubi
1008 3936 1048 4017 in
1074 3929 1273 4018 fornacem
1292 3931 1424 4020 balnei
1446 3959 1518 4046 per
1539 3955 1581 4034 af

129 4053 310 4134 meutiam
334 4046 630 4172 leprarcipitans
653 4050 838 4134 incendio
860 4052 1037 4159 protinus
1060 4051 1215 4133 interiit.

817 4221 859 4328 B
899 4258 925 4326 2
1387 4254 1431 4351 3.
1466 4132 1602 4333 Ma,
