3796 4994
223 305 329 437 276
589 304 790 415 &velen
813 302 1075 435 deAgreda.
1104 307 1223 398 Part
1237 307 1273 398 1.

219 500 1666 731 simin'iiranumfiurmuunuffiuu

219 732 350 847 seper
372 759 437 817 eas
453 737 612 817 virtutes
635 726 838 830 naturales,
861 734 902 814 &
920 759 991 841 per
1011 731 1125 844 ipsius
1143 725 1283 817 auxilia
1308 725 1553 844 disponunt,
1570 759 1667 818 con·

218 846 297 935 sen
316 847 409 932 dein
432 848 594 930 virtutes
610 840 760 941 infusas,
782 843 878 928 dum
904 872 973 929 eos
991 843 1177 952 justificat.
1568 924 1579 935 ,

321 980 434 1058 487.
471 959 587 1043 1⁰13.
622 961 782 1071 Virgine
816 961 941 1042 extitit
969 963 1087 1043 virtus
1114 957 1208 1047 fidei
1228 960 1270 1042 in
1300 951 1476 1043 altiffimo
1504 958 1551 1042 δι
1577 982 1664 1068 per·

219 1052 419 1271 genuino
441 1070 580 1183 gradu,
607 1097 728 1185 quem
744 1064 929 1175 ‚absolue
957 1078 1086 1184 potuit
1110 1073 1268 1158 habere.
1336 1069 1448 1157 Idem
1474 1074 1663 1185 repetitur

236 1394 239 1399 ,
294 1202 626 1400 48sirpsgstiamii
656 1289 735 1380 sola
765 1301 808 1411 13.
833 1299 958 1410 Virgo
978 1291 1103 1380 fuisset
1127 1299 1168 1381 in
1192 1296 1356 1395 mmdo,
1381 1325 1457 1409 pro
1479 1292 1563 1408 ipsa
1584 1290 1663 1380 sola

217 1412 329 1511 Deus
354 1409 585 1495 condidisset
606 1415 784 1493 virtutem
808 1407 913 1494 fidei.
996 1414 1101 1494 Nam
1132 1416 1211 1512 ejus
1235 1409 1331 1495 fides
1359 1408 1434 1495 fuit
1462 1414 1616 1495 intenta
1639 1409 1671 1494 ὲ

218 1525 328 1623 Deo,
351 1508 396 1609 ut
414 1521 569 1609 serviret
588 1549 662 1635 pro
681 1525 722 1633 pi
751 1549 848 1607 nore
865 1524 996 1621 certo,
1017 1550 1070 1606 ne
1096 1520 1296 1607 consilium
1323 1526 1400 1607 Dei
1421 1521 1662 1609 frustraremr

206 1639 476 1738 ,omnimodis
503 1639 544 1719 &
564 1658 607 1721 ut
620 1550 885 1748 suppserentur
896 1664 967 1750 per
993 1663 1078 1721 eam
1098 1664 1239 1722 ornnes
1260 1633 1436 1723 defeous
1452 1639 1661 1722 hominum

216 1756 257 1839 in
271 1755 429 1837 materia
451 1748 557 1834 fidei.
1389 1788 1393 1795 ·
1568 1836 1575 1849 ,

235 1914 241 1925 -
335 1895 432 1969 49ι.
459 1868 501 1947 Β.
525 1867 670 1978 Virgo,
693 1862 856 1975 quando
876 1860 1013 1950 habuit
1030 1858 1217 1949 vifionem
1236 1864 1453 1949 intuitivam
1475 1864 1572 1959 Dei,
1596 1883 1661 1947 aut

208 1978 381 2094 qnando
407 1976 469 2062 usa
491 1981 545 2063 est
561 1974 760 2089 speciebus
780 1974 1010 2060 abstraeiivis
1036 1981 1174 2071 certis,
1196 2005 1279 2060 non
1308 1982 1479 2062 exercuit
1514 1977 1660 2067 fidemi

215 2096 307 2189 hinc
335 2095 443 2176 Deus
467 2092 625 2176 retinuit
648 2094 834 2174 inflexum
851 2087 1061 2200 specierum
1079 2085 1276 2188 elatarum,
1300 2115 1343 2175 ut
1359 2088 1483 2201 puiset
1505 2114 1660 2175 exerce·

213 2198 423 2301 residem,
449 2230 536 2315 quae
562 2199 818 2287 eii-obscura.
899 2205 944 2283 ln
969 2198 1034 2284 tali
1055 2205 1151 2284 statu
1173 2201 1326 2288 scientia
1347 2205 1469 2305 desiit,
1492 2209 1533 2289 δι
1561 2204 1660 2289 fider

215 2316 455 2415 subintroiitr
481 2321 520 2398 δι
546 2321 586 2399 in
606 2310 674 2399 tali
694 2316 792 2398 statu
810 2315 920 2413 Deus
940 2322 983 2398 B.
1003 2320 1199 2427 Virginem
1221 2318 1416 2402 interdum
1434 2315 1606 2431 reliquit·

136 2534 139 2539 ν
236 2518 241 2527 ,
331 2455 429 2531 493.
458 2423 528 2512 llle
550 2436 669 2527 aaut,
692 2454 775 2542 quo
794 2428 973 2526 creditur,
993 2430 1107 2540 quod
1133 2431 1186 2511 est
1204 2428 1444 2542 innegabile,
1491 2459 1576 2516 non
1604 2430 1657 2515 est

117 2629 122 2637 .
214 2545 445 2661 meritorius.
531 2545 708 2653 Quando
737 2541 903 2626 credidit
923 2537 1066 2653 angelo
1096 2548 1307 2641 nuntianti,
1330 2549 1464 2628 merita
1482 2547 1539 2628 est
1555 2571 1656 2655 proe·

215 2663 350 2754 mium,
374 2659 570 2768 quianon
595 2651 731 2740 estusa
752 2650 927 2751 scientis,
949 2650 1015 2738 sed
1040 2654 1132 2738 fide.
1241 2686 1341 2761 494.
1368 2657 1546 2766 Quando
1598 2685 1654 2741 tr·

216 2769 316 2863 didit
348 2771 534 2872 ΙΕδυΜ,
572 2779 653 2853 n'on
681 2769 736 2853 est
758 2764 821 2853 usa
849 2765 1003 2853 scientiai
1029 2763 1171 2871 infusi,
1200 2794 1273 2857 nec
1307 2766 1415 2857 daris
1441 2767 1545 2884 speci
1597 2796 1652 2855 us.

83 2942 88 2951 ·
212 2882 322 2973 idem
344 2886 506 2995 contigit
527 2886 567 2965 in
588 2878 774 2965 calvaria.

80 3696 83 3710 '
211 3711 297 3787 tum
313 3676 408 3765 fidei
432 3706 499 3791 rep

214 3023 430 3205 marisii}
451 2991 1075 3221 siriasiaffiz‘ssffli‘ssri
1095 3001 1444 3225 iiiiii&
1460 3022 1654 3198 nisisi-¹²:

96 3272 105 3281 ·
212 3233 320 3319 Nam
341 3224 440 3319 fider
459 3249 552 3321 tunc
573 3220 696 3325 solum
713 3227 753 3306 in
773 3250 819 3306 ea
837 3228 1045 3334 interrupta
1066 3219 1152 3327 fuit,
1173 3227 1337 3338 quando
1356 3227 1493 3312 habuit
1515 3221 1656 3311 claram

212 3330 381 3456 aliquam
407 3338 591 3423 visionem
613 3339 690 3420 Dei
715 3362 785 3446 per
804 3333 972 3448 aliquam
998 3335 1189 3422 scientiam
1214 3336 1385 3424 infusam.

329 3479 429 3556 497·
452 3458 498 3545 B·
516 3458 564 3537 V.
584 3454 719 3536 omnia
739 3448 864 3553 scinu,
904 3476 993 3561 quae
1024 3453 1210 3540 credidita
1252 3460 1290 3535 δι
1319 3458 1450 3536 omnia
1475 3453 1653 3551 eredidit,

212 3593 300 3684 φιτ
317 3565 437 3652 scivit.
489 3570 594 3650 Nam
610 3560 732 3649 infufi
750 3558 975 3674 theologica
995 3559 1150 3648 scientia
1173 3563 1434 3650 credibilitatis
1452 3568 1653 3680 mysterio·

502 3701 580 3763 erra
602 3674 678 3764 fuit
707 3684 749 3763 in
772 3682 816 3762 B.
835 3681 993 3791 Virgine
1016 3682 1057 3760 in
1092 3675 1348 3765 sublimissimo
1379 3682 1527 3794 gradu,
1542 3708 1654 3797 pura

212 3821 389 3896 exeaturae
425 3788 613 3906 posibili.
1432 3890 1435 3897 ¹
1511 3899 1513 3903 Δ
1568 3845 1573 3853 -

233 3956 255 4005 r.
322 3927 432 4011 m.-
449 3904 593 4013 lnjfide
612 3908 737 4017 attigit
757 3897 914 3990 ultimos
935 3900 1076 4009 limites
1099 3904 1357 4017 perfeuionis.

276 4022 420 4126 '‘503.
446 4012 543 4132 Spes
570 4022 623 4105 esi
644 4018 873 4105 desiderium
902 4014 1184 4132 consequendae
1209 4021 1469 4116 beatitudinis.

1555 4147 1648 4238 506.
