3796 4994
214 298 313 403 ¹94
516 267 718 369 meur.
737 270 783 369 r.
805 238 1056 397 aristion
1070 262 1317 403 rerumg.

210 475 272 560 tis
289 473 482 557 historiam
498 476 650 560 conflat
685 478 775 557 Hoc
795 478 910 586 padio
932 472 1060 585 pastor
1079 476 1226 586 peritos
1240 468 1334 557 fecit
1355 468 1577 575 veneficos,
1590 474 1659 589 qui

210 586 333 701 long&
349 582 476 697 plures
497 581 712 698 aliquando
730 589 947 682 instituent,
968 584 995 669 sr
1023 590 1300 698 imaginatione
1331 582 1427 669 forti
1459 591 1502 671 δι
1533 588 1660 673 vivida

212 703 361 815 praediti
384 700 434 783 ab
464 701 654 807 ejusmodi
676 696 816 783 fabulis
838 699 1034 785 narrandis
1062 727 1138 811 pte
1157 702 1301 785 timore
1320 726 1405 783 non
1429 724 1659 787 terreantur.

212 820 350 913 Nemo
373 814 441 910 est,
506 818 543 896 ui
564 809 704 897 nesciat
724 808 871 897 fabular
890 808 1101 913 lemurum,
1125 816 1165 897 δι
1186 816 1423 923 {penitorum
1444 818 1502 898 ita
1519 840 1661 901 terrere

213 925 396 1022 infantes,
422 840 552 1011 urdoii
574 931 612 1009 δι
637 927 861 1011 intenebris
883 952 1039 1010 rnanere
1064 953 1146 1011 non
1171 925 1322 1039 poiirnt.
1406 928 1531 1017 runc
1559 934 1659 1013 enim

215 1068 304 1125 cunr
323 1040 521 1123 cerebrum
543 1036 656 1124 nuliis
673 1037 855 1124 afficiatur
877 1042 968 1123 vesti
996 1044 1039 1121 iis
1056 1038 1082 1125 ai
1097 1065 1207 1153 parte
1231 1042 1481 1147 objedtorum
1533 1047 1662 1155 rtien-

215 1157 346 1257 tium,¹
360 1155 556 1265 vestigium
589 1149 756 1265 ipsorum
781 1153 943 1238 cerebro
967 1068 1108 1238 debila
1133 1180 1215 1264 ope
1238 1146 1460 1265 impreiium
1491 1070 1549 1239 de
1568 1160 1661 1241 inre·

217 1292 292 1467 Ero
312 1270 499 1377 aperitur,
520 1294 594 1350 nec
615 1268 703 1353 rari>
725 1266 828 1350 adeo
848 1268 1118 1363 vehementer,
1143 1290 1187 1350 ut
1210 1263 1398 1377 spectrum
1429 1262 1660 1381 descriptum

245 1381 287 1463 bi
309 1379 434 1463 adesse
455 1379 637 1485 judicent.
721 1380 922 1482 Ejusmodi
957 1406 1087 1463 aurern
1116 1383 1279 1463 historic
1311 1380 1399 1491 ipsu
1414 1408 1512 1465 non
1532 1382 1660 1467 obdu-

218 1516 357 1599 eunrur
381 1491 447 1576 nist
476 1518 659 1605 tanquam
697 1488 848 1578 fabule.
942 1497 1026 1601 Qui
1050 1488 1123 1577 iilis
1154 1519 1305 1578 narrant
1333 1521 1425 1577 eum
1454 1523 1544 1581 non
1573 1522 1659 1609 pra·

220 1605 383 1691 deferunt
406 1632 607 1691 externum
638 1608 839 1703 habitum,
868 1611 938 1719 qui
963 1612 1003 1689 in
1028 1612 1127 1691 veris
1158 1608 1320 1693 historiis
1349 1609 1556 1695 narrandis
1584 1614 1658 1722 geri

218 1714 341 1808 dolero
379 1725 503 1804 immo
522 1724 687 1805 narratio
711 1719 806 1832 sape
823 1716 1008 1833 ianquida
1031 1722 1068 1801 δι
1088 1717 1134 1803 fri
1166 1719 1227 1802 'da
1243 1722 1309 1805 est.
1392 1724 1497 1811 Non
1528 1728 1659 1807 mirum

72 1836 75 1843 ’
218 1836 428 1947 igiturest,
456 1834 572 1947 quod
596 1838 666 1949 qui
695 1830 734 1919 ie
758 1839 969 1919 conventui
1005 1836 1103 1917 inter
1158 1835 1356 1935 coedit,
1383 1838 1548 1949 quique·
1574 1838 1660 1931 ideo

219 1970 301 2034 rern
328 1946 570 2032 confidenter
589 1974 635 2031 ac
661 1947 790 2031 vivide
808 1972 946 2047 narrar,
973 1940 1189 2033 nonnullos
1205 1945 1275 2031 fibi
1294 1949 1470 2033 maxime
1485 1950 1661 2035 addidet

219 2062 323 2145 adeo
352 2054 465 2144 facile
491 2058 716 2172 persuadeat
739 2064 838 2144 circa
862 2085 1118 2172 omnesquae
1145 2059 1322 2145 describit
1351 2062 1661 2159 circumstantias,

222 2178 264 2257 δι
285 2175 439 2284 vestigia
460 2170 531 2257 suis
552 2169 684 2257 fimiiia
706 2179 746 2255 in
770 2171 871 2369 ipim
888 2178 1131 2259 transmittat.
1215 2178 1312 2259 Non
1335 2176 1427 2259 rard
1454 2180 1659 2289 contingit,

222 2310 267 2371 ut
293 2310 364 2397 per
383 2290 556 2400 quietern
576 2281 754 2370 nonnuili
789 2288 921 2371 omnia
940 2284 1224 2373 habeantadeo
1246 2286 1389 2385 vivida.
1411 2310 1460 2371 ιιι
1476 2314 1661 2403 αριιςι

221 2396 312 2485 fadi
329 2393 486 2484 illorum
518 2400 651 2485 exadd
676 2401 949 2497 recordentur,
1009 2425 1205 2513 uanquam
1233 2396 1426 2485 somnium
1453 2396 1559 2491 iilud
1588 2428 1660 2487 nou

221 2510 390 2599 versetur
419 2517 518 2599 circa
539 2508 733 2600 terribilia.
810 2518 909 2600 Non
937 2512 975 2595 d·
1019 2508 1081 2597 cili
1102 2541 1198 2627 ergo
1221 2515 1390 2626 negotio
1417 2510 1581 2627 poffunt
1601 2514 1661 2601 fibi

221 2624 343 2740 'aliqui
363 2629 591 2741 perluadere
606 2622 645 2713 se
670 2632 881 2713 conventui
907 2622 1135 2717 interfuisset
1165 2628 1280 2712 adid
1306 2630 1410 2711 enirn
1435 2624 1525 2713 satis
1548 2632 1614 2725 est,
1639 2626 1661 2713 fi

196 2740 425 2825 .eerebrum
456 2744 611 2853 vestigia
639 2769 709 2852 per
743 2736 921 2826 somnum
951 2736 1051 2842 facia
1088 2737 1300 2825 conserver
1399 2744 1496 2827 Nec
1532 2746 1662 2839 obstat,

224 2855 338 2968 quod
363 2854 508 2939 somnia
530 2856 656 2939 nostra
672 2882 746 2967 pro
778 2853 895 2939 rebus
927 2860 1013 2937 adiu
1043 2856 1290 2939 existentibus
1317 2880 1401 2937 non
1430 2854 1663 2955 habeamuu

224 2970 267 3052 id
291 2970 393 3052 enirn
415 2966 486 3064 fit,
513 2975 606 3080 quia
635 2964 781 3051 sumnia
807 2962 872 3051 ilia
901 2994 984 3051 non
1012 2964 1209 3077 poliuntur
1232 2960 1416 3079 colligare
1436 2994 1536 3055 cum
1558 2970 1664 3055 rebus

224 3085 324 3169 inter
350 3076 584 3194 vigilandum
614 3085 781 3193 agitatur
833 3084 923 3165 hinc
948 3083 1052 3165 enim
1073 3108 1180 3165 ruera
1201 3078 1276 3166 effe
1294 3076 1446 3165 somnia
1476 3086 1664 3198 comperi·

224 3224 322 3281 mus.
399 3196 574 3279 venefici
596 3218 728 3278 autern
750 3195 962 3306 imaginarii
981 3196 1061 3277 hoc
1081 3196 1254 3281 Criterio
1276 3193 1452 3296 iudicare
1472 3223 1560 3281 non
1582 3222 1664 3310 por·

225 3307 323 3407 sunt,
344 3335 394 3391 an
414 3304 581 3418 ipsorum
608 3333 821 3392 conventus
841 3306 886 3389 srt
905 3332 1054 3389 merum
1080 3303 1284 3391 somnium.
1370 3310 1663 3397 Conveneure·

226 3427 306 3503 nirn
329 3420 590 3503 veneficorum
609 3448 805 3533 nunquam
825 3419 988 3549 habetur
1006 3418 1076 3503 nist
1092 3426 1226 3517 nediu,
1242 3425 1280 3501 δι
1301 3446 1389 3531 quae
1408 3424 1664 3555 ira-conventu

225 3527 741 3761 {iiiiiiiiiiiii
758 3529 1109 3761 iiiiiiriii?
1128 3530 1664 3756 digitium

227 3757 492 3872 expediantur.
573 3764 663 3844 Nec
696 3764 811 3843 etiam
838 3752 987 3843 necesse
1009 3761 1076 3855 est,
1104 3784 1147 3842 ut
1169 3786 1256 3871 quae
1288 3760 1456 3845 venefici
1487 3766 1661 3877 imagina-

226 3878 273 3959 rii
296 3899 367 3984 per
398 3897 633 3957 conventum
665 3871 798 3956 vidiiie
831 3896 967 3984 putant
997 3877 1096 3957 inter
1133 3872 1170 3955 ie
1209 3870 1494 3959 connectantur
1532 3876 1659 3959 ordine

226 3985 405 4100 quodam
423 3982 606 4077 naturalia
631 3990 684 4073 ed
710 3991 815 4073 enirn
834 3989 1020 4090 maiorem
1038 3980 1250 4071 realitatem
1273 3982 1422 4097 hebere
1444 3988 1654 4081 nedum

1583 4122 1652 4213 quo
