3796 4994
588 209 801 358 sirimpio
829 220 981 326 never
995 214 1330 358 p'r'olabiiiumss¹
1590 237 1695 385 aaz·
1761 332 1765 345 ,

175 410 178 415 ’
218 429 367 523 ῦὲηῑίς
390 430 488 517 mei
512 422 651 518 faciem
681 423 923 536 immutavit,
964 439 1007 520 δι
1047 431 1287 545 infirmitates
1314 432 1356 519 ir
1383 411 1600 549 languores
1626 429 1684 519 ιδ’

219 556 351 636 anima
376 552 417 632 de
450 574 619 660 corpote
637 546 688 633 stc
705 546 860 662 repulit,
888 572 931 637 ut
953 544 1093 650 nulus,
1118 554 1190 664 qui
1209 554 1315 663 prius
1337 577 1401 666 me
1430 553 1687 667 cognoverit.-

219 665 362 750 lrabea't
389 662 581 761 dubitare,
609 667 706 776 quin
733 667 895 776 Spiritus
914 667 1056 752 Christi
1084 664 1129 751 fir
1156 669 1197 751 in
1227 658 1364 750 mede
1383 668 1686 778 uorogenitusr

218 781 284 867 Ac
319 794 389 892 per
414 780 494 863 stoc
531 774 652 863 velint
678 775 808 865 nolint
832 780 1079 866 detrahentes
1110 776 1298 865 sanditrti
1323 775 1425 864 illius
1452 785 1609 881 anime,
1638 782 1691 864 der·
1797 874 1802 885 „

219 897 427 980 mutationi
457 894 609 992 divinae,
638 921 727 1007 quae
753 896 802 977 ad
831 890 933 980 illius
947 898 1139 981 metitum
1168 898 1291 981 oritur
1317 899 1359 980 in
1382 891 1594 980 multorum
1623 898 1692 979 vi·=
1728 906 1734 911 '

219 1032 276 1107 rr,
299 1004 379 1120 ipsa
404 1009 607 1093 constituta
623 1012 677 1092 est
692 1032 814 1095 mater
828 1005 1041 1113 multorum
1058 1005 1230 1094 filiorum
1250 1005 1511 1123 spiritualium.
1569 1014 1690 1094 Huc·-
1717 1050 1721 1077 ι

218 1118 819 1327 assuuntur
850 1104 918 1324 ἓξ
967 1233 1284 1326 ,r
1309 1128 1477 1325 far
1499 1119 1680 1335 rsus
1780 1267 1783 1273 -

219 1358 354 1441 emnia
378 1295 509 1456 burla,
536 1352 666 1440 reddit
688 1267 964 1470 selurleuun‘rl
975 1357 1302 1444 deaellimatiouis
1319 1350 1484 1446 exceffu.
1519 1312 1522 1319 ι

368 1600 411 1664 2.
463 1554 729 1666 Revelatio
779 1557 1003 1668 redditur
1047 1557 1323 1700 probabilis
1368 1512 1455 1670 'ex‘
1480 1582 1673 1675 eventu

218 1723 324 1819 aut,
344 1699 525 1810 effestu
572 1700 789 1809 minimi
834 1705 1053 1844 suspecto
1091 1703 1155 1812 de
1206 1703 1432 1813 illusione
1466 1705 1680 1816 dormo.

181 1922 183 1926 Α
216 1857 314 1972 nis,
351 1867 441 1952 aut
474 1841 719 1965 hominis,
755 1894 808 1956 co
836 1865 1032 1967 videlicet,
1062 1894 1111 1953 ex
1136 1895 1222 1982 quo
1247 1862 1396 1954 nullum
1424 1871 1575 1964 homini
1608 1894 1677 1961 aut

216 1989 398 2077 doemoni
427 1983 664 2100 dignoscitur
685 1980 851 2071 evenisse
874 1987 1113 2069 antevenire
1160 1979 1299 2069 otuisfe
1315 1978 1478 2070 lucrum.
1535 1981 1674 2074 Talem

217 2109 413 2219 geminam
437 2099 613 2194 recenset
633 2104 672 2186 S.
693 2102 909 2212 Gregorius
933 2102 990 2183 M.
1013 2013 1162 2185 Homil).
1186 2121 1253 2203 38.
1279 2104 1321 2185 in
1338 2103 1485 2213 Evang.
1506 2101 1566 2186 his
1584 2130 1674 2189 ver·

217 2220 299 2306 bis:
338 2221 414 2304 Res
431 2245 518 2307 non
541 2211 662 2328 louge
684 2240 773 2299 ante
790 2217 911 2327 gestas
931 2213 1107 2315 dicimus,
1134 2210 1201 2298 sed
1222 2240 1301 2312 eas,
1320 2212 1377 2299 de
1395 2214 1540 2329 quibus
1556 2219 1673 2303 telles

219 2335 409 2431 exilium,
440 2337 575 2446 eisque
599 2327 808 2416 interfuisse
831 2327 871 2413 se
894 2326 1088 2428 referunt,
1118 2355 1393 2414 memoramus.
1474 2334 1573 2415 Tres
1602 2358 1674 2446 pa·

217 2473 277 2534 ter
301 2475 412 2534 meus
437 2445 587 2531 sorores
617 2445 767 2541 habuit,
796 2471 883 2559 quae
907 2451 1052 2529 cunsiae
1072 2468 1150 2528 tres
1170 2440 1280 2529 sacru
1304 2447 1470 2558 virgines
1494 2443 1679 2537 fuerunts

215 2591 381 2679 quarum
405 2587 480 2645 una
500 2557 697 2657 Tharsila,
722 2557 839 2643 altera
860 2559 1077 2655 Gordiana,
1096 2562 1208 2642 tertia
1222 2555 1432 2643 AEmiliana
1455 2559 1684 2647 dicebatur.'

219 2680 405 2793 Quadam
434 2683 553 2761 noste
570 2671 762 2763 Tharsrllae
789 2699 935 2760 atavus·
952 2700 1076 2772 meus,
1102 2668 1221 2774 Felix,
1248 2674 1359 2782 hujus
1388 2675 1572 2773 Romane
1599 2678 1681 2763 Ec*

216 2791 336 2881 clefiae
370 2792 538 2888 Antistes
575 2818 645 2901 per
671 2788 859 2901 visionem
895 2793 1083 2900 apparuit,
1113 2791 1232 2902 eique
1262 2786 1673 2905 manfionemflperpe·

215 2933 291 2997 tue
319 2902 497 2993 claritatis
525 2904 705 3000 ostendit,
725 2904 879 2991 dicens:
907 2909 1025 3002 Veni,
1048 2907 1143 3018 quia
1165 2927 1206 2988 te
1221 2906 1262 2988 in
1285 2903 1358 2989 hac
1377 2897 1475 2990 lucis
1501 2905 1672 2992 manlio·

216 3052 270 3113 ue
299 3018 473 3135 suscipio.
561 3026 661 3130 Que
687 3013 941 3132 ,subsequenti
972 3045 1067 3105 mox
1111 3015 1224 3103 febre
1260 3043 1442 3131 correpta
1476 3021 1528 3105 ad
1562 3023 1670 3109 diem

215 3142 392 3254 pervenit
419 3136 646 3220 exnemum.
761 3139 871 3219 Hora
898 3140 979 3238 ejus
1021 3137 1147 3218 exitus
1181 3128 1293 3219 multi
1320 3138 1391 3219 viti
1417 3131 1672 3250 foeminaque

216 3263 294 3363 ejus
331 3248 477 3338 lectum
514 3250 863 3348 circumsteterunt,
900 3254 999 3334 inter
1016 3288 1019 3295 ·
1034 3274 1133 3361 quas
1167 3253 1208 3332 δι
1244 3274 1333 3333 mea
1372 3273 1495 3333 mater
1528 3245 1668 3351 adfuit,

217 3398 305 3455 cum
331 3363 463 3467 subito
488 3359 555 3448 illa
579 3359 736 3449 tursum.
750 3358 978 3477 respiciens,
1004 3366 1170 3469 JESUM
1203 3369 1424 3449 venientem
1454 3362 1601 3479 coepit,
1626 3373 1694 3453 ἀ·

216 3511 318 3581 cum.
338 3506 481 3595 magna
516 3478 847 3564 animadversione
891 3482 1013 3592 coepit
1047 3477 1374 3568 circumstantibus
1406 3474 1571 3568 clamare
1607 3481 1667 3569 di·

216 3627 329 3687 teus:
353 3595 558 3698 Recedite,
579 3592 763 3699 recedite,
791 3595 942 3698 JESUS.
963 3593 1097 3685 uenits
1133 3618 1305 3706 cumque
1325 3597 1366 3678 in
1384 3620 1474 3681 eum
1490 3597 1670 3683 intende·

215 3741 300 3814 ret,
331 3738 460 3827 quem
481 3708 678 3811 cernebat,
703 3704 828 3813 saniir
856 3703 922 3793 illu
944 3710 1071 3793 anima
1099 3704 1264 3794 deame
1284 3703 1409 3794 soluta
1432 3711 1506 3800 este
1543 3737 1668 3799 tanta·

244 3859 294 3918 ue
321 3825 450 3913 subito
485 3823 706 3937 fragrantia.
724 3826 811 3909 miri
848 3822 986 3917 odoris
1023 3818 1069 3910 as
1089 3818 1167 3915 ersa
1194 3823 1274 3922 est,
1311 3845 1355 3908 ut
1390 3825 1471 3936 ipsa
1498 3853 1666 3942 quoque
1712 3822 1726 3841 '

214 3859 376 4033 luavitas
400 3941 645 4036 ostenderet,
669 3935 789 4052 ipsum
823 3938 1029 4023 authorem
1054 3852 1245 4024 lltavitatis
1267 3932 1422 4024 uenisse.
1464 3944 1576 4033 ,Haec
1597 3970 1669 4028 au·

213 4083 290 4152 tem
314 4058 423 4176 gessa
444 4054 530 4141 funt
551 4077 642 4153 aute
674 4056 874 4155 Dominici
902 4048 1055 4163 Natalis
1083 4053 1219 4161 ditm,
1242 4079 1329 4170 quo
1359 4045 1549 4165 trenusio
1569 4083 1668 4145 mox

290 4274 297 4279 ,
324 4165 995 4269 murmurmurmur·
1187 4166 1236 4297 ΕΙ
1272 4252 1280 4263 ,
1542 4173 1671 4261 ami.
