3796 4994
196 328 295 402 120
575 301 749 435 Reguli
773 329 829 399 ex
854 299 975 400 Carti.
1001 299 1053 399 de
1074 306 1266 400 Laurea.

127 530 130 535 ’
194 506 430 599 intimie'aut
451 498 579 591 infuso
599 502 745 592 lumine
768 506 932 620 destrper
958 504 1119 593 revelari
1152 509 1329 620 mysteria
1358 529 1425 591 aut
1446 505 1552 592 cett?
1583 531 1648 592 ex·

111 670 118 683 ·
195 621 317 735 pandi
336 622 445 723 mihi,
472 623 579 735 quati
613 626 822 736 quoddam
849 621 1093 737 largissimum
1123 621 1215 707 coeli
1244 627 1458 737 gremium,
1484 626 1527 706 δι
1554 624 1652 707 ube·

195 739 318 821 riores
343 732 535 821 desursum
564 741 725 824 influere
750 744 881 822 animo
902 741 1201 823 meditationum
1225 738 1393 833 imbres,
1424 761 1506 821 non
1531 738 1653 822 ambi·

196 877 251 964 go
272 849 448 962 sponsum
471 849 611 938 adeste.
672 855 796 969 Qtod
819 854 845 937 st
866 851 905 937 se
924 862 1063 966 pariter
1078 853 1263 937 infuderit
1279 849 1433 937 humilis
1455 853 1672 966 quadam,-

200 962 267 1050 sed
290 971 442 1080 pinguis
465 972 607 1057 intimae
629 964 852 1082 asperfinnis
876 971 1066 1069 devotio,
1089 994 1131 1051 ut
1160 996 1272 1053 amor
1294 973 1459 1080 cognitae
1484 971 1653 1053 veritatis

199 1078 448 1166 necessarium
473 1084 679 1196 quoddam
704 1084 841 1167 odium
861 1093 1037 1169 vanitatis
1056 1091 1094 1166 in
1119 1112 1186 1172 me
1207 1108 1381 1196 generet,
1408 1088 1450 1166 δι
1476 1107 1653 1167 contem·

199 1219 325 1392 ptum,
354 1224 405 1282 ne
429 1194 535 1282 forte
561 1193 715 1283 scientia
742 1200 862 1295 inflet,
893 1224 960 1284 aut
991 1194 1213 1313 frequentia
1237 1196 1494 1282 visitationum
1519 1192 1655 1282 extol·

53 1414 57 1421 .
219 1334 257 1394 at
278 1338 357 1409 me,
386 1338 480 1395 tunc
500 1307 653 1425 prorsus
675 1311 834 1425 patetne
858 1318 920 1426 agi
950 1341 1102 1397 mecum
1126 1308 1260 1412 sentio,
1289 1317 1502 1396 &Patrem
1527 1309 1654 1399 adesse

201 1453 285 1510 non
326 1426 479 1510 dubito.
563 1430 612 1511 Et
647 1431 773 1512 Setm.
807 1458 841 1512 r.
871 1431 923 1512 de
951 1433 1061 1512 Pent.
1142 1431 1298 1513 initium
1338 1427 1561 1512 revertendi
1605 1425 1654 1513 ad

67 1616 75 1628 .
201 1545 333 1625 Deum
363 1545 591 1652 poenitentia
627 1545 706 1642 est,
747 1568 868 1658 quam
910 1541 990 1629 stne
1026 1542 1151 1628 dubio
1179 1541 1325 1657 spiritus
1361 1567 1547 1658 operatur
1575 1569 1657 1628 non

201 1658 332 1740 noster
358 1654 426 1740 sed
450 1657 543 1742 Dei.

235 1929 238 1933 ,
310 1821 479 1951 Regula
533 1848 612 1940 30.
683 1809 890 1920 Etiamsi
925 1819 1006 1930 is,
1041 1821 1130 1953 qui
1167 1835 1379 1950 apparet
1423 1808 1488 1918 ad
1530 1814 1657 1950 spiri·

205 1956 360 2063 tualia
396 1965 572 2063 incitet
605 1966 776 2061 immo
815 1965 975 2061 etiam
1010 1987 1135 2060 cum
1170 1988 1261 2073 eo,
1307 1965 1387 2059 cui
1425 1981 1659 2096 apparet,

39 2104 52 2114 “
167 2098 268 2207 τε
305 2094 513 2219 efficiat,
548 2122 608 2205 ut
650 2100 683 2202 fi
729 2099 983 2208 Limnias,
1029 2095 1283 2204 Officium
1325 2097 1422 2204 &e
1467 2110 1661 2221 recitet.

156 2322 167 2341 s
208 2273 320 2348 non
357 2245 426 2346 est
461 2266 700 2360 certum,
745 2243 993 2348 visionem
1043 2271 1155 2347 non
1202 2239 1293 2346 effe
1331 2241 1362 2346 ὲ
1398 2239 1662 2351 doemone.

206 2384 323 2493 Idem
342 2386 386 2470 L.
403 2385 496 2471 CC.
518 2379 624 2496 Disp.
645 2410 709 2468 ιο.
727 2383 812 2468 Art.
834 2413 898 2481 19·
922 2384 1046 2470 Num·
1068 2406 1164 2488 854·
1223 2386 1267 2468 In
1288 2386 1381 2473 hoc,
1402 2387 1547 2496 inquit,
1563 2384 1663 2485 casu,

208 2499 382 2611 orandus
410 2501 464 2584 est
481 2505 600 2600 Deus,
620 2525 661 2584 ut
683 2492 872 2586 illuminet
888 2500 939 2586 ad
960 2496 1274 2615 cognoscendam
1295 2504 1521 2600 veritatem,
1539 2499 1568 2587 sr
1591 2501 1664 2587 bo>

207 2618 288 2702 nus',
305 2608 368 2700 vel
389 2611 512 2701 malus
530 2612 679 2729 spiritus
697 2614 752 2698 stt.
927 2610 934 2621 ’

213 2750 216 2755 ’
317 2759 485 2890 Regale
526 2790 604 2880 3¹·
647 2748 879 2867 Effeitus,
904 2753 1096 2857 etiamsi
1134 2772 1412 2891 appareant
1448 2760 1700 2870 miracu,

171 2964 178 2969 --
211 2895 344 3016 lost,
393 2907 445 3002 in
483 2893 937 3002 confirmationem
979 2891 1230 3012 falfitatis‚
1280 2920 1371 2999 aut
1409 2895 1668 2999 vifionum

211 3040 661 3147 daemoniacarum
711 3037 856 3157 editi,
909 3033 1137 3143 censendi
1178 3038 1292 3142 sunt
1341 3033 1459 3142 faur
1504 3066 1668 3174 opera

115 3190 117 3195 ’
211 3183 501 3302 doemonis,
538 3207 628 3289 aut
661 3206 817 3288 motu
852 3190 1082 3320 proprio,
1113 3205 1202 3286 aut
1232 3214 1293 3284 ex
1323 3178 1474 3317 patio
1500 3179 1672 3318 impii·-

213 3336 319 3433 cito
357 3325 578 3434 fundato
598 3334 668 3444 ‘in
718 3324 883 3464 aliqua
927 3324 1125 3429 afflone
1166 3326 1530 3463 superstitiosa,
1579 3344 1670 3429 aut

212 3471 611 3607 praesumptuosa
646 3477 938 3572 tentatione
965 3463 1076 3571 Dei.
1148 3489 1259 3574 Idem
1282 3490 1323 3573 1.
1345 3490 1438 3574 ce.
1470 3481 1580 3600 Disp.
1604 3517 1669 3574 ιο.

212 3615 301 3697 Art.
328 3633 390 3707 18.
413 3615 467 3696 N.
492 3641 589 3709 792·
614 3612 726 3694 dicit:
766 3605 953 3694 Miracula
990 3611 1109 3692 Deus·
1136 3602 1229 3687 facit
1255 3607 1294 3685 in
1328 3600 1670 3688 confirmationem

212 3723 413 3926 {pppippg
436 3752 523 3840 quae
543 3726 781 3840 praedicatur,
805 3721 869 3809 vel
888 3724 1263 3838 comprobationem
1285 3714 1490 3804 sanctitatis
1509 3712 1670 3825 alicujus
1687 3813 1692 3821 ι

188 4014 200 4035 ‘
320 3999 490 4131 Regula
529 4029 609 4121 32.
681 3950 854 4098 Potest
904 3989 1124 4094 doemon
1174 3991 1370 4120 operari
1415 3981 1671 4120 sequentia

107 4178 111 4199 ¹
213 4149 545 4276 permittente
575 4135 710 4244 Deo.¹
770 4190 807 4246 r.
837 4158 970 4244 Potest
988 4151 1258 4273 dispositiones
1277 4141 1500 4255 necefferiat
1519 4172 1674 4348 ροῃῗὲ
