3796 4994
594 327 797 427 neverat.
822 323 877 421 de
893 283 1083 459 Agreda.
1106 330 1219 424 Pars
1239 332 1297 424 ΙΙ.
1567 259 1670 457 pop
1805 416 1844 471 f

239 596 243 605 .
345 551 442 627 eos.
471 534 625 641 Quarto
644 528 709 614 die
724 554 981 641 pervenerunt
1002 533 1044 617 in
1071 532 1262 615 civitatem
1281 527 1399 634 Judar
1442 531 1483 612 in
1503 554 1582 642 qua
1599 530 1667 618 ha·

223 647 401 733 bitabant
422 648 619 729 Zacharias
650 639 923 730 &Elisabeth
1004 647 1097 728 Hoc
1126 667 1208 728 erat
1232 647 1433 755 proprium
1443 655 1600 727 'nornen
1619 641 1683 731 il·-

220 760 296 847 lius
317 757 398 846 loci
422 768 528 863 juxta
546 752 822 867 Evangelistam
852 759 1016 858 Lucam,
1040 761 1110 868 qui
1126 752 1267 840 'locum
1305 751 1416 841 illum
1449 761 1667 845 nominauit

219 876 349 982 Juda,
382 876 559 987 quamvis
583 879 813 980 Interpretes
845 873 1102 956 communiter
1129 869 1389 969 crediderint,
1417 894 1562 954 nomen
1585 874 1666 958 hoc
1768 970 1778 988 ι

222 1018 304 1074 non
328 983 403 1072 else
428 988 628 1098 proprium
647 980 739 1083 loci,
763 979 830 1068 sed
861 987 1053 1096 regionis,
1081 1008 1220 1095 utpote
1252 1012 1346 1096 quae
1374 1006 1538 1067 vocatur
1564 985 1674 1089 Juda-

221 1101 287 1191 seu
305 1102 450 1205 Judaea.
512 1099 611 1182 Mihi
626 1121 755 1182 tamen
773 1094 987 1183 revelatum
1007 1099 1073 1194 est,
1098 1121 1243 1183 nomen
1267 1100 1349 1183 hoc
1368 1092 1443 1181 esse
1464 1102 1665 1209 proprium

221 1216 341 1313 urbis,
367 1220 407 1298 in
430 1239 509 1326 qua
532 1210 719 1296 habitavit
742 1213 940 1297 Zacharias
965 1216 1006 1293 dc
1031 1205 1233 1295 Elisabeth.
1303 1204 1429 1296 Causa
1453 1233 1583 1295 autem
1606 1237 1665 1296 er·
1739 1228 1740 1233 '

220 1320 1662 1554 idelis„il‘zhi‘thhltll2l¹¹⁸rsslt⁰3lih³lhl⁸³⁰hl

379 1498 392 1538 ,
1476 1497 1488 1522 .

221 1532 320 1669 ergo
338 1538 569 1666 Imetptetes
594 1548 697 1636 nulla
723 1557 933 1664 repererint
956 1558 1038 1656 elus
1061 1552 1166 1665 orbis
1193 1552 1375 1667 vestigia,
1391 1549 1660 1655 crediderunt,
1785 1527 1794 1545 ⁸

220 1662 498 1782 Evangelistam
524 1693 575 1750 eo
599 1668 760 1749 nomine
777 1663 983 1778 deligntsse
1000 1670 1214 1777 regionem.
1231 1701 1239 1747 .·

337 1810 430 1880 209.
459 1782 564 1866 Cum
586 1779 926 1864 obedientiamihi
947 1782 1165 1886 injunxerit,
1181 1777 1341 1865 uthans
1360 1804 1458 1873 rem,
1485 1805 1572 1891 quar
1587 1784 1660 1867 mi·
1697 1834 1700 1839 -

212 1924 260 1982 ra
280 1897 403 1983 videri
422 1892 550 2005 poffit,
574 1897 693 2005 tnagis
718 1887 919 1990 illustrent,
938 1893 1051 1989 dico,
1077 1891 1191 2005 quod
1215 1892 1357 1977 domus
1382 1892 1569 1978 Zachariae
1587 1896 1659 1978 ste·

218 2015 305 2095 terit
323 2014 361 2093 iu
386 2009 530 2092 eodem
553 2003 668 2107 loco,
690 2009 732 2089 in
755 2032 840 2118 quo
866 2033 968 2091 nunc
991 2005 1016 2090 d
1041 2008 1259 2118 ‚peregrinis
1290 2005 1472 2091 invifitut.
1552 2010 1659 2093 Nam

217 2128 394 2234 quamvis
419 2120 509 2205 urbs
525 2120 625 2222 Juda
647 2123 799 2232 penitus
828 2118 1045 2216 eversa-fit,
1071 2121 1192 2209 oeus
1210 2143 1342 2205 tamen
1369 2147 1453 2207 non
1475 2117 1658 2230 permiste

211 2262 261 2329 ut
285 2233 392 2322 simul
404 2239 546 2346 periret
571 2232 652 2319 loci
671 2238 882 2334 memoria,
902 2232 1095 2343 prioribus
1127 2233 1352 2323 Christianis
1368 2260 1428 2323 ex
1454 2235 1583 2332 divina
1612 2229 1659 2320 ils

212 2349 495 2438 lustratione&
515 2351 723 2431 traditione
743 2354 968 2430 memoriam
992 2345 1282 2433 renovantibus.

331 2490 431 2549 aro.
457 2461 525 2546 Ad
547 2467 731 2561 malorem
757 2459 950 2545 didoruu'r
973 2456 1521 2560 illustrationemmotandum,
1542 2461 1678 2575 quod¹

215 2577 381 2662 doemon
404 2578 677 2686 postmortem
703 2574 846 2659 Christi
871 2568 1116 2685 summopere
1140 2596 1303 2659 conatus
1326 2571 1370 2657 fit
1393 2570 1551 2658 abolere
1571 2604 1656 2661 me,

214 2694 377 2776 moriam
393 2689 585 2775 Christi&
601 2693 649 2796 Β,
671 2692 718 2771 V.
739 2687 837 2769 ideo
855 2683 963 2784 fecit,
986 2711 1029 2777 ut
1047 2687 1087 2782 S.
1105 2685 1216 2771 Crux
1237 2682 1552 2779 de‘sodereturin
1577 2714 1653 2773 ter-

213 2832 268 2900 ra,
298 2809 337 2887 δι
360 2807 401 2886 in
428 2801 587 2886 Persram
616 2803 748 2911 postea
777 2800 1056 2913 deportaretur.
1141 2803 1243 2884 Hinc
1276 2803 1392 2885 etiam
1416 2805 1533 2887 toties
1561 2803 1655 2890 Do'·

207 2945 300 3003 mus
319 2920 528 3002 Lauretana
550 2913 600 2996 ab
619 2909 765 3026 angelis
782 2910 960 3001 translata
977 2917 1052 3012 est,
1078 2918 1173 3028 quia
1194 2913 1358 3021 doemon
1381 2921 1458 3015 iarn
1484 2922 1653 3000 concita-

212 3018 321 3116 vera‘t
342 3035 489 3115 vicinos
508 3027 715 3141 quosdam,
741 3050 785 3110 ut
811 3053 895 3112 eam
919 3028 1167 3113 destruerent.
1247 3030 1303 3111 Ex
1335 3025 1520 3112 consmili
1547 3026 1655 3112 suro:

212 3174 256 3231 re
276 3141 440 3229 Luciferi
463 3142 552 3227 urbs
570 3146 692 3227 Vetus
711 3139 815 3242 Juda
829 3142 967 3250 partim
989 3141 1040 3224 ab
1053 3135 1191 3225 incolis
1212 3138 1287 3224 suit
1301 3135 1493 3239 derebus,
1513 3146 1653 3248 partim

214 3289 261 3343 ex
282 3252 364 3342 aliis
380 3253 600 3341 infortuniis
626 3254 827 3350 destructa,
845 3280 918 3337 nec
939 3277 1070 3340 tamen
1085 3252 1410 3367 DEuspermifit,
1434 3277 1478 3340 ut
1496 3255 1658 3341 Domus.

214 3373 399 3456 Zacharia
417 3363 586 3453 totaliter
613 3368 878 3451 destrueretur.
1022 3388 1026 3412 ²
1184 3382 1188 3391 '
1533 3448 1537 3453 .

331 3512 425 3569 ιιι.
457 3477 526 3567 llla
556 3479 645 3565 urbs
669 3480 776 3583 Juda
803 3477 965 3575 distabat
984 3475 1225 3595 Jetosolyml
1250 3480 1407 3566 duobus
1430 3475 1652 3569 milliaribus

214 3593 337 3683 versus
365 3593 523 3693 locum,
546 3595 614 3678 ubi
638 3599 759 3677 oritur
787 3621 834 3677 ex
857 3592 1058 3681 montibus
1079 3599 1217 3680 fluvius
1246 3601 1390 3687 Horec.
1469 3599 1561 3680 Post
1584 3624 1652 3680 ua·
1762 3674 1767 3681 .

214 3717 398 3797 ciuitatem
419 3713 460 3794 S.
477 3713 639 3810 Joannis
659 3710 699 3791 S.
716 3700 906 3791 Elisabeth
928 3707 1065 3791 habuit
1090 3705 1382 3805 revelationem,
1403 3709 1516 3819 quod
1539 3710 1650 3796 brevi

212 3851 350 3937 magna
385 3818 476 3909 esset
512 3820 640 3906 sutura
676 3815 804 3904 clades
838 3816 1038 3917 infantium
1077 3849 1146 3932 per
1191 3826 1369 3906 viciniam
1412 3818 1651 3910 Bethlehem.
1818 3918 1821 3923 ,

212 3946 424 4048 Propterea
461 3963 549 4020 cum
580 3934 773 4021 Zacharia.
787 3937 826 4017 de
862 3935 906 4039 st,
933 3939 1089 4038 Joanne
1126 3930 1264 4021 seceffit
1292 3940 1334 4021 in
1370 3936 1558 4036 Hebron,
1587 3934 1655 4021 lo·.

214 4080 304 4140 cum
328 4058 425 4138 uelo
452 4045 673 4139 milliaribus
697 4041 928 4158 letoiohma
957 4044 1156 4154 diffisum
1192 4076 1283 4140 nam
1317 4075 1407 4140 eum
1434 4043 1552 4136 esseut
1580 4048 1652 4174 ‘di-
1823 4084 1833 4104 s

1551 4181 1650 4248 Vll&
