3796 4994
323 277 420 366 282
714 255 993 386 'Regularum
1030 253 1355 355 nummarium.

318 461 382 551 lia.
424 490 476 566 ις.
506 463 689 543 Orantem
710 460 761 540 ita
780 455 817 542 se
840 457 984 543 debere
1007 455 1233 572 recolligere
1248 463 1289 543 in
1308 452 1498 571 prasentia
1520 454 1612 558 Dei,
1628 484 1669 544 ut
1689 490 1761 547 nec

320 573 499 663 discurrat
520 599 594 662 nec
613 572 831 668 meditetur,
852 578 982 656 necin
1003 576 1142 658 Christi
1164 573 1347 685 paffione,
1370 572 1492 657 multo
1522 580 1645 657 minus
1664 580 1702 657 in
1723 608 1765 663 e-

322 698 379 801 jus
398 690 655 775 Humanitatis
683 691 907 798 cognitione
928 691 1165 770 immoretur.
1226 703 1262 771 6.
1284 682 1410 772 Nullo
1437 689 1563 771 modo
1593 717 1765 800 unquam

323 803 400 891 elle
413 801 601 889 utendum
615 800 861 912 imaginibus,
877 820 919 883 ut
943 805 1030 914 quis
1049 799 1087 885 se
1105 805 1142 884 in
1161 806 1378 886 orationem
1398 799 1624 915 recolligat·
1669 834 1707 899 7.
1729 806 1764 888 Α

323 923 465 1039 quovis
488 946 536 1001 ex
561 940 696 1000 eorum
722 911 1025 999 llluminatorum
1056 943 1218 999 numero
1249 915 1397 1027 semper
1420 943 1464 1000 ac
1486 915 1635 1028 singulis
1660 921 1766 1002 horis

289 1037 299 1058 ‘
323 1033 366 1121 id
391 1025 672 1139 videriposle,
707 1028 820 1140 quod
855 1027 905 1112 ab
938 1026 1020 1140 ipso
1049 1037 1123 1136 jam
1155 1028 1269 1114 semel
1291 1035 1329 1113 in
1352 1035 1528 1113 oratione
1551 1030 1665 1114 visum
1699 1037 1763 1117 est.

328 1166 368 1242 8.
396 1150 498 1232 Non
523 1140 598 1227 elle
619 1142 888 1226 obediendum
919 1141 1112 1253 Episcopo
1144 1169 1209 1226 aut
1232 1139 1339 1228 alteri
1370 1148 1578 1254 Superiori,
1608 1142 1766 1229 sralicui

325 1266 555 1349 Orationem
579 1252 785 1340 mentalem
804 1256 1028 1369 prohibeatr
1054 1257 1323 1368 nequidem,sr
1343 1257 1385 1341 id
1404 1254 1472 1341 sub
1493 1260 1767 1345 Excommuni·

325 1381 480 1463 catione
510 1371 694 1456 inhibeat.
754 1399 793 1464 9.
820 1379 917 1477 Quo
942 1395 1119 1481 tempore
1144 1368 1321 1455 facienda
1344 1374 1398 1456 est
1416 1377 1554 1454 Oratio
1575 1371 1765 1476 mentalis,

324 1517 488 1595 uxorem
512 1514 595 1572 non
620 1488 743 1569 teneri
768 1485 932 1568 obedire
956 1491 1042 1567 viro
1058 1489 1289 1596 praecipienti
1308 1480 1357 1570 ali
1390 1486 1468 1585 uid,
1487 1487 1601 1598 quod
1621 1491 1767 1571 oratio-

306 1632 417 1690 ‘nem
435 1601 635 1713 impediat.
694 1613 756 1681 ιο.
773 1600 951 1681 Orationi
965 1595 1123 1682 mentali
1135 1625 1312 1687 vacantes
1325 1515 1389 1683 vel
1400 1626 1562 1710 peccare
1577 1628 1659 1687 non
1674 1629 1768 1716 pos-

246 1768 253 1774 ·
324 1715 377 1819 se,
402 1713 465 1805 vel
484 1708 746 1799 difficillimum
767 1709 854 1808 elle,
878 1712 992 1825 quod
1018 1737 1193 1824 peccent.
1249 1717 1360 1799 Laut.
1385 1717 1430 1798 R.
1453 1742 1489 1797 1.

442 1825 585 1961 Regula
617 1856 682 1922 19.
740 1825 915 1934 Quando
935 1830 1021 1936 post
1045 1827 1321 1912 revelationem
1344 1829 1467 1911 homo
1492 1827 1545 1911 nil
1564 1824 1669 1912 aliud
1690 1828 1766 1914 bo·

326 1947 369 2030 ni
387 1967 594 2056 experitur,
616 1940 683 2024 nisr
702 1938 817 2054 quod
834 1942 1103 2052 experiebatur
1121 1946 1162 2024 in
1180 1938 1260 2026 aliis
1281 1940 1673 2053 contemplationibus
1688 1972 1765 2026 non

327 2060 525 2154 exstaticis,
547 2082 627 2139 neo
639 2081 726 2137 cum
749 2057 882 2159 majori
898 2055 1113 2141 devotione
1139 2055 1189 2136 ab
1211 2082 1257 2137 ea
1284 2057 1497 2151 revertitur,
1531 2057 1676 2167 fignum
1701 2060 1768 2155 est,
1892 2099 1894 2102 >

325 2199 409 2258 non
432 2166 542 2254 fuisse
561 2170 742 2252 divinam.
798 2167 856 2250 lb.
880 2175 926 2251 R.
952 2183 1015 2254 16.
1164 2266 1166 2271 Ι

439 2282 585 2401 Regula
615 2308 681 2366 20.
739 2277 1027 2375 Revelariones,
1050 2282 1089 2360 in
1118 2277 1260 2390 quibus
1284 2272 1433 2392 aliquid
1455 2276 1661 2365 consulitur
1683 2310 1768 2368 non

326 2398 548 2486 ordinatum
569 2397 620 2480 ad
638 2396 804 2490 bonurn,
827 2422 908 2478 non
927 2389 1011 2478 sunt
1029 2391 1054 2478 a
1072 2394 1178 2478 Deo.
1232 2391 1290 2478 lb.
1310 2397 1354 2477 R.
1377 2423 1440 2492 17.

446 2508 590 2630 Regula
620 2539 687 2594 21.
741 2502 956 2605 Revelatio,
976 2535 1063 2621 quae
1080 2511 1260 2592 inanimo
1277 2511 1416 2592 excitat
1432 2532 1561 2594 motus
1575 2507 1769 2622 superbia,

323 2655 408 2734 non
434 2629 487 2713 est
512 2629 536 2711 a
563 2628 668 2707 Deo.
726 2621 783 2705 lb.
801 2622 846 2705 R.
873 2653 938 2725 25.

434 2735 579 2855 Regula
610 2766 676 2820 22.
730 2730 1023 2830 Revelationes,
1049 2761 1135 2846 quae
1154 2734 1341 2817 inducunt
1366 2732 1664 2819 delectationem
1689 2735 1769 2820 sen-

324 2850 471 2943 sibilem
491 2858 531 2937 in
553 2876 680 2952 carne,
699 2875 779 2932 non
804 2845 927 2934 sunta
953 2852 1058 2931 Deo.
1117 2848 1173 2929 lb.
1198 2854 1243 2929 R.
1265 2863 1330 2932 26.

439 2964 584 3086 Regula
613 2994 682 3068 23.
738 2959 1027 3058 Revelationes,
1051 2966 1091 3044 in
1116 2962 1258 3072 quibus
1283 2990 1367 3046 non
1388 2963 1591 3048 intercedit
1608 2966 1768 3047 honesta

203 3178 211 3194 ¹
321 3087 498 3199 gravitas,
517 3109 602 3165 non
624 3076 708 3163 sunt
729 3075 759 3162 a·
775 3079 880 3160 Deo.
935 3077 992 3161 lb.
1017 3077 1061 3160 R.
1082 3104 1147 3180 27.

256 3207 283 3241 ·’
304 3264 307 3268 ,
439 3192 584 3314 Regula
615 3211 681 3294 24.
739 3189 915 3304 Quando
938 3186 1124 3274 revelatio
1143 3182 1307 3299 impellit
1324 3191 1374 3272 ad
1393 3187 1541 3302 aliquid
1570 3216 1656 3273 cum
1677 3216 1768 3298 prae-

230 3311 231 3316 ‘
324 3314 533 3423 cipitantia,
551 3306 895 3422 inquietudine,ac
912 3303 1082 3419 quadam
1105 3307 1341 3416 impatientia
1360 3306 1411 3388 de
1437 3330 1591 3405 eventu,
1611 3332 1691 3387 non
1714 3305 1767 3387 est

210 3507 215 3513 .
320 3421 476 3528 ={Deo
534 3422 592 3507 lb.
615 3424 660 3505 R.
689 3431 755 3506 28.

436 3533 579 3652 Regula
608 3564 673 3640 25.
727 3529 1025 3630 Revelationes,
1054 3558 1142 3646 quar
1166 3555 1247 3615 non
1269 3535 1434 3616 excitant
1457 3530 1508 3614 ad
1539 3525 1769 3641 spiritualem

320 3649 553 3764 profestum,
576 3642 642 3731 sed
659 3647 809 3732 tantdm
831 3648 882 3732 ad
904 3643 1152 3761 temporalia,
1170 3672 1251 3730 non
1265 3642 1349 3729 sunt
1369 3645 1393 3730 a
1410 3648 1512 3729 neo.
1567 3646 1625 3728 lb.
1637 3651 1684 3726 R.
1706 3674 1770 3746 34.

435 3758 580 3879 Regula
611 3776 676 3845 26.
733 3759 842 3846 Idem
862 3761 1087 3857 dicendum,
1107 3758 1135 3842 st
1159 3755 1309 3871 aliquid
1340 3753 1539 3846 consulant
1566 3783 1700 3843 contra
1725 3759 1770 3842 fi-

323 3872 427 3976 dem,
452 3899 518 3957 aut
543 3900 678 3959 contra
699 3874 831 3961 bonos
853 3903 996 3962 mores.
1055 3875 1112 3958 lb.
1135 3880 1183 3957 R.
1205 3902 1269 3974 34.
1494 3947 1497 3953 Δ
1655 3938 1660 3948 .

435 3985 580 4107 Regula
596 4019 665 4096 27.
688 3991 797 4082 idem
809 3989 1030 4100 dicendum,
1049 3986 1251 4080 iiinvitant
1268 3985 1319 4076 ad
1334 3982 1561 4100 superbiam.
1576 3989 1630 4074 lb.
1642 3989 1686 4186 is
1704 4014 1769 4087 34·

1536 4122 1538 4127 ·
1681 4125 1768 4218 egu-
