3796 4994
367 292 369 301 ’
494 324 915 424 Beneventum.
938 323 1383 463 AlariaedeAgreda,
1456 364 1465 385 ⁸
1556 357 1652 454 225

213 532 282 618 ios
303 526 443 615 eximie
464 526 618 615 clodos.
701 532 837 642 ltaque
863 557 938 614 nec
966 525 1118 616 censura
1142 554 1209 616 aut
1238 528 1517 641 proscriptione
1539 527 1658 641 digna

213 645 370 754 videtur
398 635 600 729 necessaria
625 669 675 727 ex
701 637 773 726 illo
799 647 991 755 principio
1019 641 1279 740 'consecutio,
1304 643 1424 757 quod
1456 669 1538 749 non
1566 668 1659 753 pos·

217 753 409 840 ornem
427 779 597 838 creatura
627 752 836 866 persedior
858 761 905 839 Β.
926 759 1096 870 Virgine.
1181 758 1302 843 Certe
1332 759 1432 866 hanc
1467 749 1701 847 renuam

218 895 305 953 non
335 866 525 953 deberent
550 868 771 979 approbare
794 867 1067 970 Leubniziani,
1104 897 1272 983 quotum
1301 896 1430 970 nunc,
1458 861 1663 983 presertim

217 985 259 1065 in
276 984 485 1066 Germania
500 985 597 1068 iuter
615 977 816 1097 Wolfianae
832 977 1088 1095 Philosophiae
1103 986 1318 1070 Sedatores
1337 985 1391 1068 est
1405 1006 1544 1094 magna
1561 974 1665 1093 pars,¹

218 1094 419 1179 Secundo.
473 1095 571 1177 Non
595 1093 748 1179 videtur
775 1090 929 1183 censura
957 1096 1134 1209 dignum,
1162 1097 1278 1209 quod
1304 1121 1444 1182 omnes
1470 1092 1665 1209 praerogai

219 1211 307 1290 tivae
328 1210 366 1288 dt
390 1203 588 1319 privilegia
608 1211 652 1292 B.
670 1211 719 1290 V‘
765 1212 836 1292 inis
857 1207 1078 1298 deriventur
1095 1237 1144 1294 ex
1168 1206 1414 1295 Immaculata
1434 1213 1663 1316 conceptio·

219 1345 284 1402 ne.
366 1322 473 1402 Nam
509 1234 853 1430 suppositauscmel
883 1317 1129 1407 Immaculata
1161 1333 1423 1436 conceptione
1453 1314 1662 1405 necessario
1748 1369 1754 1375 ·

221 1424 496 1542 consequitur,
540 1432 680 1516 ordine
723 1437 961 1518 executionis
998 1463 1135 1521 onmes
1173 1432 1264 1521 alias
1299 1432 1479 1548 speciales
1524 1434 1663 1546 gratias

223 1549 266 1629 Β.
288 1547 438 1655 Virgini
462 1539 623 1629 collatas
647 1544 698 1628 ad
719 1542 1004 1635 immaculatam
1034 1555 1348 1661 conceptionem
1378 1573 1560 1662 tanquam
1585 1549 1663 1658 pri·

222 1669 326 1740 main
351 1652 639 1768 dispositionem
663 1660 861 1774 consequi.
939 1665 1045 1747 Cum
1066 1689 1109 1747 er
1137 1691 1163 1749 o
1191 1661 1374 1748 sententia
1395 1663 1447 1744 de
1476 1660 1674 1743 Immacu·'

222 1772 299 1854 lata
321 1773 581 1882 conceptione
608 1776 651 1856 B.
670 1776 836 1885 Virginis
856 1801 940 1881 non
968 1773 1012 1859 srt
1032 1690 1183 1867 censura
1204 1798 1271 1860 aut
1299 1769 1581 1887 proscriptione
1603 1771 1663 1855 di·

221 1909 313 1997 gna‚
337 1886 378 1967 dt
408 1887 506 1971 Ven.
529 1889 653 1969 Maria
675 1886 728 1969 de
747 1885 907 1999 Agteda
933 1884 986 1971 nil
1010 1885 1117 1985 ¹aliud
1147 1886 1239 1976 velit
1275 1888 1429 1983 dicere,
1467 1884 1587 2000 quim
1614 1910 1663 1968 ex
1723 1892 1727 1901 '

223 1991 473 2081 immaculata
503 1999 779 2110 Conceptione
800 2003 963 2086 derivati
990 1996 1158 2116 reliquas
1190 2005 1328 2116 gratias
1353 2001 1492 2085 ordine
1516 2024 1663 2103 ‚execu-

224 2112 357 2208 tionis,
381 2115 420 2193 dc
439 2135 626 2224 tanquam
652 2141 700 2196 ex
726 2117 848 2224 prima
870 2110 1142 2225 dispositione,
1171 2144 1244 2201 nec
1265 2118 1333 2199 ista
1359 2111 1576 2226 propositio
1605 2112 1665 2194 vi·

223 2222 339 2308 dctur
357 2218 511 2307 censura
534 2225 662 2336 digna.
744 2231 870 2311 Immo
894 2228 1038 2313 etiamst
1060 2256 1107 2314 ex
1124 2223 1368 2313 Immaculata
1391 2228 1666 2336 conceptione

226 2335 445 2424 dicerentur
472 2335 657 2451 consequi
681 2333 839 2452 reliqua
858 2344 1011 2452 gratiae,
1040 2371 1122 2428 uon
1139 2342 1286 2427 tantum
1304 2364 1492 2453 tanquam
1519 2338 1666 2531 expri-

204 2477 292 2555 *tna
320 2449 679 2560 dispositione,‚sed
714 2457 828 2536 etiam
860 2479 1045 2566 tanquam
1076 2484 1124 2540 ex
1150 2461 1324 2556 motivo,
1356 2482 1407 2538 ne
1430 2452 1479 2537 src
1502 2454 1571 2564 qui
1601 2474 1665 2532 em

225 2563 443 2676 propositio
470 2562 574 2649 foret
611 2562 768 2649 censura
807 2566 924 2677 digua
961 2564 1227 2679 ptaesupposrta
1265 2562 1381 2655 semel
1418 2556 1668 2679 Immaculata

225 2682 508 2789 conceptione,
599 2684 633 2761 ia
663 2706 745 2763 non
776 2680 984 2765 dedeceret
1013 2685 1153 2765 DEum
1183 2677 1393 2776 manifeste,
1423 2675 1605 2763 srfineret
1626 2670 1666 2779 se

226 2794 379 2876 moveri
396 2792 544 2883 adcon
564 2793 745 2876 erendam
766 2800 1045 2879 maternitatem
1067 2794 1156 2879 huic
1175 2799 1306 2906 potius
1329 2787 1498 2904 persona
1515 2817 1564 2875 ex
1579 2812 1668 2873 tuo-

229 2908 330 3000 tivo,
353 2906 467 3015 quod
485 2932 571 2988 eam
602 2907 731 2988 videat
757 2914 843 2990 adiu
863 2907 1060 3018 praeditam
1081 2934 1126 2993 ea
1148 2911 1313 3020 puritate
1333 2898 1524 3019 originali,
1547 2926 1667 3015 quant
1829 2941 1830 2944 ¹

229 3010 285 3099 illi
313 3013 476 3101 contulit
497 3022 636 3103 intuitu
673 3017 921 3104 conferendae
947 3016 1001 3105 illi
1024 3017 1237 3134 aliquando
1270 3021 1536 3106 maternitatis:
1572 3014 1666 3102 ficut·

228 3125 421 3241 fisponsae
450 3125 499 3213 eli
528 3132 636 3215 enda
665 3131 833 3215 donatur
861 3129 1026 3243 pretiosa
1050 3135 1163 3219 vestis
1188 3139 1343 3232 intuitu,
1371 3129 1484 3247 quod
1513 3126 1668 3210 donans

229 3267 315 3325 eam
347 3242 416 3328 srbi
448 3159 622 3357 desgnet
657 3248 698 3326 r'n
740 3240 933 3354 sponsamr
988 3251 1133 3359 poterit
1163 3271 1295 3332 tamen
1324 3248 1376 3330 ad
1403 3235 1666 3328 contrahenda

227 3362 317 3439 actu
344 3351 527 3468 sponsalia
553 3353 660 3443 srmul
693 3366 842 3442 moveri
869 3359 1111 3473 inadequati:
1137 3387 1186 3446 ex
1214 3355 1403 3474 elegantia
1430 3350 1572 3470 sponsat
1596 3374 1668 3464 per

229 3470 238 3486 ‘
270 3462 324 3551 sas
349 3475 483 3555 velles.
590 3467 738 3554 Tertid.
792 3475 890 3558 Non
921 3474 1073 3559 videtur
1101 3469 1256 3558 certiori
1284 3497 1352 3557 aut
1386 3458 1668 3586 proscriptione

229 3497 347 3694 signa
374 3581 610 3694 propositio,
641 3608 722 3697 qua
758 3588 800 3668 Β.
827 3588 952 3694 Virgo
982 3611 1142 3670 vocatur
1170 3581 1402 3673 Medimrix
1433 3586 1582 3702 gralia,
1605 3603 1666 3665 re·

224 3698 409 3807 paratrix
435 3692 649 3820 bominum,
690 3692 909 3846 conquirite
937 3688 1074 3808 Just!
1107 3697 1342 3788 clauum.
1394 3795 1396 3800 Α
1453 3701 1566 3782 Ratio
1601 3682 1668 3791 eli,

199 3871 202 3874 ⁴
231 3814 324 3922 quia
348 3811 590 3913 vhujusmodi
628 3814 915 3922 propontiones
958 3807 1131 3897 difficiles
1148 3876 1161 3914 ,
1179 3897 1183 3903 ,
1199 3815 1405 3928 postquam
1440 3819 1516 3918 jam
1550 3800 1668 3894 semel

230 3918 298 4006 usu
340 3920 514 4008 fidelium
562 3949 724 4037 receptae
765 3949 811 4007 ac
855 3925 1029 4011 radicata
1067 3924 1178 4024 sunt,
1219 3954 1303 4010 non
1336 3924 1421 4011 sunt
1450 3919 1668 4033 simplicitet
1789 3953 1792 3958 ·

230 4039 469 4149 privatorum
507 4033 603 4121 Zelo
638 4039 852 4138 rejiciendae
883 4033 1121 4151 fimplicitet‚
1152 4062 1220 4135 aut
1251 4037 1420 4151 publice,
1442 4043 1670 4149 inpugnan-

347 4148 409 4236 D.
431 4149 478 4234 Ε.
498 4155 555 4237 A.
581 4147 626 4236 de
646 4147 821 4237 Revelui.
843 4151 945 4238 Pars
961 4151 1019 4238 lt.
1237 4151 1301 4241 Fs
1595 4144 1671 4248 dis
