3796 4994
216 290 314 359 210
520 260 721 353 neverat.
741 263 795 358 a.
815 260 1030 353 aaronica
1050 260 1103 353 ae
1127 253 1325 385 arama.
1491 228 1496 235 '

213 460 354 571 Josrph
391 462 431 543 dc
473 460 703 547 dicentetnt
749 462 885 572 Surge.
917 466 993 544 dcc.
1069 466 1151 569 Qui
1181 456 1413 573 consurgens
1440 464 1574 547 slmvit
1599 460 1664 547 as·

215 603 323 673 num,
349 580 389 655 dr
413 577 610 684 Virginem
637 601 823 657 unacum
847 602 972 685 puero
996 580 1033 657 ei
1053 576 1242 685 imposuit.
1322 582 1493 685 Accepit
1523 580 1663 687 paritet

212 686 355 797 Joseph
376 710 453 769 tres
478 683 631 769 ancillas
655 691 842 782 comites,
866 688 1065 772 deducens
1095 690 1244 773 bovum
1272 714 1360 771 cum
1377 693 1505 783 tribus
1528 684 1661 783 asellis,

214 826 317 913 quos
335 800 430 883 servi
447 800 608 910 quidam
633 800 866 912 dirigebant.
949 804 1065 885 Erant
1097 802 1189 885 asni
1218 806 1346 885 onusti
1376 804 1497 885 rebus
1520 806 1664 887 dorne·

215 917 313 999 stitis
335 960 351 978 ·
375 909 536 1025 ingressu
565 914 643 995 hoc
670 920 856 997 comitatu
882 940 1020 999 nemus
1046 912 1266 999 animalium
1293 910 1511 999 multitudo
1539 917 1662 999 diver·

216 1029 408 1139 sageneris
434 1030 603 1123 advenit,
626 1054 705 1138 qua
732 1032 864 1111 terreri
891 1024 964 1111 visa
984 1030 1110 1113 esi-li„
1125 1034 1261 1137 Virgo.-
1338 1028 1493 1114 Verum
1519 1034 1661 1115 anima·

214 1138 316 1225 libus
335 1135 703 1236 mansuescentibus,
728 1137 996 1251 infantemque
1019 1142 1271 1237 adorantibus
1303 1166 1443 1225 omnes
1471 1138 1551 1227 laeti
1572 1168 1660 1254 pro-

215 1250 489 1339 ficiscebantur.
518 1301 535 1319 ·
591 1250 670 1335 Sub
691 1248 826 1363 palmae
845 1252 979 1337 umbra
998 1250 1268 1349 consederunt,
1292 1260 1397 1359 cujus
1417 1252 1574 1341 tainum
1594 1282 1660 1339 nu·

215 1392 258 1449 tu
284 1365 438 1448 infantis
459 1360 586 1449 afferri
612 1360 681 1449 lon
710 1368 769 1449 ius
795 1362 968 1475 inspexit.
1052 1361 1260 1477 Extemplo
1283 1364 1374 1449 sons
1406 1372 1552 1481 erupit,
1580 1396 1658 1483 quo

215 1484 342 1563 omnis
362 1472 427 1562 ille
443 1482 646 1562 comitatus
675 1394 800 1563 stitus
825 1478 908 1563 satis
926 1504 1065 1567 natura
1084 1478 1196 1569 secits
1230 1508 1279 1563 ex
1309 1480 1449 1565 eadem
1483 1506 1592 1595 aqua
1622 1509 1659 1565 e·

215 1598 306 1679 tiam
331 1592 499 1703 hydrias,
523 1620 619 1705 quas
643 1588 769 1676 secum
791 1589 1020 1692 detulerant,
1040 1588 1310 1707 impleverunt.
1369 1592 1423 1677 At
1442 1598 1490 1683 B.
1523 1600 1656 1709 Virgo,

215 1708 284 1791 ubi
303 1701 512 1819 pauxillum
536 1706 709 1789 membra
730 1702 861 1818 sopori
881 1706 1004 1803 dedit,
1020 1712 1120 1791 vires
1140 1702 1327 1793 assumens
1348 1732 1416 1789 vas
1441 1712 1659 1821 quodpiam

213 1814 1065 2045 {llismikilsilll‘llidllahllll
1079 1816 1657 2043 lzhhmqs‘hl'sll‘lr

336 1994 348 2017 .
386 1980 406 1997 ·
1037 1990 1049 2029 ,
1559 1964 1582 2001 σ

214 2044 321 2145 sunt3
349 2040 453 2128 illam
474 2040 674 2129 latrunculi
694 2046 973 2143 inhabitabant,
990 2052 1058 2159 qni
1080 2074 1216 2131 omnes
1237 2040 1495 2157 fugire,saeva
1520 2002 1658 2131 aalma·

213 2150 306 2241 lium
328 2152 572 2241 multitudine
597 2159 736 2257 territi,
766 2159 1029 2273 arborumque
1056 2182 1139 2245 tuta
1166 2153 1253 2245 loca
1279 2158 1558 2261 ascendentes,
1583 2188 1655 2251 unu

216 2272 399 2383 dempto,
422 2273 491 2383 qui
512 2296 671 2355 omnem
692 2272 925 2357 Societatem
950 2270 1211 2357 humanillimi
1239 2276 1404 2385 excepit·
1471 2276 1571 2373 Eos,
1593 2278 1654 2387 qui

213 2384 405 2501 fugerant,
426 2388 578 2498 rogavit
598 2382 744 2501 Joseph
766 2382 1019 2485 descendere,
1042 2390 1080 2471 dc
1105 2384 1214 2471 suum
1232 2410 1410 2499 repetere
1435 2384 1653 2502 hospitium,

152 2534 159 2545 ·
215 2506 276 2585 cui
302 2524 499 2613 nunquam
529 2494 707 2585 assensere
733 2494 915 2585 latrones.

328 2616 372 2697 1„
402 2646 442 2712 4·
472 2612 522 2697 C.
554 2640 591 2709 7.
647 2616 690 2697 ln
719 2614 929 2697 Dominica
957 2610 1158 2698 amissionis
1181 2612 1309 2714 Jfisu.
1376 2614 1507 2699 Maria
1538 2616 1651 2717 &Jo-

188 2814 195 2831 ,
215 2720 306 2837 seph
328 2726 549 2823 statuerunt,
580 2750 621 2809 ut
639 2724 784 2809 divisam
798 2730 969 2839 quisque
982 2754 1148 2837 ‚puerum
1163 2730 1395 2839 requireret,
1413 2732 1454 2811 dt
1471 2752 1653 2815 venerunt

215 2832 352 2923 eadet‘n
376 2840 474 2921 hora
502 2842 575 2923 iter
598 2840 700 2937 diei,
733 2844 771 2921 dt
799 2838 1046 2949 requirebant
1073 2867 1163 2923 cum
1187 2842 1285 2925 inter
1312 2864 1512 2953 cognatos
1531 2850 1571 2927 dt
1587 2868 1651 2925 no·

214 2975 298 3041 tost
327 2954 371 3037 B.
393 2954 515 3063 Virgo
536 2951 701 3063 primum
732 2954 827 3039 adiit
847 2952 1010 3037 domum
1042 2950 1231 3037 Elisabeth
1261 2954 1463 3039 Zacharia.
1549 2950 1653 3041 Elisa·

213 3066 309 3151 beth
331 3068 480 3179 Virgini
514 3062 664 3150 dolenti
695 3063 734 3150 se
759 3062 900 3152 sociam
921 3066 1098 3177 praestitit.
1182 3064 1265 3149 lire
1301 3091 1434 3151 autem
1469 3066 1552 3157 uni
1586 3068 1652 3151 do-

212 3210 321 3265 mum
344 3180 466 3265 Annae
485 3183 618 3264 Matris
637 3184 683 3263 Β.
705 3184 885 3293 Virginis,
902 3206 989 3291 quae
1014 3184 1155 3291 pariter
1175 3176 1261 3263 filiae
1283 3176 1319 3263 se
1337 3186 1530 3265 comitem
1553 3184 1652 3267 ethi·

212 3292 311 3377 buit.
393 3288 536 3405 Joseph
562 3319 728 3407 quoque
756 3320 826 3403 per
852 3296 984 3376 omnia
1010 3296 1136 3377 vicina
1162 3288 1512 3405 discurrebantled
1537 3300 1577 3379 dr
1600 3290 1649 3379 as·

213 3402 310 3489 fines
339 3409 378 3487 δι
408 3408 522 3489 vicini
552 3405 712 3517 quidam
737 3404 818 3488 hoc
852 3407 959 3490 idem
986 3402 1223 3491 faciitabant.
1248 3454 1266 3472 ·
1322 3410 1427 3491 Tum
1463 3412 1647 3497 vetonica

215 3516 266 3601 ab
288 3513 444 3628 Angelo
466 3518 617 3601 ducitur
635 3517 685 3600 ad
717 3514 903 3630 templum
935 3514 1169 3604 Salomonis.
1223 3517 1284 3604 Ibi
1306 3522 1348 3603 B.
1366 3526 1498 3635 Virgo
1518 3550 1648 3639 quern·

213 3634 317 3742 piam
335 3632 482 3713 audivit
497 3630 616 3713 turbis
641 3631 855 3716 dicentem:
892 3639 929 3715 0
951 3660 1031 3716 rem
1055 3642 1216 3730 miram,
1240 3658 1283 3717 ut
1303 3660 1402 3744 puer
1422 3642 1563 3723 unicus
1586 3634 1645 3721 ad·

148 3830 155 3841 ,
213 3740 341 3828 versus
367 3766 431 3826 tot
458 3738 699 3854 legisperitos
725 3744 915 3857 disputare
933 3740 1047 3843 ausit,
1069 3774 1173 3859 quos
1195 3751 1248 3829 ita
1267 3744 1478 3847 confudit,
1501 3776 1547 3837 ut
1562 3746 1645 3835 elin

215 3884 314 3971 ques
333 3858 432 3940 laeli
460 3860 673 3943 videantur.
753 3868 808 3943 At
844 3862 895 3942 D.
931 3862 1060 3943 Mater
1100 3862 1299 3943 hominem
1334 3858 1403 3946 dili
1433 3871 1561 3953 enriats
1585 3862 1641 3947 su'·

211 3968 385 4074 scitatur,
418 3998 582 4086 temque
614 3968 766 4085 plenius
795 3968 1014 4087 mtelbgem
1049 3974 1171 4060 dixit:
1215 3976 1291 4060 Hic
1317 3975 1373 4061 est
1448 3982 1504 4065 ‘us
1532 3998 1639 4177 ξω

1572 4112 1639 4173 ern·
