3796 4994
536 245 644 382 Reg.
669 234 822 345 Praii.
841 272 900 345 ex
920 234 1126 386 Sffoara
1139 244 1193 345 de
1213 250 1361 349 Crute.
1396 377 1399 380 ‚
1514 244 1517 249 ’
1583 280 1680 385 215

219 485 341 566 nem
407 488 502 595 per
548 453 777 565 modum
830 456 1078 573 audientis
1126 488 1264 566 voco
1319 453 1688 589 allocutionem
1839 500 1876 557 ·.

217 598 624 710 intelledualem.
743 597 1138 740 perceptionem
1191 602 1256 708 ad
1307 599 1536 710 modum
1581 605 1688 713 reli·
1722 609 1737 629 “

216 775 447 885 quorum
482 745 716 849 sensuum
752 777 801 851 v.
839 779 886 884 g.
946 754 1335 885 perceptionem
1381 744 1685 861 intelledua·
1759 874 1764 881 ,

214 890 273 994 iis
309 886 527 1006 odoris,
561 887 778 1026 saporis,
815 885 1131 1028 voluptatis,
1167 921 1305 998 voco
1334 913 1586 1033 sensationen
1622 924 1687 1010 ia·

214 1023 474 1118 redeuntum.
530 1027 631 1149 ibid.
654 1035 704 1117 C.
734 1058 845 1138 23·‚
947 1102 950 1108 .

318 1229 494 1361 Regula
546 1230 595 1361 9.
675 1188 870 1331 Etiam*
897 1222 963 1332 ab
1015 1220 1093 1333 his
1146 1248 1371 1368 quatuor
1419 1230 1681 1342 visionum
1849 1333 1852 1339 .

181 1367 633 1477 ‘intelledualium
666 1365 935 1511 genetibus
979 1380 1184 1478 animus
1223 1370 1549 1511 deputandus
1586 1380 1676 1497 est,

214 1533 270 1618 ut
308 1510 511 1617 nullam
558 1507 748 1617 harum
795 1511 1061 1635 desederet,
1112 1544 1208 1621 nec
1248 1515 1333 1621 ulii
1385 1549 1564 1624 earum
1608 1516 1679 1628 af·
1849 1632 1855 1643 ,

217 1652 347 1763 festu
402 1650 689 1776 inhaereat,
745 1677 809 1763 ut
855 1657 919 1761 ste
971 1657 1036 1764 ad
1079 1658 1384 1766 essentialem
1425 1669 1678 1772 unionem
1828 1682 1831 1686 ’

217 1826 334 1906 cum
370 1780 687 1913 DEO..srnat
732 1802 783 1905 se
822 1797 961 1942 dirigi
997 1801 1100 1908 sola
1136 1800 1268 1930 fide,
1319 1786 1532 1912 obscura
1569 1815 1679 1946 qui·
1781 1918 1783 1922 ρ

219 1942 332 2048 dem
378 1937 460 2045 sed
504 1963 634 2048 tuta.
729 1968 846 2053 Ratio
875 1969 941 2064 est,
973 1970 1067 2080 quia
1095 1961 1187 2051 licet
1213 1970 1254 2050 in
1281 1966 1341 2050 his
1370 1968 1588 2053 vis-ionibus
1616 1972 1680 2056 in-

225 2079 498 2168 telleoiualibru
525 2083 723 2169 firminus
752 2077 937 2194 periculi,
968 2079 1090 2195 quim
1121 2086 1163 2166 in
1201 2081 1420 2168 visionibus
1461 2080 1678 2198 corporali·
1807 2085 1843 2171 .’

224 2195 286 2282 bus
313 2224 384 2283 aut
418 2200 695 2312 phantasticis,
728 2221 870 2311 utpote
910 2198 962 2282 ad
994 2224 1093 2310 quas
1117 2202 1244 2282 minus
1276 2201 1461 2314 pertingit
1491 2207 1674 2314 operatio

228 2309 438 2411 doemonis,
462 2312 588 2425 posset
615 2341 746 2399 tamen
774 2318 924 2412 animus
953 2315 998 2396 iis
1026 2308 1213 2426 implicari
1241 2309 1421 2413 affediu,
1460 2320 1675 2406 autetiam

232 2430 313 2513 circa
344 2455 410 2514 eas
446 2456 495 2514 ex
523 2426 588 2515 sua
614 2433 760 2516 incuria
780 2429 1032 2514 vehementer
1062 2428 1204 2541 decipi.
1264 2429 1365 2514 lbid.
1392 2432 1443 2517 C.
1466 2461 1534 2535 23.

316 2633 487 2764 Regula
530 2661 608 2732 ro.
665 2584 1024 2765 Apparitiones
1067 2621 1426 2730 Intellectuaies
1462 2584 1682 2761 poiiunt'¹

236 2769 396 2875 causari
433 2777 591 2876 etiam
630 2767 661 2874 {t
697 2768 963 2899 doemon'e.
1072 2797 1263 2905 Quamvis
1300 2795 1404 2877 enim
1444 2795 1485 2875 in
1520 2795 1674 2907 appari-

179 2902 189 2917 ‘
236 2905 321 2993 tione
350 2907 601 3007 intelleeiuali
633 2910 788 3017 objecta
822 2902 986 2993 visibilia
1017 2909 1222 2993 videantur
1243 2912 1283 2992 in
1312 2904 1434 3022 longe
1466 2912 1669 3015 majori&
1782 2952 1784 2956 ·

237 3013 372 3125 elatiore
397 3020 545 3112 lumine
573 3024 693 3141 quim
721 3029 767 3110 fit
793 3030 834 3108 in
860 3028 1105 3136 apparitione
1133 3019 1327 3137 corporali
1353 3051 1425 3139 per
1448 3019 1572 3108 sensus
1602 3050 1669 3107 ex·

235 3154 343 3225 ternos
365 3166 433 3227 aut
454 3145 698 3255 ,phantastica
723 3168 793 3255 per
816 3144 1156 3252 imaginationem,
1183 3142 1311 3253 potest
1331 3163 1462 3224 tamen
1487 3138 1685 3224 Doemon

233 3248 359 3342 uuiare
393 3251 490 3343 illud
518 3255 640 3371 ipsum
667 3261 853 3365 majus&
885 3257 1019 3338 claritis
1059 3250 1206 3339 lumen.
1264 3254 1363 3340 lbid.
1391 3261 1438 3340 C.
1470 3284 1539 3354 24.
1603 3256 1668 3338 Sic

229 3360 345 3456 habet:
382 3377 464 3457 Has
487 3377 750 3486 apparitiones
783 3364 1061 3455 intellectuales
1088 3372 1215 3482 potest
1246 3373 1414 3455 doemon
1448 3365 1600 3483 efficere
1623 3373 1667 3455 in

229 3488 332 3569 trima
367 3488 568 3573 mediante
603 3483 750 3571 lumine
790 3480 952 3571 naturali
987 3492 1027 3567 δι
1067 3489 1266 3599 phantasia
1304 3495 1417 3600 (quae
1457 3490 1594 3599 utique
1624 3490 1665 3569 dc
1783 3486 1787 3495 '

223 3592 284 3707 ph
300 3606 482 3716 aguntin
505 3597 770 3709 intellectum)
804 3600 854 3686 stc
887 3605 990 3685 enim
1016 3628 1087 3714 pet
1116 3599 1400 3713 inspirationem
1429 3597 1667 3714 ¹spiritu-alem

218 3723 350 3820 poterit
376 3718 577 3821 objediutn
595 3717 763 3803 reddere
789 3715 938 3801 clarius.
998 3722 1115 3814 Hinc,
1138 3717 1307 3828 quando·
1321 3718 1490 3804 doemon
1509 3717 1664 3801 Christo

216 3830 371 3919 ostendit
403 3837 542 3928 omnia
567 3859 686 3946 tegna
711 3835 873 3930 mundi,
900 3823 1022 3942 aliqui
1050 3836 1250 3919 Dodores
1276 3833 1439 3930 docent,
1467 3830 1510 3917 id
1538 3835 1667 3916 conti-

176 3926 195 4061 s,
210 3941 291 4056 riri:
310 3974 385 4063 per
403 3947 678 4037 immiffionem
701 3941 1015 4036 intelledudem.

824 4126 827 4132 ¹
1231 4094 1234 4101 ›
1331 4150 1336 4159 ’
1395 4150 1398 4155 ’
1491 4150 1663 4285 Regula
1835 4230 1838 4235 ,
