3796 4994
816 195 824 204 .
901 146 933 213 N

435 324 462 415 ss
491 326 846 462 Praefationes&
867 337 972 434 vita
987 339 1149 503 Maria
1166 337 1442 471 dessgredaf
1494 406 1497 419 ·
1557 312 1651 479 x49
1660 376 1720 476 5·

238 543 361 645 dusts,
381 572 476 658 qttas
494 541 622 628 secum
643 542 788 628 habuit.
844 549 898 628 Ut
914 545 1009 629 vero
1030 543 1143 628 rediit
1166 545 1391 652 ordinarius
1411 543 1690 650 confessarium

236 669 413 776 quamvis
444 660 548 743 sciret
581 657 765 769 superesse
796 657 991 769 exemplat
1023 665 1062 743 in
1094 660 1271 742 manibus
1298 662 1410 771 Regis
1432 661 1596 774 Philippi
1617 669 1687 768 IV,

234 781 429 890 praecepit,
457 801 497 858 ut
521 774 654 856 denuo
673 771 808 857 scribat
832 800 916 857 eam
938 777 1144 858 historiam.
1200 774 1280 857 Sed
1298 776 1375 885 ipsa
1398 777 1448 858 ab
1466 780 1537 858 hac
1553 783 1686 865 iterata

232 894 440 1002 scriptione
471 890 617 974 morbis
646 894 685 970 δι
718 893 827 971 variis
851 890 1203 998 perturbationibus
1232 894 1347 972 animi
1370 891 1556 1002 impedita
1585 890 1684 999 suits

232 1037 322 1093 nam
342 1002 472 1088 sanitas
492 1011 529 1087 δι
549 1008 661 1117 quies
682 1007 798 1086 animi
821 1006 871 1084 ad
894 1009 1222 1088 continuationem
1249 1006 1359 1103 buius
1380 1012 1509 1117 operis
1524 1014 1685 1092 eratne·
1734 1033 1746 1109 ᾗ

234 1117 396 1206 cessuria.
454 1121 572 1201 Anno
601 1139 708 1218 1647
728 1119 828 1200 obiit
845 1123 923 1221 ejus
940 1115 1197 1201 Confessarius
1218 1115 1433 1205 ordinarius
1458 1128 1499 1204 P.
1516 1128 1684 1208 Francis·

233 1266 300 1320 cus
328 1236 378 1319 de
401 1239 552 1328 Torre,
577 1239 645 1346 qui
663 1244 744 1329 ejus
771 1229 904 1341 scripta
922 1227 1078 1345 reliquit
1097 1238 1138 1315 in
1159 1234 1334 1317 manibus
1357 1240 1401 1319 P.
1424 1232 1684 1323 Prouincialis.

232 1349 291 1436 lssi
313 1348 474 1433 successit
494 1354 599 1460 prior
615 1345 891 1442 Confessarius,
902 1353 970 1460 qui
990 1345 1096 1459 supra
1111 1355 1185 1454 jam
1201 1352 1381 1459 praecepit
1393 1353 1570 1435 comburi
1581 1355 1684 1437 Scri·

231 1493 299 1579 pta
316 1469 456 1549 Maria.
515 1469 601 1558 Hic,
621 1488 662 1544 ut
678 1459 879 1573 intesserr'p,
889 1464 1037 1575 Scripta
1057 1460 1111 1545 sui
1128 1458 1369 1547 antecessoris
1385 1461 1559 1550 asservari
1575 1467 1684 1579 apud

232 1577 440 1674 Moniases,
457 1576 607 1684 jussit&
629 1573 693 1659 issa
711 1575 908 1683 comburis
936 1578 1048 1689 quod
1072 1583 1120 1660 dt·
1134 1580 1257 1660 statim
1279 1585 1502 1662 executioni
1523 1582 1684 1664 manda·

183 1792 194 1799 ‚
232 1722 325 1778 tum.
386 1703 490 1802 Quia
509 1696 603 1774 vero
618 1692 845 1797 Superiores
865 1719 947 1773 non
971 1718 1157 1776 venerunt
1177 1696 1216 1775 in
1240 1698 1418 1776 notitiam
1442 1696 1553 1800 hujus
1575 1693 1680 1794 faeti,

231 1808 515 1922 permansitstic
534 1802 793 1888 Confessutius
813 1809 849 1887 iu
879 1801 947 1886 suo
960 1805 1125 1888 'munere
1153 1834 1278 1916 usque
1302 1809 1352 1889 ad
1375 1806 1476 1890 suam
1498 1835 1679 1921 mortem.

230 1928 322 2008 Post
347 1930 424 2026 ejus
449 1945 614 2003 mortem
643 1949 748 2004 anno
777 1936 884 2019 1650
915 1918 1080 2004 successit
1101 1927 1144 2004 P.
1168 1922 1343 2004 Andreas
1367 1924 1418 2005 de
1439 1929 1678 2029 summatim,

230 2043 302 2149 qui
322 2046 400 2144 egit
420 2031 702 2119 Confessarium
730 2064 798 2143 per
818 2036 1038 2146 quindecim
1056 2063 1194 2129 annos,
1216 2064 1357 2148 nempe
1377 2040 1567 2150 usquead
1586 2038 1678 2121 obi·

229 2181 311 2238 tum
327 2155 467 2233 Mariae.
524 2155 598 2233 Hic
627 2147 888 2234 Confessarius
906 2154 1069 2246 iniunxit
1086 2146 1163 2244 illi,
1182 2175 1225 2231 ut
1246 2152 1378 2235 denuo
1404 2146 1540 2236 scribat
1560 2156 1678 2239 histo·

228 2273 428 2352 riamvitae
445 2273 486 2349 B.
505 2272 551 2348 V.
569 2270 607 2346 dc
627 2278 669 2347 'ut
688 2269 727 2348 io
744 2268 898 2375 Scripto
916 2265 985 2348 sibi
1007 2264 1076 2348 det
1093 2271 1282 2348 rationem
1303 2294 1440 2349 eorum
1462 2268 1675 2367 donorum,

230 2411 316 2494 quae
343 2386 501 2488 accepit.
559 2380 668 2462 Idem
694 2381 861 2462 obtinuit
889 2384 1063 2488 copiam,
1090 2384 1266 2489 quamvis
1288 2379 1551 2489 imperfesiam
1576 2387 1677 2464 Scri·

227 2525 388 2610 prorum
413 2494 725 2580 combustorums
755 2495 852 2605 stane
873 2501 975 2576 enirn
993 2493 1153 2605 quidam
1176 2498 1307 2592 Patet,
1331 2497 1474 2575 amicus
1499 2500 1540 2577 P.
1563 2501 1676 2578 Pran·
1763 2496 1769 2503 “

230 2607 315 2694 cisci
334 2610 385 2692 de
409 2615 546 2703 Torre‚
562 2635 634 2717 pro
651 2604 689 2690 se
710 2603 962 2717 descripserat.
1018 2610 1074 2689 Ex
1098 2607 1171 2689 hac
1194 2611 1309 2716 copia
1335 2603 1486 2719 sumpsit
1504 2607 1676 2692 occasio·

227 2753 318 2808 nem
349 2720 577 2806 conferendi
609 2723 662 2804 de
688 2725 837 2831 punsiis
865 2724 1102 2832 Scriptorum
1130 2721 1691 2837 combustorum..rDenique'

176 2840 194 2865 ’
228 2850 344 2925 etiam
366 2834 420 2919 issi
438 2841 612 2942 injunxit,
634 2865 677 2921 ut
696 2833 830 2918 scribat
852 2841 1047 2946 propriam
1068 2841 1197 2930 vitam,
1222 2863 1339 2946 quam
1358 2862 1487 2921 tamen
1511 2835 1675 2951 apople-

228 2965 291 3042 xia
314 2962 412 3036 tatia
435 2957 496 3034 vix
524 2951 717 3062 usquead
740 2948 1250 3033 furrdartoncmstonastent
1273 2951 1462 3057 perduxit.
1529 2963 1571 3035 sn
1594 2955 1675 3038 stoc

227 3070 451 3181 fragmento
477 3063 546 3151 suae
570 3073 653 3148 vitae
674 3065 845 3176 promifit
865 3069 1176 3148 restaurationem
1203 3072 1379 3148 omnium
1398 3063 1674 3177 opusculorum

227 3213 317 3271 anre
334 3185 527 3265 historiam
553 3177 791 3292 scriptorum,
817 3187 856 3262 δι
881 3180 1197 3267 combustorumr
1226 3176 1291 3262 sed
1309 3185 1348 3261 δι
1369 3182 1434 3262 isia
1459 3207 1586 3264 morte
1600 3186 1675 3265 im·

226 3301 359 3414 pedtta
377 3296 543 3380 suerunt.
569 3295 763 3378 Caeteritm
776 3323 822 3377 ex
836 3291 995 3403 praefato
1010 3291 1267 3394 Confessum,
1280 3295 1330 3376 de
1343 3302 1446 3391 cuius
1461 3296 1674 3381 Christiana
1690 3312 1699 3319 '

229 3408 457 3523 &religiosa
475 3407 953 3494 conversationedubitare
972 3415 1163 3493 temeritas
1187 3407 1305 3506 soret,
1322 3416 1510 3520 praecipua
1531 3419 1672 3522 punsia

228 3521 1671 3636 hujusviraesumpst,asiaquetestimoniaacdocumemacumipsocontusi.
1712 3596 1716 3605 .
1801 3609 1807 3623 ,

274 3679 279 3685 ·
345 3651 386 3744 s.
408 3672 470 3744 ις.
494 3645 619 3724 Utstic
630 3668 754 3723 novus
768 3637 1029 3724 Confessarius
1039 3641 1198 3721 haberet
1211 3632 1412 3722 messorem
1428 3647 1605 3724 notitiam
1620 3642 1674 3725 de

228 3766 309 3860 ejus
324 3759 599 3853 statuintem0‚
617 3781 721 3837 anno
742 3771 842 3856 ¹⁶5¹
867 3754 1056 3865 impendit
1073 3750 1263 3864 sexaginta
1279 3755 1380 3836 duos
1401 3756 1483 3837 dies
1502 3784 1574 3865 pro
1594 3754 1674 3845 diss

227 3873 397 3958 tussione
414 3868 665 3971 conscientie,
678 3895 722 3951 ac
736 3870 826 3975 dein
841 3867 1016 3978 deposuit
1032 3866 1307 3963 confessionem
1326 3869 1432 3979 quast
1446 3865 1630 3953 ultimam.

345 4000 379 4089 §.
406 4015 469 4086 34.
500 3989 622 4068 Anno
643 4001 746 4083 1652
768 3992 874 4066 Deus
890 4013 973 4067 eam
991 3981 1154 4067 elevavit
1166 3983 1217 4065 ad
1233 4010 1375 4064 novum
1395 3986 1527 4064 ssatum
1547 3979 1674 4091 perse·

226 4099 979 4209 taionis,perimirationemvideticerss.
998 4103 1174 4210 Virginis.
1211 4100 1354 4179 Ethinc
1366 4095 1545 4208 deposuit
1557 4105 1674 4207 quin·
1803 4130 1814 4143 ·

224 4244 308 4301 tum
325 4243 474 4311 votum,
495 4243 638 4331 nempe
664 4215 880 4305 obediendi
904 4221 948 4329 B.
970 4219 1119 4335 Virgini
1138 4218 1181 4327 ip
1203 4213 1404 4326 dedititiis,
1426 4238 1524 4328 quas
1542 4210 1591 4292 ab
1609 4207 1677 4297 issa

227 4326 320 4443 esset
345 4353 560 4443 acceptura.
1539 4331 1583 4432 s.
1610 4352 1678 4441 ,ιι
