3796 4994
478 257 695 397 'Exempla
716 253 834 394 idus?
850 290 908 363 ex
927 261 1072 364 variis
1096 253 1283 367 Auelot.
1530 291 1592 398 ¹9
1720 374 1724 383 ‚

146 469 337 591 malignus
362 469 559 574 &merem
585 468 700 584 quod
728 464 979 556 nihilominus
1012 464 1118 584 spem
1149 499 1232 557 non
1268 466 1511 581 deponeret,
1552 492 1595 553 a·

145 586 237 676 liam
265 586 394 671 adhuc
419 580 656 701 subtiliorem
678 583 854 669 fraudem
873 590 1122 699 excogitavit.
1180 590 1286 672 Nam
1305 611 1393 717 cum
1414 581 1608 697 quodan-
1632 650 1635 655 .

144 695 862 919 alribilmzlllrl‘llu,
871 700 1190 925 bibliis?
1192 722 1261 896 l?
1269 693 1596 896 1111111
1714 802 1766 874 a

144 956 265 1043 quam
290 921 466 1039 suspenso
494 922 633 1023 similis,
663 931 703 1010 δι
732 926 909 1122 quodam
937 920 1127 1010 amicabili
1167 952 1213 1011 ac
1243 925 1415 1038 benigno
1444 926 1596 1009 adstans
1710 972 1714 985 ·

144 1043 286 1142 modu,
311 1064 354 1125 ut
373 1039 569 1125 videretur
592 1065 678 1125 eam
697 1038 801 1124 vele
823 1036 1129 1152 blandecapere
1152 1038 1203 1124 stc
1223 1035 1414 1124 allocutus
1440 1042 1514 1124 est:
1555 1044 1596 1123 0

143 1155 219 1258 fur,
239 1181 283 1243 tu
305 1183 376 1240 cor
394 1155 489 1238 mihi
508 1149 685 1240 suffurata
707 1180 773 1245 est
808 1154 946 1257 redde,
969 1154 1085 1268 quod
1105 1155 1200 1239 milri
1219 1151 1430 1266 surripuisti.
1511 1146 1595 1252 llla,
1631 1171 1633 1176 “
1655 1228 1658 1233 .

143 1296 234 1379 cum
263 1270 438 1371 crederet
465 1263 541 1352 eise
568 1270 785 1365 Christum,
802 1295 956 1382 magna
996 1296 1085 1355 cum
1105 1273 1339 1354 “reverentia
1364 1262 1594 1380 respondit:
1662 1328 1670 1347 ,
1735 1370 1739 1375 ¹
1868 1322 1871 1331 -

144 1382 192 1472 Et
215 1381 429 1499 quomodo
449 1378 594 1468 faaum
611 1384 678 1483 est,
709 1383 898 1480 Domine,
919 1383 1033 1497 quod
1060 1382 1183 1468 dicit?
1212 1378 1281 1468 llle
1298 1407 1450 1471 autema
1490 1381 1596 1481 Cum
1629 1414 1634 1423 ·

12 1562 15 1573 .
144 1523 285 1585 votum
314 1497 549 1582 obedientiae
569 1498 664 1581 mihi
690 1502 867 1598 voveris,
896 1496 938 1580 id
967 1524 1071 1580 nunc
1098 1498 1193 1581 mihi
1220 1497 1369 1581 adimis.
1431 1491 1500 1580 illa
1528 1521 1596 1583 au·
1677 1552 1681 1557 -

144 1637 240 1711 rem,
270 1638 359 1697 cum
382 1634 548 1722 putaret,
578 1611 658 1694 hoc
686 1608 711 1694 a
737 1612 896 1696 Christo
920 1610 998 1694 dici
1022 1634 1184 1723 propter
1204 1614 1473 1722 cogitationes,
1497 1634 1597 1724 quas

145 1751 283 1812 contra
310 1721 530 1810 Prafecaam
554 1721 658 1807 suam
687 1728 919 1837 agitaverat,
946 1729 1018 1809 ait:
1064 1728 1123 1808 Mi
1152 1727 1355 1824 Domine,
1381 1724 1597 1836 quomodo
1735 1756 1736 1761 ¹
1879 1815 1886 1827 ,

145 1838 275 1929 facete
297 1838 442 1937 debeo,
466 1865 555 1938 cum
579 1864 662 1922 non
689 1833 836 1923 valeam
857 1838 1010 1924 obstare
1027 1839 1350 1951 cogitationibus,
1370 1838 1535 1951 quando
1553 1838 1595 1925 iu

147 1983 213 2042 me
232 1951 408 2040 infiliunt.
465 1948 677 2063 Respondit
689 1948 773 2037 illet
801 1975 907 2036 tuam
926 1954 1077 2064 captiva
1096 1949 1350 2053 voluntatem,
1367 1941 1596 2037 memoriam

148 2096 194 2154 ac
215 2064 468 2164 intellectum,
495 2094 569 2150 nec
587 2061 662 2151 ulla
683 2070 724 2149 in
746 2093 791 2152 re
812 2090 1014 2170 exerceas,
1027 2064 1106 2151 -nifi
1137 2067 1189 2151 ad
1209 2089 1283 2152 tuae
1305 2095 1442 2150 nutum
1470 2064 1597 2152 Praefi·

148 2184 219 2269 dia.
272 2176 495 2297 Tunc'illa:
524 2181 578 2266 At
602 2208 688 2294 quo
711 2179 838 2266 modo
856 2179 983 2266 facere
998 2182 1145 2278 debeo,
1167 2175 1506 2294 quaintelledlum
1520 2183 1595 2267 im*-

146 2295 283 2410 pedirc
309 2322 482 2408 nequeo,
503 2320 546 2378 ut
579 2320 659 2378 non
687 2291 900 2384 discernam
929 2299 1157 2380 memoriam
1175 2319 1219 2379 ut
1238 2325 1321 2380 non
1344 2296 1597 2383 recordetur?

147 2412 217 2498 Ait
236 2404 324 2494 iller
353 2407 509 2514 subjice
523 2401 625 2494 illius
653 2405 844 2494 voluntati
863 2434 983 2511 tuam,
1006 2436 1079 2495 nec
1100 2405 1178 2499 ulla
1197 2414 1238 2494 in
1263 2439 1306 2496 re
1321 2434 1426 2495 tuam
1442 2435 1597 2495 memo·

147 2530 243 2611 riam
270 2550 317 2608 ac
344 2517 580 2607 intellectum
602 2549 752 2620 exerce,
784 2522 852 2606 nist
881 2522 948 2608 ubi
978 2547 1043 2608 tua
1071 2525 1308 2608 moderatrix
1336 2518 1441 2608 velit.
1512 2519 1614 2636 Ipsa·
1747 2579 1754 2592 ι

148 2641 246 2724 vero
260 2638 436 2725 dicebare
465 2635 602 2722 senon
623 2633 744 2748 posse,
764 2642 857 2750 quia
877 2641 917 2721 in
939 2633 1002 2722 sua
1021 2640 1212 2750 potestate
1236 2665 1305 2723 cor
1323 2665 1405 2721 non
1421 2636 1596 2723 haberet.

111 2740 221 2838 'me
246 2776 397 2840 autema
426 2747 488 2833 fac
507 2775 624 2863 prout
641 2751 712 2834 tibi
736 2751 883 2835 dicam:
913 2746 1071 2853 Dormi,
1088 2749 1230 2950 vipila,
1259 2752 1485 2867 &quiesce
1525 2751 1597 2839 Ait

149 2863 233 2956 illa;
261 2863 404 2962 nescio,
425 2866 625 2963 Domine,
644 2866 743 2980 quid
760 2864 830 2948 fibi
854 2867 921 2950 ista
941 2867 1061 2951 verba
1081 2894 1131 2951 ve
1145 2873 1213 2953 int.
1269 2865 1339 2954 Ait
1361 2863 1449 2952 ille:
1487 2869 1598 2968 Dixi,

149 2982 293 3079 doenu,
314 2980 452 3080 idest,
474 3002 517 3062 ut
538 3002 580 3063 te
605 2975 849 3090 presentibus
887 2981 997 3088 hujus
1026 2982 1164 3068 mundi
1195 2981 1312 3068 rebus
1357 3009 1440 3066 non
1471 2983 1598 3066 immi·
1668 3004 1672 3015 ·

148 3090 260 3181 scena
327 3097 444 3194 Dixi,
470 3090 610 3205 vigila,
637 3118 681 3178 ut
708 3098 820 3179 omni
843 3094 970 3180 studio
1002 3119 1133 3209 parata
1165 3095 1211 3182 fis
1237 3097 1290 3181 ad
1305 3091 1597 3209 obediendum.

148 3210 244 3295 Dixi
260 3265 275 3306 ,
289 3212 296 3233 ¹
311 3202 491 3321 quiesce,
522 3231 565 3291 ut
592 3212 633 3291 in
657 3208 840 3294 omnibus
858 3212 933 3293 tuis
953 3210 1246 3322 operationibus
1270 3208 1419 3322 semper
1439 3211 1599 3297 demea

149 3321 321 3436 paffione
345 3323 554 3406 mediteris.
611 3324 802 3441 Cpmque
825 3323 907 3408 haec
933 3327 974 3406 δι
1005 3320 1078 3408 alia
1112 3321 1234 3415 multa
1255 3321 1431 3424 dixisset,
1455 3328 1602 3441 quibua

146 3432 254 3524 illam
278 3435 329 3520 ad
357 3435 625 3520 obedientiam
651 3437 882 3535 hortaretur,
911 3443 1080 3524 evanuit.
1136 3439 1199 3526 At·
1210 3436 1275 3524 illa
1297 3441 1459 3527 credens
1485 3466 1599 3528 reue·

148 3578 190 3639 ra
216 3551 412 3638 Christum
440 3546 573 3648 surse,
601 3575 733 3635 mente
758 3549 936 3636 remansit
965 3552 1182 3639 admodum
1204 3550 1400 3670 suspensae
1443 3583 1519 3642 nec
1540 3578 1627 3651 tar

148 3691 240 3750 men
262 3691 331 3749 cor
348 3654 515 3748 liberum
537 3664 707 3755 habebat
732 3663 756 3750 a
781 3669 902 3778 priori
931 3670 1152 3770 certamine,
1169 3666 1237 3755 sed
1259 3675 1394 3782 potius
1420 3698 1483 3756 ma
1537 3696 1600 3759 am

147 3774 335 3865 stutiebat
361 3775 432 3862 srbi
466 3779 799 3890 imponunitatem
827 3775 1013 3878 suboriri,
1040 3786 1199 3893 quoties
1224 3778 1281 3869 illi
1314 3787 1379 3871 lua
1402 3791 1481 3872 Pra
1498 3789 1599 3885 edla,
1702 3784 1708 3793 '

148 3919 191 3978 ut
207 3887 357 4007 aliquid
375 3889 533 3992 faceret,
554 3893 727 3997 jubebat.
782 3892 865 3979 Aut
892 3893 935 4004 fi,
973 3893 1042 3979 uid
1059 3889 1125 3981 illa
1142 3896 1312 3996 dicebat,
1337 3900 1459 3985 statim
1487 3901 1601 3985 innu-

145 4000 347 4119 merabilia
371 4017 476 4123 pene
500 4007 703 4120 judiciuin
727 3922 983 4225 ruentemcisb
1010 4000 1233 4120 uouebant,
1257 4007 1469 4130 secumque
1496 4013 1602 4215 dgce·

193 4172 198 4179 ·
975 4153 999 4213 ι
1173 4144 1179 4156 ’
1541 4148 1601 4223 tta
1777 4198 1780 4205 ,
