3796 4994
471 354 476 361 .
596 225 911 338 Revelatiuner
939 239 983 333 S.
1024 207 1295 334 Girrrudis.
1568 265 1658 365 135

217 480 340 548 mens,
368 458 479 544 Ecce,
507 447 655 557 inquit,
684 443 741 526 do
769 442 840 527 tibi
876 465 1038 526 omnem
1073 435 1305 523 sanctitatem
1334 457 1414 520 tam
1441 428 1665 539 divinitatis·

215 572 337 762 quir}
361 563 606 648 humanitatis
630 584 737 656 mere,
760 581 801 641 ut
821 583 910 641 cum
925 549 990 639 illa
1009 553 1094 637 satis
1112 550 1230 665 digne
1248 549 1297 633 ad
1320 551 1662 638 Communionem

214 708 306 766 acce
336 705 387 762 as.
1054 701 1056 705 ·

328 885 432 968 xm.
489 883 534 967 1.
568 911 601 984 3·
632 880 682 962 C.
714 905 780 973 ¹9·
836 875 1009 962 Christus
1033 900 1164 960 coram
1191 878 1238 959 B.
1262 873 1421 986 Virgine
1445 900 1572 987 genua
1593 883 1662 966 fle.

212 1007 283 1099 xit,
311 1004 350 1084 δι
371 1024 447 1110 pro
469 992 666 1083 Gertrude
688 993 825 1076 oravit.
904 1103 906 1107 Ι
1463 1078 1471 1083 ..
1616 1040 1619 1045 ,

222 1257 225 1261 ψ
329 1198 432 1280 xlv.
491 1194 534 1277 L
561 1219 596 1292 3.
617 1191 668 1275 C.
693 1201 759 1272 26.
815 1186 988 1271 Christus
1014 1182 1217 1270 demittere
1239 1181 1442 1271 videbatur
1462 1187 1569 1302 quali
1592 1214 1660 1278 au·
1731 1269 1734 1272 ,

215 1337 319 1397 ream
346 1307 542 1422 quandam
566 1298 727 1387 fistulam
746 1300 797 1384 de
814 1300 935 1383 corde
952 1295 1048 1395 suo,
1079 1327 1149 1408 pet
1177 1324 1297 1412 quam
1315 1296 1476 1387 fistulam
1495 1303 1662 1393 mirabili

217 1426 343 1510 modo
360 1427 509 1507 influxit
524 1415 722 1551 'Gerttudi
745 1417 920 1498 omnium
947 1407 1179 1497 mirabilium
1210 1411 1460 1499 affluentiam.

325 1621 409 1702 XV.
465 1618 508 1699 1.
542 1640 578 1713 3.
606 1616 652 1696 C.
685 1641 749 1712 3ο.
777 1609 815 1721 §.
845 1639 909 1697 ιι.
962 1608 1178 1695 Gettrudes
1202 1613 1312 1721 petiit
1335 1609 1360 1695 ai
1388 1613 1568 1699 Domino
1592 1615 1665 1703 be·-

219 1733 496 1824 neditiionem
519 1751 636 1837 quam
665 1751 752 1809 eum
775 1717 865 1807 esset
896 1721 1121 1822 consecuta,
1136 1725 1345 1805 Dominus
1371 1730 1456 1807 vice
1479 1726 1583 1812 versa
1608 1733 1658 1815 ab

218 1873 263 1931 ea
282 1841 487 1930 videbatur
516 1836 831 1921 benedictionem
865 1831 1059 1945 postulare
1086 1881 1105 1900 ·
1144 1834 1239 1940 (seu
1276 1842 1579 1949 poenitentiam)
1611 1844 1663 1931 ad

218 1985 336 2073 quam
382 1953 694 2037 benedioiionem
748 1954 943 2033 Dominus
986 1972 1180 2061 gratanter
1227 1948 1433 2060 profunde·
1474 1952 1663 2042 inclinans

219 2071 387 2155 ostendit
420 2075 565 2150 eumin
590 2088 739 2147 tantum
759 2063 828 2148 fibi
849 2061 939 2147 fore
968 2086 1191 2174 acceptam,
1217 2088 1263 2147 ac
1285 2061 1314 2148 fi
1334 2088 1419 2148 tota
1433 2062 1530 2160 salus
1549 2071 1665 2186 ipfius

219 2179 412 2298 perillam
443 2177 701 2293 perficeretur.
1727 2208 1730 2214 ·

329 2380 429 2463 XVI.
488 2380 531 2461 L.
567 2407 602 2477 3.
640 2377 691 2458 C.
726 2401 787 2470 51·
850 2374 1023 2458 Christus
1061 2372 1111 2454 ad
1151 2374 1387 2459 Gertrudem
1425 2383 1509 2462 aitr
1550 2377 1676 2469 Visue-

221 2490 447 2580 Chatiisima
470 2518 511 2573 ut
532 2516 610 2600 ego
636 2490 706 2572 tibi
735 2487 969 2596 praedicem?
1010 2510 1049 2568 at
1070 2480 1147 2570 illa.
1214 2486 1482 2576 Libentiffimti.
1555 2498 1668 2579 Tunc

221 2603 420 2692 reclinavit
438 2632 523 2688 tam
544 2606 737 2685 Dominus
755 2597 865 2712 super
888 2596 1104 2695 corsuum,
1135 2605 1186 2683 ita
1202 2603 1315 2712 quod
1336 2631 1405 2687 cor
1428 2609 1563 2690 animae
1582 2635 1669 2692 cor·
1773 2605 1774 2608 ‘

223 2720 265 2804 di
288 2719 357 2802 suo
380 2719 515 2802 divino
536 2712 810 2826 applicabatur.
873 2716 1058 2820 Cumque
1078 2713 1132 2794 ibi
1155 2719 1281 2798 anima
1310 2745 1379 2825 per
1403 2746 1552 2803 moram
1581 2716 1668 2804 dul·
1772 2744 1775 2749 ’

222 2838 317 3032 {iter
339 2826 595 3039 reqffiiffet,
620 2824 730 3024 [ἷὲῑιε
759 2836 797 2959 in
818 2829 1126 3024 fordetDomilrlri
1153 2828 1253 2958 duos
1277 2827 1468 3026 mirabifles
1491 2830 1670 3030 &Laide

241 2972 409 3057 uavesp
514 3042 517 3047 ¹
689 2970 749 3025 em
778 2969 846 3053 ιρι
870 2968 945 3024 con
963 2966 1015 3050 tgr
1061 2965 1259 3040 amice,
1288 2967 1330 3026 ut
1358 2971 1399 3028 re
1418 2971 1544 3030 ertur·
1632 2973 1670 3048 3.

226 3061 278 3146 C.
310 3085 376 3161 52.

341 3247 474 3328 xvir.
513 3246 555 3327 1.
590 3273 625 3346 3.
656 3243 706 3327 C.
735 3271 801 3340 74.
830 3240 866 3352 §.
900 3268 936 3324 1.
993 3242 1208 3327 Gertrudes
1235 3241 1345 3335 senfit
1372 3270 1443 3328 cor
1470 3243 1575 3330 suum
1604 3275 1673 3361 ap.

225 3363 322 3471 poni
353 3354 540 3440 mellifluo
571 3357 680 3439 cordi
712 3362 841 3457 JESU.
936 3357 1039 3436 Dein
1076 3358 1172 3437 vidit
1208 3351 1318 3440 illam
1341 3355 1564 3468 personam,
1596 3390 1670 3474 pro

227 3499 307 3585 qua
332 3473 469 3557 orabat
488 3472 773 3565 advenientem,
797 3471 988 3580 adquam
1018 3471 1209 3552 Dominus
1231 3484 1385 3554 manum'
1409 3472 1585 3558 sinistram
1606 3504 1673 3561 ex·

228 3584 396 3667 tendens
425 3582 625 3666 videbatur
654 3578 707 3664 illi
743 3585 913 3693 praebere
953 3606 1029 3663 tres
1067 3582 1210 3692 digitos
1246 3611 1381 3668 manus
1419 3585 1491 3673 suae
1527 3588 1675 3674 sinistre

226 3693 367 3779 scilicet
386 3696 565 3792 indicem,
588 3696 772 3792 medium,
794 3702 830 3777 &
851 3691 1094 3781 annularemr
1124 3703 1184 3777 cui
1209 3693 1270 3778 rua
1296 3703 1459 3807 persona
1480 3707 1567 3786 vice
1589 3730 1675 3786 ver·
1761 3699 1763 3704 ’

227 3804 262 3893 ia
292 3808 620 3920 eosdem—digitos
644 3806 715 3891 sua
742 3807 888 3891 sinistra
913 3835 1046 3891 manus
1078 3835 1218 3917 apertae
1254 3812 1530 3923 superponens,
1554 3841 1675 3904 annu·

232 3917 350 4006 larem
374 3917 514 4007 scilicet
533 3918 718 4022 annulati,
739 3922 912 4007 medium
933 3925 1082 4025 medio,
1111 3949 1157 4008 ac
1177 3923 1346 4009 indicem
1369 3929 1489 4013 indici
1511 3929 1675 4011 Domini

1519 4032 1680 4150 pulchre
