3796 4994
317 279 418 410 264
681 423 685 429 ι
716 287 987 421 Regularum
1022 288 1348 387 Summrrium.
1435 421 1437 425 y

314 483 475 585 saltem,
504 485 532 572 fi
556 485 757 573 consensus
784 488 1040 605 perseveraret
1069 489 1205 578 sacculis
1227 497 1339 578 etiam
1365 491 1490 575 dudlis
1511 491 1601 599 post
1625 484 1766 570 discus·

302 601 442 707 -sroncs
460 601 624 714 plurium
644 608 829 703 -Criticas‚
852 636 970 720 prout
989 615 1154 721 contigit
1180 615 1277 693 circa
1300 602 1593 693 Revelationem
1626 601 1766 686 faciam

291 817 296 827 Ι
318 717 386 799 88.
405 720 604 829 Perpetua
625 723 663 800 dc
690 717 904 819 Felicitati.x

435 907 588 1026 Regula
623 939 685 995 to.
742 917 841 997 Non
875 916 930 999 est
954 938 1107 1009 certum
1131 912 1310 1025 sgnum,
1337 909 1619 996 revelationem
1647 907 1766 993 esici

233 1083 239 1100 ,
318 1020 434 1120 Deo,
456 1025 598 1108 etiamst
625 1021 729 1108 illam
756 1031 983 1127 comitetur,
1007 1054 1071 1111 aut
1090 1025 1269 1141 sequatur
1291 1026 1529 1110 intensissima
1548 1022 1702 1107 affectio
1727 1050 1768 1108 a·

242 1140 246 1145 ’
315 1142 435 1245 moris
456 1166 545 1251 erga
566 1143 709 1225 Deum.
767 1145 881 1227 Ratio
910 1147 976 1240 est,
990 1148 1084 1255 quia
1108 1147 1189 1226 baec
1209 1138 1365 1226 affedtio
1388 1148 1483 1227 oriri
1509 1144 1635 1253 potest
1651 1146 1765 1224 etiam

315 1249 548 1339 naturaliter.
578 1260 717 1340 -Geru
746 1259 841 1370 Reg.
866 1260 1182 1371 ta.=Grav.lleg.
1201 1261 1309 1341 Gen.
1329 1267 1349 1340 ἰ
1363 1284 1397 1357 5.

252 1442 253 1449 '
433 1434 591 1553 Regula.
622 1468 689 1522 ιι.
744 1441 846 1523 ’Νοιι
879 1441 1100 1558 est‘certum
1135 1439 1303 1555 signum,
1332 1436 1609 1524 revelationem
1643 1426 1770 1521 effes

315 1549 411 1636 Deo
442 1579 490 1635 ex
517 1579 590 1658 co,
623 1545 735 1666 quod
757 1551 800 1637 fit
822 1551 920 1642 facia
943 1554 1113 1667 personat
1138 1562 1212 1659 iam
1237 1551 1327 1639 altas
1353 1550 1482 1666 saepius
1509 1555 1661 1639 donata
1684 1579 1768 1663 gra-

187 1702 190 1709 *
316 1659 372 1749 tis
388 1693 563 1749 verarum
584 1665 877 1753 revelationum.
932 1673 1047 1754 Ratio
1066 1675 1131 1767 est,
1158 1677 1251 1783 quia
1265 1672 1384 1753 etiam
1412 1664 1571 1778 persona
1584 1676 1659 1775 jana
1677 1663 1770 1747 aliis

223 1790 226 1796 ’
289 1788 296 1793 “
318 1805 476 1893 experta
489 1778 604 1884 'veras
626 1777 881 1868 revelationes
903 1788 1028 1895 potest
1049 1784 1188 1896 decipi.
1247 1789 1359 1870 Geta.
1376 1787 1469 1896 lieg.
1497 1780 1558 1887 13.
1583 1812 1650 1868 ιι.
1674 1780 1769 1894 Syb.

109 1922 116 1931 ·
175 1942 182 1954 ,
255 1932 258 1943 ·
313 1893 589 2011 Reg.3.Boll.
611 1901 665 1983 N.
692 1929 728 1982 1.
750 1897 1149 2003 Joa.chruc.ll·7.

429 2099 551 2188 Aliud
573 2101 782 2188 dicendum
802 2100 924 2201 soret,
945 2103 971 2190 fi
991 2099 1165 2218 persona,
1189 2104 1250 2185 cui
1276 2097 1367 2186 alitis
1387 2104 1535 2188 constat
1555 2100 1672 2186 factas
1694 2097 1769 2183 else

189 2304 193 2310 ,
318 2213 534 2321 aliquando
557 2245 665 2301 veras
691 2214 973 2315 revelationes,
1002 2219 1198 2302 testaretur
1216 2219 1407 2328 intrepide
1435 2219 1485 2300 de
1511 2216 1639 2329 aliqua
1662 2244 1770 2299 reve·

317 2329 463 2418 latione
484 2330 761 2430 determinata,
791 2333 905 2445 quod
922 2339 962 2416 in
980 2327 1044 2415 illa
1067 2327 1414 2443 experimentalucr
1434 2328 1583 2418 senserit
1605 2336 1770 2440 mudum

318 2442 428 2551 illum
453 2442 967 2561 singularem'cognosccndi
989 2441 1078 2530 solis
1110 2452 1207 2530 veris
1230 2443 1531 2552 revelationibus
1555 2450 1768 2558 proprium,

203 2620 207 2626 »
271 2558 276 2569 ’
319 2560 407 2667 &a
431 2561 670 2645 Dodloribus
692 2567 918 2646 unanimiter
944 2566 1116 2676 agnitum
1142 2589 1216 2674 pro
1235 2556 1325 2652 talia
1351 2561 1457 2644 aursi
1481 2565 1649 2656 testetur,
1678 2559 1712 2641 sc
1731 2567 1769 2643 in

311 2672 515 2788 'semetipsa
536 2672 681 2760 sensisse
700 2672 789 2760 illos
812 2673 994 2774 effectur,
1024 2703 1126 2789 quos
1163 2679 1358 2759 Dodores
1392 2681 1619 2759 unanimiter
1642 2704 1782 2787 <agno-x

317 2788 426 2877 scunt
448 2785 760 2903 supernaturales.
820 2781 928 2877 Diaei
939 2849 952 2888 ‚
982 2790 1008 2873 li
1031 2795 1231 2873 Doctores
1254 2790 1482 2902 agnoscant,
1512 2793 1676 2874 modum
1707 2814 1772 2872 aut

319 2901 502 2992 effetaum
529 2899 651 3002 illurn,
675 2905 727 2988 cle
752 2933 835 3020 quo
861 2905 944 2990 talis
966 2902 1127 3018 persona
1148 2906 1316 3002 testatur,
1345 2906 1478 2990 revera
1501 2904 1574 2988 esse
1592 2902 1772 3016 superna·

319 3017 498 3121 ruralem,
517 3024 555 3103 dc
580 3015 668 3105 solis
684 3026 784 3104 veris
805 3015 1107 3105 revelationibus
1129 3025 1344 3132 proprium.
1404 3026 1508 3132 Quia
1529 3025 1568 3113 itt
1591 3023 1667 3103 boc
1689 3015 1770 3130 ipso

318 3130 384 3222 illa
406 3135 568 3250 persona
596 3138 725 3248 potest
751 3163 888 3232 errare,
917 3161 958 3219 ut
998 3160 1109 3246 putet
1141 3136 1322 3231 modum·
1342 3133 1452 3220 illum
1484 3161 1549 3219 aut
1576 3132 1769 3230 effectum,

321 3277 442 3364 quem
464 3245 588 3348 sentit,
618 3245 693 3334 esse
715 3246 803 3332 solis
829 3257 927 3335 veris
948 3247 1247 3334 revelationibus
1265 3255 1482 3363 proprium>
1506 3277 1571 3334 aut
1600 3248 1771 3333 eundem

321 3393 409 3451 cum
433 3393 529 3450 verae
545 3359 792 3464 revelationis
822 3369 970 3462 modo,
1000 3371 1104 3473 cujus
1137 3393 1218 3448 nou
1258 3363 1419 3478 amplius
1455 3367 1574 3450 babet
1598 3372 1769 3449 exadiam

319 3477 499 3594 speciem,
522 3504 564 3563 ut
586 3476 739 3564 Gerson
755 3485 854 3594 Reg.
875 3509 940 3564 21.
962 3475 1152 3563 observat.
1213 3487 1346 3589 Quem
1375 3482 1466 3564 vide

220 3724 223 3731 -
306 3754 310 3759 ,
437 3659 594 3778 Regula.
631 3693 692 3747 ιι.
750 3665 934 3748 Non'est
965 3664 1110 3749 certum
1136 3663 1307 3776 sgnum,
1345 3658 1621 3760 revelationem
1648 3659 1772 3747 ellel

253 3850 256 3855 ,
320 3778 429 3872 Deo,
455 3778 481 3860 b
504 3785 705 3882 conjuncta
725 3777 769 3861 stt
796 3807 887 3883 cum
906 3779 1053 3862 vibone
1079 3785 1154 3862 Dei
1174 3779 1270 3888 pure
1290 3774 1537 3862 intellectuali
1563 3779 1640 3861 stne
1661 3784 1771 3862 omni

224 3932 227 3936 r
318 3889 602 4005 phantasmate,
634 3899 674 3974 dc
700 3893 778 3975 stne
808 3901 915 3976 omni
949 3891 1120 3977 discursu.
1179 3899 1295 3975 Ratio
1322 3898 1396 3993 est,
1424 3899 1517 4006 quia
1544 3895 1656 3977 datur
1679 3921 1772 3977 con·

182 4108 184 4112 ¹
316 4002 524 4116 templario
543 4008 619 4090 Dei
636 4006 816 4090 naturalis
842 4007 924 4092 stne
943 4011 1050 4090 omni
1070 4003 1231 4090 discursu
1258 4015 1296 4090 δι
1326 4006 1600 4123 phantasmate.
1659 4011 1772 4093 Laut.

289 4171 292 4174 >
318 4124 416 4237 ch.
442 4151 478 4228 3.
501 4152 541 4223 4.
558 4124 598 4206 S.
615 4120 744 4235 Joua
763 4125 905 4209 Cruce.
928 4123 1022 4236 Reg.
1043 4148 1287 4226 ro.1-14.29.
1605 4136 1609 4140 ’
1648 4236 1685 4324 R

340 4310 345 4317 .
1686 4262 1776 4365 ‘gu'
