3796 4994
621 332 822 433 Revelat.
845 332 897 431 de
924 330 1111 465 Agreda.
1133 334 1246 432 Pars
1259 320 1317 436 u.
1576 363 1681 468 397

354 552 477 642 1369.
516 539 620 624 Inter
641 541 710 622 hat
731 535 960 626 afflictiones
984 561 1067 623 non
1084 533 1265 650 potuisset
1280 536 1503 633 naturaliter
1528 545 1676 662 uiuere,

233 654 301 743 nii
326 653 451 740 fuisset
471 648 800 766 supernaturaliter
826 651 1059 736 conservata.

349 794 474 866 1370·
534 766 707 850 Christus
733 766 861 849 dixit:
918 768 1088 850 Venient
1119 763 1233 863 dies,
1264 770 1306 850 in
1342 765 1490 879 quibus
1517 769 1672 862 dicentr

227 886 351 969 beatae
369 877 523 981 steriles,
572 905 630 963 uae
649 904 730 962 non
750 902 978 991 genuerunt.
1061 882 1154 963 Haee
1173 879 1292 964 verba
1314 904 1408 989 tunc
1431 910 1513 967 non
1530 881 1673 970 intelli-

227 994 418 1110 gebantur
438 994 464 1080 d
488 907 733 1087 mtssieribusr
761 988 885 1078 sensus
910 1015 1040 1077 autem
1071 1015 1152 1079 erat
1181 992 1269 1083 hiet
1298 997 1455 1083 venient
1486 995 1569 1083 diet
1582 1054 1597 1098 ,
1625 998 1671 1083 id

228 1111 296 1214 est,
319 1107 401 1191 diet
420 1109 580 1190 extremi
595 1103 726 1212 judicii
749 1151 768 1168 ·

346 1248 468 1323 ¹371·
504 1223 620 1319 Tunc
646 1218 794 1300 Summi
820 1217 1067 1317 Sacerdotes,
1095 1216 1288 1316 Pharisaei,
1317 1246 1537 1336 eorumque
1559 1222 1667 1332 adju·

225 1361 331 1422 tores
357 1337 564 1418 statuerunt
599 1328 795 1415 adducere
832 1333 1069 1431 hominem,
1103 1338 1173 1444 qui
1200 1340 1349 1442 juvaret
1383 1339 1549 1438 JESUM
1573 1367 1667 1453 por·
1764 1352 1768 1361 ’

223 1475 306 1537 tare
327 1474 490 1537 crucem

343 1590 465 1665 137²·
496 1564 541 1644 B.
561 1557 613 1643 V.
633 1557 685 1643 ad
702 1584 767 1642 me
788 1556 908 1642 dixit:
951 1563 1100 1643 Omnes
1124 1584 1219 1643 meae
1250 1557 1322 1644 ribi
1345 1562 1493 1650 traditae
1523 1564 1669 1656 (1οᾶῐί-

224 1705 283 1764 nae
304 1677 355 1759 ed
376 1675 566 1768 tendunt,
586 1696 629 1755 ut
649 1676 687 1754 in
705 1695 746 1756 te
772 1675 1013 1783 extinguatur
1038 1676 1167 1756 omnis
1195 1667 1353 1757 affectus
1386 1702 1433 1760 ac
1456 1681 1667 1792 propenfio

222 1785 416 1878 adullam
445 1808 665 1870 creaturam.
751 1806 874 1886 1374.
900 1786 958 1867 Sit
991 1783 1064 1867 tibi
1096 1781 1313 1869 universalis
1351 1788 1515 1901 regula,
1552 1794 1668 1905 quod

222 1931 344 1989 omne
376 1902 584 1987 humanum
616 1892 789 1981 solatium
817 1896 861 1980 srt
888 1893 1159 2005 imperfectior
1209 1904 1249 1981 dt
1279 1901 1393 2011 quod
1423 1898 1545 1990 solum
1569 1901 1668 1993 illud
1822 1958 1825 1963 -

221 2012 399 2214 solarilum
420 2015 622 2099 admittere
649 2009 807 2109 debeas,
838 2009 953 2123 quod
974 2010 1046 2096 tibi
1074 2013 1290 2100 immittinu
1316 2012 1340 2100 i
1364 2020 1484 2118 Deo,
1522 2016 1586 2105 vel
1614 2019 1665 2106 ab

178 2194 186 2203 ,
222 2157 273 2217 an
301 2158 379 2215 eo.
622 2176 630 2193 ‹

274 2159 299 2247 g
340 2272 463 2348 1375·
490 2246 609 2329 Mons
628 2238 829 2330 Calvatius
851 2264 932 2330 erat
951 2239 1063 2331 lotus
1090 2239 1265 2342 foetidus,
1294 2246 1334 2328 dr
1354 2237 1555 2348 sordidus,
1583 2246 1666 2338 foe·

221 2379 308 2445 tens
330 2359 385 2443 ob
415 2353 703 2442 multitudinem
731 2358 972 2442 cadaverum.

342 2500 463 2573 1377.
493 2474 537 2554 B.
560 2475 681 2581 Virgo
699 2470 850 2566 videns,
876 2467 991 2583 quod
1014 2467 1207 2554 'carnifices
1227 2461 1373 2555 vellent
1391 2469 1547 2558 Christo
1566 2501 1662 2587 prae·

221 2585 464 2669 bere'vinum
477 2584 727 2695 myrrhatum,
746 2579 837 2666 felle
851 2589 1013 2666 mixtum
1025 2582 1076 2665 ad
1095 2583 1295 2696 augendos
1304 2589 1387 2690 ejus
1405 2581 1581 2688 dolores,
1594 2615 1663 2674 ro·

220 2694 480 2813 gentilium,
509 2706 652 2780 utnon
672 2694 844 2785 biberetr
873 2696 988 2807 quod
1011 2701 1051 2780 δι
1074 2692 1232 2782 fadum.

340 2831 461 2913 1378·
504 2813 593 2894 Erat
635 2816 711 2916 jam
741 2803 844 2892 sexta
872 2811 994 2907 hora,
1031 2836 1118 2923 quae
1150 2811 1335 2897 coincidit
1362 2838 1451 2899 cum
1486 2817 1662 2911 meridie.

218 2930 329 3015 Tunc
354 2946 542 3009 exuerunt
561 2951 650 3006 eum
667 2946 762 3035 toga
785 2919 1013 3008 inconsutuli
1034 2926 1144 3036 supra
1161 2949 1292 3036 caputr
1331 2928 1371 3009 dc
1391 2955 1479 3012 ctnn
1501 2954 1596 3044 toga
1613 2931 1661 3018 fi·

219 3037 301 3125 mul
319 3036 532 3125 avulserunt
551 3040 576 3122 ai
596 3041 720 3146 capite
737 3062 923 3120 coronam
948 3031 1234 3150 spineam,un
1262 3063 1446 3125 renovata
1467 3039 1552 3128 sunt
1575 3039 1659 3128 vui.

217 3181 312 3240 nera
332 3155 477 3264 capitis,
508 3156 546 3233 dr
571 3154 609 3233 in
628 3145 820 3261 asiquibus
841 3174 975 3234 eorum
991 3146 1105 3260 spinae
1127 3177 1202 3262 prae
1219 3149 1360 3235 duritie
1374 3151 1500 3238 frautae
1525 3161 1565 3238 ἃ
1588 3158 1658 3239 ab·

217 3293 338 3378 ruptae
352 3265 444 3351 sunt.
500 3262 675 3374 Quando
697 3261 890 3349 carnifices
905 3263 1083 3348 viderunt
1100 3259 1262 3348 avulsam
1280 3264 1304 3350 i
1325 3270 1450 3378 capite
1467 3293 1656 3356 coronam

216 3377 398 3494 spineam,
427 3405 512 3483 earn
537 3378 589 3461 de
612 3401 721 3459 novo
735 3372 997 3490 appresserunt
1016 3380 1142 3489 capiti,
1217 3382 1288 3461 Per
1312 3382 1534 3467 erutionem
1552 3407 1656 3497 toga

216 3517 402 3580 renovata
423 3491 580 3577 fuerunt
608 3485 766 3573 vulnera
786 3495 980 3601 corporis,
1011 3495 1103 3603 quia
1126 3513 1208 3575 erat
1240 3489 1488 3604 agglutinata}
1548 3505 1656 3609 Qua
1745 3564 1749 3570 .

217 3633 277 3693 ter
299 3631 426 3690 autem
452 3607 625 3692 Christus
645 3607 686 3685 in
705 3600 875 3714 paiiione
894 3598 966 3687 suit
992 3626 1125 3687 exutus
1148 3609 1187 3686 δι
1203 3608 1373 3692 indutus.
1456 3613 1588 3695 Primi)
1613 3617 1655 3698 in

216 3716 486 3831 flagellatione.
540 3715 786 3802 secundom
812 3720 1081 3812 coronatione,
1109 3717 1175 3799 ubi
1193 3720 1449 3806 circumdatur
1473 3724 1653 3837 purpuria

215 3837 351 3918 Tertio
376 3837 416 3916 in
441 3834 625 3917 exutione
656 3823 755 3914 illius
785 3856 970 4028 purpura.
1026 3832 1181 3937 Quarto
1207 3835 1247 3913 in
1272 3826 1528 3920 crucifixione.
1585 3837 1655 3924 Ul·

214 3956 309 4032 tima
329 3972 458 4053 autern
476 3950 608 4031 exutio
628 3966 709 4025 erat
731 3943 785 4029 do
801 3941 1019 4041 orofiisuna,
1041 3946 1133 4056 quia
1152 3949 1192 4027 in
1208 3941 1391 4033 Calvario
1406 3973 1542 4038 monte
1559 3975 1655 4058 tunc¹

213 4061 380 4175 spirabat
404 4086 541 4151 ventus
563 4056 736 4172 frigidus·
1031 4136 1035 4145 .
1091 4163 1095 4168 ,

696 4217 698 4221 ·
982 4167 1155 4276 odd,
1530 4208 1654 4293 ¹379·
