3796 4994
223 335 324 405 aso
486 254 567 395 ’ὗε
591 301 790 405 umelar.
817 303 920 400 Ven.
940 297 1105 400 Maria
1123 304 1177 397 de
1194 299 1384 433 Agreda.

212 506 437 599 :Benedidto
464 502 563 595 xtu
591 498 807 615 comparuit
834 503 1067 607 Decretum,
1099 528 1184 618 quo
1204 504 1337 589 denuo
1361 508 1593 618 permittitur
1613 507 1662 592 fi-

220 620 374 710 delibus
395 645 525 703 earum
549 615 847 703 Revelationum
872 619 1035 713 Lectio,
1057 612 1123 702 sed
1146 618 1486 704 Reverendiiiimus
1517 625 1561 706 Ρ.
1589 625 1662 705 Ni·

215 732 356 824 colaus
379 725 523 816 Ridolfi
543 734 773 814 secretarius
797 730 1128 842 Congregationis
1156 732 1311 828 Indicis,
1339 759 1443 816 nunc
1461 734 1567 818 Sacri
1589 738 1664 817 Pa·

220 849 303 938 latii
322 839 541 957 Apostolici
561 846 740 954 Magister
756 843 849 927 dum
867 869 970 925 anno
997 872 1048 939 17
1054 869 1100 945 35
1129 840 1293 928 versarer
1308 846 1454 942 uomae,
1478 849 1666 931 monstra·

219 964 291 1052 bat
313 965 353 1042 δι
378 953 609 1067 praelegebat
630 958 722 1038 mihi
746 952 849 1039 aliud
874 958 1085 1041 Decretum
1111 961 1303 1041 recentius
1336 958 1507 1064 ejusdem
1538 964 1664 1063 Beneg

219 1077 316 1161 didi
337 1074 445 1166 xiil,
456 1096 540 1183 quo
565 1071 719 1153 testatur
742 1070 807 1153 SS.
831 1068 1026 1165 Pontifex,
1043 1071 1146 1177 ptius
1169 1065 1401 1154 clanculariis
1430 1075 1469 1153 δι
1501 1070 1664 1156 fraudu·

218 1186 346 1276 lenter
371 1182 479 1266 fuiiie
506 1207 745 1270 emanarumt
782 1178 992 1292 die-proin
1008 1177 1104 1267 iliud
1124 1187 1279 1281 irritari,
1307 1188 1347 1267 δι
1378 1183 1663 1269 Confixionern

200 1300 517 1388 arvennorum
558 1300 687 1377 Mariae
724 1295 775 1377 de
820 1295 997 1408 Agreda·
1023 1299 1064 1378 in
1109 1292 1177 1378 suo
1225 1297 1373 1380 robore
1422 1323 1663 1406 permanere.

185 1488 192 1495 .
220 1412 392 1503 Mirabar
420 1435 549 1492 tamen
576 1435 660 1490 eam
685 1412 938 1493 recentiorem
962 1402 1273 1492 Declaratronem
1297 1412 1365 1492 SS.
1391 1411 1441 1492 D.
1467 1414 1521 1493 N.
1538 1414 1662 1494 Bene·

220 1529 314 1614 dieti
341 1527 438 1605 Xlil.
459 1549 539 1603 nnn
563 1517 768 1629 publicarit
796 1526 835 1602 dr
857 1527 1013 1633 agnovi,
1031 1527 1106 1625 jam
1122 1523 1389 1605 introductum
1407 1519 1483 1607 eise
1533 1549 1663 1606 rocet-

218 1642 299 1729 sum
327 1634 623 1720 Beatificationis
652 1638 749 1717 Ven.
775 1641 871 1721 Mar.
898 1636 951 1718 de
974 1635 1154 1744 Agreda‚
1176 1663 1258 1747 quo
1285 1637 1485 1725 durantee
1514 1632 1662 1719 ealiud

218 1753 492 1841 instituendum
513 1774 674 1831 examen
696 1747 748 1831 de
765 1751 824 1833 his
850 1744 1187 1836 Revelationibusr
1226 1751 1338 1854 hujus
1369 1753 1486 1861 proin
1514 1753 1662 1834 exitum

219 1862 530 1978 exspectandum.

222 2056 230 2071 ·
336 2008 462 2118 Quod
493 2011 630 2092 attinet
654 2004 904 2091 Academiam
939 1998 1201 2102 Parisrensem,
1230 2005 1380 2115 prodiit
1409 2032 1516 2092 anno
1552 2021 1658 2108 1696

216 2124 409 2234 Scriptum
426 2118 492 2202 sub
518 2124 596 2203 hoc
613 2114 772 2204 Titulo:
816 2117 974 2230 Censure
993 2122 1074 2227 fait
1101 2143 1174 2226 par
1204 2113 1241 2203 la
1258 2116 1409 2229 facult&
1433 2119 1478 2205 de
1502 2119 1663 2207 Theolo-

243 2242 276 2321 ie
305 2231 350 2317 de
382 2234 495 2317 Paris
522 2230 627 2318 dun
661 2227 783 2328 liure,
818 2236 882 2340 qui
911 2229 1061 2338 upour
1081 2227 1216 2317 Ture:
1267 2233 1323 2319 La
1337 2231 1544 2348 ,Mysiique
1578 2234 1663 2326 Cr'te⁵

305 2343 441 2446 Dieu,
485 2342 531 2431 de
572 2346 714 2431 Marie
757 2340 795 2427 d
834 2339 1003 2461 Agreda.
1075 2341 1099 2428 it
1137 2345 1250 2430 Paris
1282 2349 1321 2433 in
1358 2378 1396 2447 4.
1504 2353 1549 2432 in
1584 2351 1662 2434 hoc

219 2462 376 2574 Scripto
399 2462 452 2569 ⁶8.
490 2453 662 2542 Facultas
701 2450 943 2571 Theologica
975 2455 1186 2543 Patistenfis
1231 2455 1429 2561 declarat,
1469 2456 1508 2544 se
1555 2460 1662 2547 nolle

222 2580 397 2661 minuere
422 2566 567 2657 cultum
598 2576 642 2658 B.
669 2574 854 2682 Virginis,
881 2575 973 2684 quia
1004 2596 1135 2656 tamen
1165 2595 1227 2656 tot
1250 2567 1332 2656 aliis
1353 2575 1665 2660 honorificentis-

218 2688 320 2773 fimis
343 2683 460 2769 titulis
487 2686 669 2770 decorata
697 2712 779 2767 non
803 2708 892 2795 eget
918 2679 1023 2768 cultu
1040 2711 1157 2785 vano,
1180 2708 1223 2768 ut
1245 2685 1422 2770 observat
1442 2691 1480 2773 S.
1502 2695 1662 2774 Bernar-

221 2798 295 2883 dus
321 2801 432 2910 Epist.
449 2799 499 2881 ad
520 2800 750 2880 Canonicos
768 2797 1055 2908 Lugdunenses,
1077 2794 1259 2894 declarat,
1285 2795 1325 2883 se
1344 2825 1425 2883 non
1442 2803 1661 2912 approbare

219 2912 411 3024 quasdam
451 2908 741 3018 Propofitiones
779 2903 913 2993 inilia
949 2912 1111 3021 Mystica
1143 2913 1315 3005 Ciuitate
1342 2917 1419 2998 Dei
1445 2940 1661 3003 contentas.

217 3026 323 3111 lnter
340 3049 402 3109 eas
419 3020 710 3136 propofitionesv
719 3016 803 3106 sunt
817 3027 856 3104 δι
875 3018 1102 3136 sequentes:

333 3163 453 3254 Seteia
490 3162 714 3271 Propofitio.
777 3166 910 3251 DEUS
947 3167 1057 3251 dedit
1093 3172 1138 3254 B.
1174 3171 1324 3281 Virgini
1363 3198 1502 3275 omne,
1548 3180 1662 3289 quod

41 3375 43 3379 ⁷
217 3275 346 3366 voluit
366 3282 486 3368 darer
515 3274 638 3362 voluit
665 3301 795 3362 autem
816 3281 910 3363 dare
932 3308 1052 3364 omne
1071 3282 1112 3364 id
1135 3283 1250 3394 quod
1274 3289 1427 3393 potuitt
1463 3291 1504 3369 dt
1530 3298 1660 3402 potuit

217 3393 313 3479 dare
345 3418 467 3478 omne
495 3390 562 3488 id,
604 3391 717 3504 quod
755 3418 838 3475 non
870 3388 944 3477 fuit
974 3389 1048 3477 eise
1085 3395 1272 3478 divinum.
1387 3401 1481 3482 Haec
1506 3429 1660 3516 propo·
1716 3495 1720 3499 ,

100 3560 103 3564 -
216 3503 309 3703 figit
340 3508 612 3591 damnaturus
649 3499 760 3606 falsa,
787 3511 1007 3606 temeraria,
1036 3512 1077 3590 δι
1107 3512 1294 3593 contraria
1323 3508 1507 3598 doctrinar
1534 3521 1659 3604 Evan-

217 3645 246 3732 Β
334 3762 496 3876 Septima
538 3761 765 3876 Proposstio.
846 3762 1046 3867 Decimo,
1090 3772 1221 3856 omnia
1248 3772 1469 3886 privilegia,
1504 3775 1658 3888 gratias,

216 3872 712 3992 praerogativamfavores,
741 3885 780 3962 δι
816 3881 923 3966 dona
953 3886 994 3964 B.
1031 3888 1079 3969 V.
1120 3888 1234 3970 etiam
1265 3888 1492 3998 dignitatern
1524 3891 1659 3971 Matris

212 3995 294 4083 Dei
306 3990 531 4108 dependere
549 4017 596 4079 ac
611 3993 754 4080 ducere
771 3998 961 4106 originem
979 4022 1027 4082 ea
1051 4022 1115 4094 eo,
1127 4000 1241 4112 quod
1258 3999 1375 4088 fuerit
1398 3994 1657 4194 immacularg
