3772 4988
653 340 756 465 Reg.
784 322 932 429 Prall.
947 360 1010 433 tx
1037 323 1237 460 Gersone.
1385 259 1389 269 ·
1485 413 1492 433 ,
1595 361 1628 462 9
1636 361 1660 457 3

208 536 659 639 declarenturejusmodi
671 532 926 621 revelationes
944 563 1073 620 carere
1090 540 1197 619 omni
1208 530 1382 637 falfitate,
1394 529 1459 621 secl
1473 538 1587 650 quod
1601 565 1666 623 ca«
1810 643 1816 649 ᾔ
1878 598 1879 603 a

208 683 317 743 reant
337 650 505 745 falsitate
527 656 668 748 noxia,
691 647 821 735 saltem
854 675 1006 762 apertas
1046 677 1110 734 aut
1136 651 1248 759 quod
1271 655 1496 736 contineant
1520 653 1665 737 doctri·

208 800 272 856 nas
296 765 429 864 utiles,
458 792 544 852 utut
564 771 769 877 permittas
789 765 1118 876 propositionibus
1141 765 1290 860 dubiis,
1323 791 1390 848 aut
1415 773 1529 850 etiam
1553 764 1665 856 falfis.

209 885 358 996 Gerstm
397 882 530 968 Trad.
563 877 609 965 de
640 882 923 966 examinatione
952 877 1224 966 dodrinarum·
1248 877 1357 964 Pari.
1385 908 1419 964 1.
1451 879 1595 990 Confid.
1625 911 1663 970 r.

208 1000 258 1086 fic
281 999 425 1083 habet:
462 998 721 1081 Protestamur
751 998 944 1105 inprimis,
968 990 1062 1077 nihil
1095 1021 1168 1077 nos
1208 990 1296 1076 fore
1322 993 1494 1079 dicturos
1526 995 1665 1082 favore

208 1113 271 1199 vel
291 1114 408 1212 odiu,
428 1065 495 1196 led
517 1135 701 1222 tanquam
726 1113 766 1193 in
787 1102 949 1192 articulo
972 1112 1108 1192 mortis
1127 1103 1206 1220 pos
1206 1111 1247 1190 iti
1274 1134 1403 1192 eorarn
1425 1111 1553 1217 judice
1569 1112 1667 1196 Deo
1719 1103 1722 1108 ’

209 1224 392 1314 volumus
419 1219 597 1311 cautelas
620 1223 808 1309 inlinuate
835 1247 970 1308 contra
999 1217 1108 1305 falsas
1140 1223 1364 1333 prophetias
1396 1219 1694 1340 suspectaeque-1

207 1346 410 1429 doctrinas
433 1340 599 1425 maxime
623 1339 759 1423 diebus
784 1340 859 1421 istis
892 1331 1013 1420 malis.
1040 1386 1090 1404 --
1148 1337 1447 1422 Attendendum
1478 1336 1664 1452 multipli·
1744 1374 1781 1440 J

213 1488 295 1544 cern
317 1452 394 1542 elle
410 1454 668 1539 dodlrinarum
690 1481 760 1564 per
780 1447 987 1536 Ecclesiam
1004 1447 1068 1535 seu
1090 1447 1297 1536 concilium
1322 1453 1663 1564 approbationem.

215 1574 405 1685 Qraedam
433 1568 698 1681 approbantur
717 1591 759 1650 ut
782 1561 1111 1664 certitudinaliter,
1142 1593 1246 1662 vere,
1274 1562 1564 1682 necessarioque
1581 1598 1665 1656 cre·

216 1689 362 1773 dendae.
436 1682 653 1793 Quaedam,
678 1707 720 1765 ut
742 1675 853 1764 utiles
873 1681 925 1764 ad
960 1677 1166 1782 moralem,
1195 1677 1492 1793 religiosamque
1519 1685 1666 1770 doctri·
1775 1709 1811 1776 ,·

215 1831 300 1888 nam
327 1798 406 1884 stne
434 1803 621 1882 mixtione
641 1792 809 1880 falsitatis
833 1800 986 1892 noniae,
1016 1824 1100 1880 non
1131 1821 1261 1879 tamen
1297 1792 1381 1879 sunt
1410 1797 1480 1894 irc,
1506 1823 1550 1882 ut
1582 1827 1665 1884 cre·

218 1920 353 2025 dantur
370 1911 632 2024 obligatorid,
648 1908 713 1994 led
738 1912 916 1994 dicuntur
941 1912 992 1994 de
1012 1915 1156 2023 pietate
1177 1909 1283 1995 fider.
1353 1906 1667 2018 Quaedam'verd
1689 1924 1692 1935 ¹
1811 1993 1819 2004 ,

218 2028 334 2116 lolrlrn
359 2035 632 2139 permittuntur
663 2052 705 2109 ut
729 2022 927 2139 legantur,
959 2055 1040 2110 non
1073 2032 1167 2139 quin
1201 2023 1273 2108 fint
1306 2031 1433 2111 mixtae
1472 2023 1663 2130 lalsrtatcs,
1716 2027 1745 2045 “’

219 2145 278 2230 sed
296 2145 444 2229 habent
462 2138 616 2225 aliunde
639 2137 815 2256 plurimas
842 2138 952 2224 utiles
969 2141 1175 2243 doctrinas,
1204 2138 1298 2249 ficut
1314 2137 1396 2224 sunt
1415 2137 1551 2255 scripta
1562 2147 1663 2230 mul·

221 2285 344 2348 toturn
368 2262 605 2344 Doctorum.
664 2262 720 2343 lta
741 2251 906 2342 Gctson.
969 2265 977 2291 ³
1655 2258 1657 2262 “
1703 2284 1705 2290 v

319 2436 489 2592 aegila
532 2459 607 2556 16.
643 2450 1001 2559 Revelationes
1039 2448 1354 2571 dollrinaleu
1392 2486 1506 2592 quae
1541 2489 1663 2592 pro-

223 2598 322 2705 bati
358 2629 466 2701 non
502 2594 710 2734 poliunt
747 2630 804 2698 ex
843 2596 1097 2732 Scriptura
1133 2593 1186 2700 dt
1223 2598 1492 2703 traditione
1527 2600 1663 2706 inde·

223 2737 1153 2878 pendenterarevelatione,rejiciendae
1168 2742 1281 2842 sunt
1297 2740 1357 2844 ad
1377 2750 1662 2863 minimum
1768 2859 1769 2863 p
1807 2845 1817 2862 ,

223 2913 275 2989 ut
301 2883 546 3021 suspeilae‚
585 2909 673 2987 aut
709 2904 770 2987 ut
805 2891 1189 3019 impertinentes
1227 2883 1290 2986 ad
1327 2883 1674 3025 Religionem,

221 3028 326 3114 llario
356 3027 547 3136 eliquia
576 3029 614 3106 in
644 3028 803 3109 materia
847 3024 1042 3135 dogmatis
1078 3020 1171 3107 nihil
1213 3027 1372 3134 ponitur
1400 3032 1495 3109 novi
1525 3029 1663 3141 quoad

219 3138 469 3226 substantiam.
530 3138 678 3252 Gufim
704 3143 745 3222 L.
770 3141 860 3223 CC.
885 3144 983 3220 Part.
1009 3169 1044 3222 2.
1067 3136 1209 3249 Confid.
1237 3168 1271 3222 t.
1297 3139 1346 3222 fic
1372 3141 1516 3224 habet:
1556 3147 1599 3226 ln
1623 3171 1664 3227 e·

220 3260 476 3341 ruminatione
517 3254 778 3337 doclrinarum
817 3254 1098 3336 attendendum
1138 3257 1191 3338 est
1219 3253 1502 3368 principaliter,
1532 3256 1558 3340 sr
1588 3258 1664 3346 do·

222 3379 328 3456 lirina
363 3371 408 3456 sit
444 3365 658 3452 conformis
690 3373 810 3452 Sacrae
838 3371 1038 3479 Scripturae
1067 3376 1208 3452 tamin
1235 3367 1295 3467 se,
1325 3369 1443 3482 quant
1467 3380 1508 3458 in
1532 3375 1663 3461 modo

220 3491 438 3574 uaditionis.
500 3478 728 3567 Declaratur
752 3510 799 3565 ex
826 3487 1058 3567 authoritate
1085 3482 1264 3594 Dionysii
1291 3478 1489 3569 dicentis:
1545 3485 1666 3575 Nili!

219 3601 419 3693 cadendum
460 3596 605 3685 dicere·
627 3594 672 3683 de
710 3594 875 3693 divinis,
912 3598 981 3706 nist
1014 3624 1094 3708 qua
1122 3595 1230 3685 nobis
1257 3596 1282 3683 l
1309 3599 1509 3712 Scriptura
1544 3601 1664 3691 Sacra

219 3718 485 3834 tradita-sunt.
561 3715 684 3818 Cujus
710 3717 808 3797 ratio
831 3715 905 3807 est,
938 3719 1127 3825 quoniam
1158 3716 1352 3825 Scriptura
1382 3716 1496 3800 nobis
1524 3722 1664 3802 tradita

220 3837 259 3917 eli
293 3861 487 3951 tanquam
531 3823 663 3938 regula
704 3823 889 3910 sufficiens
928 3854 1003 3941 pro
1045 3831 1232 3940 regimine
1264 3835 1382 3913 totius
1419 3829 1664 3917 Ecclefiastici
1778 3914 1781 3919 ,

219 3961 369 4065 torporis
402 3958 447 4034 ἃ
484 3943 754 4028 membrorum
785 3971 909 4055 usque
937 3948 977 4026 in
1004 3944 1123 4026 finem
1149 3940 1281 4028 saeculi.
1341 3947 1545 4057 Estigitur
1580 3945 1665 4032 talis

217 4067 322 4179 tegula
341 4078 383 4156 ἃ
413 4052 642 4168 exemplar,
672 4063 733 4139 cui
757 4055 794 4139 se
813 4086 893 4140 non
925 4055 1178 4143 conformans
1210 4053 1283 4141 alia
1311 4056 1571 4143 doctrinavel
1596 4061 1667 4142 ab·

214 4182 348 4293 luenda
380 4185 447 4275 cst
482 4199 532 4263 ut
550 4167 774 4259 haeteucalis
795 4199 861 4259 aut
888 4168 1078 4378 lulpeppp,
1106 4198 1172 4260 aut
1199 4177 1452 4287 impertinens
1478 4177 1529 4257 ad
1565 4171 1668 4256 Reli-

737 4366 740 4371 ,
916 4352 920 4360 ,
1078 4317 1097 4396 3
1508 4313 1667 4402 groneut
