<?xml version="1.0" encoding="UTF-8"?>
<!DOCTYPE html PUBLIC "-//W3C//DTD XHTML 1.0 Transitional//EN"
    "http://www.w3.org/TR/xhtml1/DTD/xhtml1-transitional.dtd">
<html xmlns="http://www.w3.org/1999/xhtml" xml:lang="en" lang="en">
 <head>
  <title>
</title>
<meta http-equiv="Content-Type" content="text/html;charset=utf-8" />
  <meta name='ocr-system' content='tesseract 3.04.00' />
  <meta name='ocr-capabilities' content='ocr_page ocr_carea ocr_par ocr_line ocrx_word'/>
</head>
<body>
  <div class='ocr_page' id='page_1' title='image "./derevelationibu00amorgoog_0193.png"; bbox 0 0 3796 4994; ppageno 0'>
   <div class='ocr_carea' id='block_1_1' title="bbox 690 246 1696 395">
    <p class='ocr_par' dir='ltr' id='par_1_1' title="bbox 690 246 1696 395">
     <span class='ocr_line' id='line_1_1' title="bbox 690 246 1696 395; baseline 0.023 -47"><span class='ocrx_word' id='word_1_1' title='bbox 690 253 866 383; x_wconf 70' lang='lat' dir='ltr'>Regula</span> <span class='ocrx_word' id='word_1_2' title='bbox 891 279 951 346; x_wconf 83' lang='lat' dir='ltr'>eat</span> <span class='ocrx_word' id='word_1_3' title='bbox 975 255 1019 347; x_wconf 88' lang='lat' dir='ltr'>S.</span> <span class='ocrx_word' id='word_1_4' title='bbox 1053 246 1260 386; x_wconf 60' lang='lat' dir='ltr'>Therasia.</span> <span class='ocrx_word' id='word_1_5' title='bbox 1596 298 1623 369; x_wconf 76' lang='lat' dir='ltr'>a</span> <span class='ocrx_word' id='word_1_6' title='bbox 1637 304 1696 395; x_wconf 83' lang='lat'>73</span> 
     </span>
    </p>
   </div>
   <div class='ocr_carea' id='block_1_2' title="bbox 199 453 1747 3742">
    <p class='ocr_par' dir='ltr' id='par_1_2' title="bbox 199 453 1747 3742">
     <span class='ocr_line' id='line_1_2' title="bbox 256 453 1699 567; baseline 0.012 -26"><span class='ocrx_word' id='word_1_7' title='bbox 256 482 346 552; x_wconf 88' lang='lat' dir='ltr'>ram,</span> <span class='ocrx_word' id='word_1_8' title='bbox 376 480 430 537; x_wconf 84' lang='lat' dir='ltr'>ne</span> <span class='ocrx_word' id='word_1_9' title='bbox 445 453 746 553; x_wconf 73' lang='lat' dir='ltr'>¹adverteretur,</span> <span class='ocrx_word' id='word_1_10' title='bbox 778 457 954 567; x_wconf 87' lang='lat' dir='ltr'>quamvis</span> <span class='ocrx_word' id='word_1_11' title='bbox 985 458 1024 538; x_wconf 78' lang='grc' dir='ltr'>δε</span> <span class='ocrx_word' id='word_1_12' title='bbox 1047 481 1139 541; x_wconf 89' lang='lat' dir='ltr'>tunc</span> <span class='ocrx_word' id='word_1_13' title='bbox 1166 459 1210 539; x_wconf 92' lang='lat' dir='ltr'>id</span> <span class='ocrx_word' id='word_1_14' title='bbox 1234 453 1432 566; x_wconf 72' lang='lat' dir='ltr'>presentet</span> <span class='ocrx_word' id='word_1_15' title='bbox 1454 462 1699 558; x_wconf 84' lang='lat' dir='ltr'>adverterint.</span> 
     </span>
     <span class='ocr_line' id='line_1_3' title="bbox 256 566 1701 680; baseline 0.012 -26"><span class='ocrx_word' id='word_1_16' title='bbox 256 570 407 654; x_wconf 81' lang='lat' dir='ltr'>Exinde</span> <span class='ocrx_word' id='word_1_17' title='bbox 427 574 564 680; x_wconf 78' lang='lat' dir='ltr'>rogavi</span> <span class='ocrx_word' id='word_1_18' title='bbox 596 570 823 662; x_wconf 84' lang='lat' dir='ltr'>Dominum,</span> <span class='ocrx_word' id='word_1_19' title='bbox 855 595 905 650; x_wconf 87' lang='lat' dir='ltr'>ne</span> <span class='ocrx_word' id='word_1_20' title='bbox 935 572 989 651; x_wconf 87' lang='lat' dir='ltr'>ita</span> <span class='ocrx_word' id='word_1_21' title='bbox 1027 566 1246 653; x_wconf 78' lang='lat' dir='ltr'>senfibilirer</span> <span class='ocrx_word' id='word_1_22' title='bbox 1275 597 1359 654; x_wconf 88' lang='lat' dir='ltr'>eam</span> <span class='ocrx_word' id='word_1_23' title='bbox 1384 580 1476 657; x_wconf 89' lang='lat' dir='ltr'>mihi</span> <span class='ocrx_word' id='word_1_24' title='bbox 1504 580 1701 672; x_wconf 88' lang='lat' dir='ltr'>conferret</span> 
     </span>
     <span class='ocr_line' id='line_1_4' title="bbox 254 679 1700 796; baseline 0.011 -30"><span class='ocrx_word' id='word_1_25' title='bbox 254 688 429 796; x_wconf 80' lang='lat' dir='ltr'>gratiam,</span> <span class='ocrx_word' id='word_1_26' title='bbox 458 683 573 792; x_wconf 91' lang='lat' dir='ltr'>quod</span> <span class='ocrx_word' id='word_1_27' title='bbox 602 683 641 762; x_wconf 91' lang='lat'>&amp;</span> <span class='ocrx_word' id='word_1_28' title='bbox 664 683 864 790; x_wconf 82' lang='lat' dir='ltr'>hucusque</span> <span class='ocrx_word' id='word_1_29' title='bbox 891 680 1055 764; x_wconf 90' lang='lat' dir='ltr'>obtinui.</span> <span class='ocrx_word' id='word_1_30' title='bbox 1114 684 1289 792; x_wconf 89' lang='lat' dir='ltr'><strong>Quando</strong></span> <span class='ocrx_word' id='word_1_31' title='bbox 1321 679 1503 771; x_wconf 81' lang='lat' dir='ltr'>volebam</span> <span class='ocrx_word' id='word_1_32' title='bbox 1533 694 1700 784; x_wconf 77' lang='lat' dir='ltr'>resistere</span> 
     </span>
     <span class='ocr_line' id='line_1_5' title="bbox 255 794 1700 905; baseline 0.009 -25"><span class='ocrx_word' id='word_1_33' title='bbox 255 795 461 881; x_wconf 81' lang='lat' dir='ltr'>videbatur</span> <span class='ocrx_word' id='word_1_34' title='bbox 481 797 599 891; x_wconf 87' lang='lat' dir='ltr'>mihi,</span> <span class='ocrx_word' id='word_1_35' title='bbox 626 798 702 875; x_wconf 88' lang='lat' dir='ltr'>vim</span> <span class='ocrx_word' id='word_1_36' title='bbox 735 794 929 903; x_wconf 90' lang='lat' dir='ltr'>quandam</span> <span class='ocrx_word' id='word_1_37' title='bbox 956 798 1153 904; x_wconf 86' lang='lat' dir='ltr'>ingentem</span> <span class='ocrx_word' id='word_1_38' title='bbox 1174 795 1242 878; x_wconf 86' lang='lat' dir='ltr'>sub</span> <span class='ocrx_word' id='word_1_39' title='bbox 1271 798 1436 905; x_wconf 82' lang='lat' dir='ltr'>pedibus</span> <span class='ocrx_word' id='word_1_40' title='bbox 1464 809 1558 885; x_wconf 87' lang='lat' dir='ltr'>meis</span> <span class='ocrx_word' id='word_1_41' title='bbox 1579 805 1618 890; x_wconf 84' lang='lat' dir='ltr'>st</span> <span class='ocrx_word' id='word_1_42' title='bbox 1641 816 1700 894; x_wconf 91' lang='lat' dir='ltr'>in·</span> 
     </span>
     <span class='ocr_line' id='line_1_6' title="bbox 199 902 1695 1018; baseline 0.007 -25"><span class='ocrx_word' id='word_1_43' title='bbox 199 970 207 999; x_wconf 74' lang='grc'>,</span> <span class='ocrx_word' id='word_1_44' title='bbox 250 912 412 1004; x_wconf 68' lang='lat' dir='ltr'>sinunt,</span> <span class='ocrx_word' id='word_1_45' title='bbox 430 933 474 991; x_wconf 86' lang='lat' dir='ltr'>ac</span> <span class='ocrx_word' id='word_1_46' title='bbox 496 902 647 990; x_wconf 87' lang='lat' dir='ltr'>elevare</span> <span class='ocrx_word' id='word_1_47' title='bbox 665 933 742 989; x_wconf 87' lang='lat' dir='ltr'>me.</span> <span class='ocrx_word' id='word_1_48' title='bbox 800 906 866 986; x_wconf 84' lang='lat' dir='ltr'>Ab</span> <span class='ocrx_word' id='word_1_49' title='bbox 889 910 1000 989; x_wconf 88' lang='lat' dir='ltr'>initio</span> <span class='ocrx_word' id='word_1_50' title='bbox 1030 935 1190 1018; x_wconf 84' lang='lat' dir='ltr'>magnus</span> <span class='ocrx_word' id='word_1_51' title='bbox 1221 937 1283 991; x_wconf 90' lang='lat' dir='ltr'>me</span> <span class='ocrx_word' id='word_1_52' title='bbox 1309 906 1422 994; x_wconf 82' lang='lat' dir='ltr'>subiit</span> <span class='ocrx_word' id='word_1_53' title='bbox 1442 917 1570 1018; x_wconf 87' lang='lat' dir='ltr'>timor,</span> <span class='ocrx_word' id='word_1_54' title='bbox 1601 921 1695 1007; x_wconf 92' lang='lat' dir='ltr'>dum</span> 
     </span>
     <span class='ocr_line' id='line_1_7' title="bbox 247 1017 1695 1132; baseline 0.007 -22"><span class='ocrx_word' id='word_1_55' title='bbox 247 1022 341 1111; x_wconf 83' lang='lat' dir='ltr'>stnfi</span> <span class='ocrx_word' id='word_1_56' title='bbox 368 1020 421 1105; x_wconf 84' lang='lat' dir='ltr'>iic</span> <span class='ocrx_word' id='word_1_57' title='bbox 438 1018 579 1104; x_wconf 84' lang='lat' dir='ltr'>elevari</span> <span class='ocrx_word' id='word_1_58' title='bbox 598 1045 727 1103; x_wconf 88' lang='lat' dir='ltr'>meum</span> <span class='ocrx_word' id='word_1_59' title='bbox 751 1043 892 1128; x_wconf 86' lang='lat' dir='ltr'>corpus</span> <span class='ocrx_word' id='word_1_60' title='bbox 914 1017 938 1103; x_wconf 75' lang='lat' dir='ltr'>a</span> <span class='ocrx_word' id='word_1_61' title='bbox 957 1045 1082 1107; x_wconf 74' lang='lat' dir='ltr'>terraa</span> <span class='ocrx_word' id='word_1_62' title='bbox 1110 1026 1286 1132; x_wconf 87' lang='lat' dir='ltr'>quamvis</span> <span class='ocrx_word' id='word_1_63' title='bbox 1314 1027 1416 1105; x_wconf 86' lang='lat' dir='ltr'>enim</span> <span class='ocrx_word' id='word_1_64' title='bbox 1444 1024 1558 1112; x_wconf 84' lang='lat' dir='ltr'>suave</span> <span class='ocrx_word' id='word_1_65' title='bbox 1578 1032 1623 1114; x_wconf 84' lang='lat' dir='ltr'>fit</span> <span class='ocrx_word' id='word_1_66' title='bbox 1644 1035 1695 1120; x_wconf 86' lang='lat' dir='ltr'>src</span> 
     </span>
     <span class='ocr_line' id='line_1_8' title="bbox 249 1125 1697 1251; baseline 0.007 -27"><span class='ocrx_word' id='word_1_67' title='bbox 249 1144 358 1251; x_wconf 86' lang='lat' dir='ltr'>rapi,</span> <span class='ocrx_word' id='word_1_68' title='bbox 384 1160 471 1218; x_wconf 87' lang='lat' dir='ltr'>oon</span> <span class='ocrx_word' id='word_1_69' title='bbox 501 1158 630 1233; x_wconf 85' lang='lat' dir='ltr'>tamen</span> <span class='ocrx_word' id='word_1_70' title='bbox 661 1132 834 1242; x_wconf 80' lang='lat' dir='ltr'>perditur</span> <span class='ocrx_word' id='word_1_71' title='bbox 857 1125 1004 1221; x_wconf 72' lang='lat' dir='ltr'>sensura</span> <span class='ocrx_word' id='word_1_72' title='bbox 1041 1128 1132 1215; x_wconf 85' lang='lat' dir='ltr'>senfi</span> <span class='ocrx_word' id='word_1_73' title='bbox 1160 1141 1263 1218; x_wconf 91' lang='lat' dir='ltr'>enim</span> <span class='ocrx_word' id='word_1_74' title='bbox 1296 1162 1359 1217; x_wconf 84' lang='lat' dir='ltr'>nte</span> <span class='ocrx_word' id='word_1_75' title='bbox 1394 1136 1469 1222; x_wconf 85' lang='lat' dir='ltr'>eiie</span> <span class='ocrx_word' id='word_1_76' title='bbox 1494 1136 1697 1235; x_wconf 81' lang='lat' dir='ltr'>elevatam·</span> 
     </span>
     <span class='ocr_line' id='line_1_9' title="bbox 247 1242 1695 1364; baseline 0.007 -29"><span class='ocrx_word' id='word_1_77' title='bbox 247 1257 417 1364; x_wconf 83' lang='lat' dir='ltr'>Raptum</span> <span class='ocrx_word' id='word_1_78' title='bbox 444 1242 615 1359; x_wconf 88' lang='lat' dir='ltr'>sequitur</span> <span class='ocrx_word' id='word_1_79' title='bbox 641 1252 758 1329; x_wconf 86' lang='lat' dir='ltr'>timot</span> <span class='ocrx_word' id='word_1_80' title='bbox 786 1267 900 1327; x_wconf 83' lang='lat' dir='ltr'>tantae</span> <span class='ocrx_word' id='word_1_81' title='bbox 930 1248 1142 1347; x_wconf 85' lang='lat' dir='ltr'>majestatis,</span> <span class='ocrx_word' id='word_1_82' title='bbox 1160 1275 1246 1358; x_wconf 86' lang='lat' dir='ltr'>quae</span> <span class='ocrx_word' id='word_1_83' title='bbox 1275 1246 1324 1330; x_wconf 85' lang='lat' dir='ltr'>fic</span> <span class='ocrx_word' id='word_1_84' title='bbox 1351 1244 1490 1352; x_wconf 87' lang='lat' dir='ltr'>elevat,</span> <span class='ocrx_word' id='word_1_85' title='bbox 1515 1260 1553 1334; x_wconf 79' lang='grc' dir='ltr'>δι</span> <span class='ocrx_word' id='word_1_86' title='bbox 1583 1284 1695 1345; x_wconf 89' lang='lat' dir='ltr'>amor</span> 
     </span>
     <span class='ocr_line' id='line_1_10' title="bbox 248 1358 1693 1475; baseline 0.005 -32"><span class='ocrx_word' id='word_1_87' title='bbox 248 1395 326 1451; x_wconf 77' lang='lat' dir='ltr'>ram</span> <span class='ocrx_word' id='word_1_88' title='bbox 347 1364 509 1461; x_wconf 69' lang='lat' dir='ltr'>mantis</span> <span class='ocrx_word' id='word_1_89' title='bbox 537 1360 709 1443; x_wconf 79' lang='lat' dir='ltr'>Domini</span> <span class='ocrx_word' id='word_1_90' title='bbox 756 1358 872 1468; x_wconf 67' lang='lat' dir='ltr'>*Saepe</span> <span class='ocrx_word' id='word_1_91' title='bbox 901 1360 942 1440; x_wconf 92' lang='lat' dir='ltr'>in</span> <span class='ocrx_word' id='word_1_92' title='bbox 977 1358 1094 1449; x_wconf 75' lang='lat' dir='ltr'>Eciafi</span> <span class='ocrx_word' id='word_1_93' title='bbox 1124 1360 1325 1442; x_wconf 85' lang='lat' dir='ltr'>videbatur</span> <span class='ocrx_word' id='word_1_94' title='bbox 1352 1365 1444 1445; x_wconf 85' lang='lat' dir='ltr'>mihi</span> <span class='ocrx_word' id='word_1_95' title='bbox 1478 1392 1618 1475; x_wconf 90' lang='lat' dir='ltr'>corpus</span> <span class='ocrx_word' id='word_1_96' title='bbox 1640 1376 1693 1456; x_wconf 83' lang='lat' dir='ltr'>ita</span> 
     </span>
     <span class='ocr_line' id='line_1_11' title="bbox 245 1470 1691 1587; baseline 0.001 -22"><span class='ocrx_word' id='word_1_97' title='bbox 245 1478 432 1569; x_wconf 73' lang='lat' dir='ltr'>alleviati,</span> <span class='ocrx_word' id='word_1_98' title='bbox 460 1470 565 1587; x_wconf 87' lang='lat' dir='ltr'>quafi</span> <span class='ocrx_word' id='word_1_99' title='bbox 584 1470 794 1583; x_wconf 82' lang='lat' dir='ltr'>perdiderit</span> <span class='ocrx_word' id='word_1_100' title='bbox 809 1495 967 1553; x_wconf 87' lang='lat' dir='ltr'>omnem</span> <span class='ocrx_word' id='word_1_101' title='bbox 991 1475 1238 1581; x_wconf 71' lang='lat' dir='ltr'>gravitattma</span> <span class='ocrx_word' id='word_1_102' title='bbox 1264 1474 1456 1558; x_wconf 88' lang='lat' dir='ltr'>interdum</span> <span class='ocrx_word' id='word_1_103' title='bbox 1475 1505 1520 1561; x_wconf 85' lang='lat' dir='ltr'>ea</span> <span class='ocrx_word' id='word_1_104' title='bbox 1535 1475 1691 1568; x_wconf 83' lang='lat' dir='ltr'>aiievia·</span> 
     </span>
     <span class='ocr_line' id='line_1_12' title="bbox 244 1579 1689 1694; baseline 0.004 -20"><span class='ocrx_word' id='word_1_105' title='bbox 244 1600 303 1679; x_wconf 83' lang='lat' dir='ltr'>rio</span> <span class='ocrx_word' id='word_1_106' title='bbox 329 1612 415 1675; x_wconf 85' lang='lat' dir='ltr'>erat</span> <span class='ocrx_word' id='word_1_107' title='bbox 432 1611 552 1683; x_wconf 81' lang='lat' dir='ltr'>tanta,</span> <span class='ocrx_word' id='word_1_108' title='bbox 579 1609 727 1669; x_wconf 88' lang='lat' dir='ltr'>utnon</span> <span class='ocrx_word' id='word_1_109' title='bbox 756 1584 986 1669; x_wconf 76' lang='lat' dir='ltr'>advenerim</span> <span class='ocrx_word' id='word_1_110' title='bbox 1012 1579 1199 1694; x_wconf 85' lang='lat' dir='ltr'>amplius,</span> <span class='ocrx_word' id='word_1_111' title='bbox 1223 1614 1286 1670; x_wconf 90' lang='lat' dir='ltr'>me</span> <span class='ocrx_word' id='word_1_112' title='bbox 1310 1586 1478 1694; x_wconf 82' lang='lat' dir='ltr'>pedibus</span> <span class='ocrx_word' id='word_1_113' title='bbox 1503 1616 1610 1677; x_wconf 83' lang='lat' dir='ltr'>terrae</span> <span class='ocrx_word' id='word_1_114' title='bbox 1632 1599 1689 1680; x_wconf 91' lang='lat' dir='ltr'>in·</span> 
     </span>
     <span class='ocr_line' id='line_1_13' title="bbox 245 1692 1688 1813; baseline 0.002 -22"><span class='ocrx_word' id='word_1_115' title='bbox 245 1708 382 1793; x_wconf 80' lang='lat' dir='ltr'>iistere.</span> <span class='ocrx_word' id='word_1_116' title='bbox 436 1692 672 1811; x_wconf 80' lang='lat' dir='ltr'>Regulariter</span> <span class='ocrx_word' id='word_1_117' title='bbox 691 1705 734 1781; x_wconf 89' lang='lat' dir='ltr'>in</span> <span class='ocrx_word' id='word_1_118' title='bbox 748 1697 869 1813; x_wconf 70' lang='lat' dir='ltr'>Edast</span> <span class='ocrx_word' id='word_1_119' title='bbox 888 1723 1027 1806; x_wconf 90' lang='lat' dir='ltr'>corpus</span> <span class='ocrx_word' id='word_1_120' title='bbox 1052 1723 1182 1793; x_wconf 89' lang='lat' dir='ltr'>manet</span> <span class='ocrx_word' id='word_1_121' title='bbox 1204 1700 1316 1780; x_wconf 85' lang='lat' dir='ltr'>instar</span> <span class='ocrx_word' id='word_1_122' title='bbox 1338 1707 1500 1798; x_wconf 84' lang='lat' dir='ltr'>mortui,</span> <span class='ocrx_word' id='word_1_123' title='bbox 1529 1732 1571 1787; x_wconf 90' lang='lat' dir='ltr'>ur</span> <span class='ocrx_word' id='word_1_124' title='bbox 1592 1706 1688 1795; x_wconf 87' lang='lat' dir='ltr'>nihii</span> 
     </span>
     <span class='ocr_line' id='line_1_14' title="bbox 245 1806 1688 1931; baseline 0.006 -34"><span class='ocrx_word' id='word_1_125' title='bbox 245 1817 400 1931; x_wconf 80' lang='lat' dir='ltr'>operari</span> <span class='ocrx_word' id='word_1_126' title='bbox 420 1806 559 1897; x_wconf 74' lang='lat' dir='ltr'>valeat.</span> <span class='ocrx_word' id='word_1_127' title='bbox 615 1812 775 1921; x_wconf 75' lang='lat' dir='ltr'>Corpus</span> <span class='ocrx_word' id='word_1_128' title='bbox 797 1836 928 1893; x_wconf 91' lang='lat' dir='ltr'>manet</span> <span class='ocrx_word' id='word_1_129' title='bbox 945 1835 1037 1893; x_wconf 85' lang='lat' dir='ltr'>tunc</span> <span class='ocrx_word' id='word_1_130' title='bbox 1060 1814 1101 1919; x_wconf 87' lang='lat' dir='ltr'>in</span> <span class='ocrx_word' id='word_1_131' title='bbox 1134 1837 1184 1894; x_wconf 90' lang='lat' dir='ltr'>eo</span> <span class='ocrx_word' id='word_1_132' title='bbox 1206 1813 1317 1905; x_wconf 83' lang='lat' dir='ltr'>statu,</span> <span class='ocrx_word' id='word_1_133' title='bbox 1346 1815 1387 1894; x_wconf 90' lang='lat' dir='ltr'>in</span> <span class='ocrx_word' id='word_1_134' title='bbox 1410 1841 1496 1925; x_wconf 89' lang='lat' dir='ltr'>quo</span> <span class='ocrx_word' id='word_1_135' title='bbox 1518 1818 1688 1928; x_wconf 83' lang='lat' dir='ltr'>occupa·</span> 
     </span>
     <span class='ocr_line' id='line_1_15' title="bbox 245 1919 1687 2035; baseline 0.001 -16"><span class='ocrx_word' id='word_1_136' title='bbox 245 1960 306 2019; x_wconf 89' lang='lat' dir='ltr'>tur</span> <span class='ocrx_word' id='word_1_137' title='bbox 322 1932 373 2015; x_wconf 90' lang='lat' dir='ltr'>ab</span> <span class='ocrx_word' id='word_1_138' title='bbox 392 1924 535 2015; x_wconf 67' lang='lat' dir='ltr'>Barna</span> <span class='ocrx_word' id='word_1_139' title='bbox 564 1952 610 2009; x_wconf 60' lang='lat' dir='ltr'>v,</span> <span class='ocrx_word' id='word_1_140' title='bbox 627 1953 664 2035; x_wconf 64' lang='lat' dir='ltr'>g</span> <span class='ocrx_word' id='word_1_141' title='bbox 692 1924 721 2009; x_wconf 86' lang='lat' dir='ltr'>fi</span> <span class='ocrx_word' id='word_1_142' title='bbox 742 1922 795 2007; x_wconf 83' lang='lat' dir='ltr'>ab</span> <span class='ocrx_word' id='word_1_143' title='bbox 811 1925 930 2007; x_wconf 85' lang='lat' dir='ltr'>initio</span> <span class='ocrx_word' id='word_1_144' title='bbox 955 1920 1092 2006; x_wconf 68' lang='lat' dir='ltr'>Ettafrs</span> <span class='ocrx_word' id='word_1_145' title='bbox 1116 1919 1233 2023; x_wconf 85' lang='lat' dir='ltr'>sedit,</span> <span class='ocrx_word' id='word_1_146' title='bbox 1257 1920 1470 2032; x_wconf 86' lang='lat' dir='ltr'>perseverat</span> <span class='ocrx_word' id='word_1_147' title='bbox 1495 1933 1534 2011; x_wconf 91' lang='lat' dir='ltr'>in</span> <span class='ocrx_word' id='word_1_148' title='bbox 1561 1930 1687 2019; x_wconf 76' lang='lat' dir='ltr'>[effro-</span> 
     </span>
     <span class='ocr_line' id='line_1_16' title="bbox 245 2030 1685 2145; baseline -0.001 -14"><span class='ocrx_word' id='word_1_149' title='bbox 245 2075 318 2135; x_wconf 78' lang='lat' dir='ltr'>nea</span> <span class='ocrx_word' id='word_1_150' title='bbox 344 2042 372 2129; x_wconf 89' lang='lat' dir='ltr'>fi</span> <span class='ocrx_word' id='word_1_151' title='bbox 398 2066 535 2123; x_wconf 86' lang='lat' dir='ltr'>manus</span> <span class='ocrx_word' id='word_1_152' title='bbox 549 2039 685 2123; x_wconf 84' lang='lat' dir='ltr'>habuit</span> <span class='ocrx_word' id='word_1_153' title='bbox 705 2030 857 2139; x_wconf 73' lang='lat' dir='ltr'>clausas,</span> <span class='ocrx_word' id='word_1_154' title='bbox 876 2062 942 2118; x_wconf 88' lang='lat' dir='ltr'>ant</span> <span class='ocrx_word' id='word_1_155' title='bbox 959 2062 1131 2145; x_wconf 80' lang='lat' dir='ltr'>apertas,</span> <span class='ocrx_word' id='word_1_156' title='bbox 1158 2042 1198 2119; x_wconf 86' lang='lat' dir='ltr'>in</span> <span class='ocrx_word' id='word_1_157' title='bbox 1225 2035 1368 2121; x_wconf 88' lang='lat' dir='ltr'>eodem</span> <span class='ocrx_word' id='word_1_158' title='bbox 1386 2042 1481 2123; x_wconf 90' lang='lat' dir='ltr'>statu</span> <span class='ocrx_word' id='word_1_159' title='bbox 1504 2069 1568 2127; x_wconf 85' lang='lat' dir='ltr'>eaa</span> <span class='ocrx_word' id='word_1_160' title='bbox 1593 2052 1685 2139; x_wconf 83' lang='lat' dir='ltr'>reti·</span> 
     </span>
     <span class='ocr_line' id='line_1_17' title="bbox 246 2144 1684 2268; baseline 0.003 -28"><span class='ocrx_word' id='word_1_161' title='bbox 246 2184 324 2245; x_wconf 86' lang='lat' dir='ltr'>net.</span> <span class='ocrx_word' id='word_1_162' title='bbox 380 2156 574 2263; x_wconf 81' lang='lat' dir='ltr'>Quamvis</span> <span class='ocrx_word' id='word_1_163' title='bbox 594 2157 636 2236; x_wconf 91' lang='lat' dir='ltr'>in</span> <span class='ocrx_word' id='word_1_164' title='bbox 658 2152 781 2235; x_wconf 72' lang='lat' dir='ltr'>Edaai</span> <span class='ocrx_word' id='word_1_165' title='bbox 802 2145 1024 2261; x_wconf 75' lang='lat' dir='ltr'>regulariter</span> <span class='ocrx_word' id='word_1_166' title='bbox 1045 2156 1276 2234; x_wconf 80' lang='lat' dir='ltr'>retineantur</span> <span class='ocrx_word' id='word_1_167' title='bbox 1300 2144 1447 2252; x_wconf 72' lang='lat' dir='ltr'>sensus,</span> <span class='ocrx_word' id='word_1_168' title='bbox 1465 2150 1684 2268; x_wconf 87' lang='lat' dir='ltr'>aliquando</span> 
     </span>
     <span class='ocr_line' id='line_1_18' title="bbox 246 2262 1681 2376; baseline -0.002 -18"><span class='ocrx_word' id='word_1_169' title='bbox 246 2298 376 2359; x_wconf 85' lang='lat' dir='ltr'>tamen</span> <span class='ocrx_word' id='word_1_170' title='bbox 401 2294 473 2355; x_wconf 82' lang='lat' dir='ltr'>eoo</span> <span class='ocrx_word' id='word_1_171' title='bbox 500 2269 666 2351; x_wconf 88' lang='lat' dir='ltr'>omnino</span> <span class='ocrx_word' id='word_1_172' title='bbox 695 2262 868 2376; x_wconf 67' lang='lat' dir='ltr'>perdidit</span> <span class='ocrx_word' id='word_1_173' title='bbox 910 2264 951 2345; x_wconf 92' lang='lat' dir='ltr'>id</span> <span class='ocrx_word' id='word_1_174' title='bbox 973 2287 1102 2345; x_wconf 89' lang='lat' dir='ltr'>tamen</span> <span class='ocrx_word' id='word_1_175' title='bbox 1123 2267 1210 2348; x_wconf 82' lang='lat' dir='ltr'>rard</span> <span class='ocrx_word' id='word_1_176' title='bbox 1234 2266 1427 2375; x_wconf 84' lang='lat' dir='ltr'>contigit,</span> <span class='ocrx_word' id='word_1_177' title='bbox 1451 2296 1525 2353; x_wconf 83' lang='lat' dir='ltr'>nec</span> <span class='ocrx_word' id='word_1_178' title='bbox 1549 2274 1591 2355; x_wconf 93' lang='lat' dir='ltr'>in</span> <span class='ocrx_word' id='word_1_179' title='bbox 1612 2266 1681 2359; x_wconf 85' lang='lat' dir='ltr'>ilia</span> 
     </span>
     <span class='ocr_line' id='line_1_19' title="bbox 245 2372 1682 2493; baseline 0 -24"><span class='ocrx_word' id='word_1_180' title='bbox 245 2383 474 2471; x_wconf 85' lang='lat' dir='ltr'>omnimoda</span> <span class='ocrx_word' id='word_1_181' title='bbox 508 2380 753 2493; x_wconf 75' lang='lat' dir='ltr'>destitutione</span> <span class='ocrx_word' id='word_1_182' title='bbox 789 2372 961 2461; x_wconf 85' lang='lat' dir='ltr'>sensuum</span> <span class='ocrx_word' id='word_1_183' title='bbox 1004 2379 1071 2457; x_wconf 90' lang='lat' dir='ltr'>diu</span> <span class='ocrx_word' id='word_1_184' title='bbox 1107 2380 1262 2486; x_wconf 83' lang='lat' dir='ltr'>perstiti.</span> <span class='ocrx_word' id='word_1_185' title='bbox 1349 2375 1611 2466; x_wconf 84' lang='lat' dir='ltr'>Nihilominus</span> <span class='ocrx_word' id='word_1_186' title='bbox 1640 2387 1682 2471; x_wconf 94' lang='lat' dir='ltr'>in</span> 
     </span>
     <span class='ocr_line' id='line_1_20' title="bbox 244 2484 1678 2607; baseline -0.002 -22"><span class='ocrx_word' id='word_1_187' title='bbox 244 2496 360 2585; x_wconf 71' lang='lat' dir='ltr'>anati</span> <span class='ocrx_word' id='word_1_188' title='bbox 390 2490 514 2581; x_wconf 79' lang='lat' dir='ltr'>sensus</span> <span class='ocrx_word' id='word_1_189' title='bbox 543 2496 797 2577; x_wconf 88' lang='lat' dir='ltr'>communiter</span> <span class='ocrx_word' id='word_1_190' title='bbox 817 2484 901 2572; x_wconf 86' lang='lat' dir='ltr'>sunt</span> <span class='ocrx_word' id='word_1_191' title='bbox 928 2487 1159 2600; x_wconf 76' lang='lat' dir='ltr'>perturbatia</span> <span class='ocrx_word' id='word_1_192' title='bbox 1197 2495 1235 2571; x_wconf 78' lang='grc' dir='ltr'>δι</span> <span class='ocrx_word' id='word_1_193' title='bbox 1260 2484 1352 2574; x_wconf 86' lang='lat' dir='ltr'>iicet</span> <span class='ocrx_word' id='word_1_194' title='bbox 1376 2519 1517 2602; x_wconf 74' lang='lat' dir='ltr'>corpur</span> <span class='ocrx_word' id='word_1_195' title='bbox 1541 2499 1678 2607; x_wconf 91' lang='lat' dir='ltr'>quoad</span> 
     </span>
     <span class='ocr_line' id='line_1_21' title="bbox 247 2597 1678 2713; baseline -0.001 -16"><span class='ocrx_word' id='word_1_196' title='bbox 247 2619 414 2697; x_wconf 77' lang='lat' dir='ltr'>rationes</span> <span class='ocrx_word' id='word_1_197' title='bbox 448 2633 621 2693; x_wconf 80' lang='lat' dir='ltr'>externas</span> <span class='ocrx_word' id='word_1_198' title='bbox 660 2600 755 2687; x_wconf 86' lang='lat' dir='ltr'>nihil</span> <span class='ocrx_word' id='word_1_199' title='bbox 784 2597 1113 2713; x_wconf 71' lang='lat' dir='ltr'>operarirvalrat‚</span> <span class='ocrx_word' id='word_1_200' title='bbox 1140 2603 1306 2687; x_wconf 86' lang='lat' dir='ltr'>advertit</span> <span class='ocrx_word' id='word_1_201' title='bbox 1333 2627 1485 2702; x_wconf 88' lang='lat' dir='ltr'>tamen,</span> <span class='ocrx_word' id='word_1_202' title='bbox 1506 2614 1545 2690; x_wconf 74' lang='lat' dir='ltr'>dr</span> <span class='ocrx_word' id='word_1_203' title='bbox 1569 2611 1678 2696; x_wconf 91' lang='lat' dir='ltr'>audit</span> 
     </span>
     <span class='ocr_line' id='line_1_22' title="bbox 249 2710 1677 2839; baseline -0.001 -30"><span class='ocrx_word' id='word_1_204' title='bbox 249 2724 386 2839; x_wconf 71' lang='lat' dir='ltr'>quasti</span> <span class='ocrx_word' id='word_1_205' title='bbox 405 2720 541 2835; x_wconf 67' lang='lat' dir='ltr'>longi,</span> <span class='ocrx_word' id='word_1_206' title='bbox 568 2746 656 2832; x_wconf 77' lang='lat' dir='ltr'>qua</span> <span class='ocrx_word' id='word_1_207' title='bbox 683 2742 860 2831; x_wconf 80' lang='lat' dir='ltr'>aguntur.</span> <span class='ocrx_word' id='word_1_208' title='bbox 910 2720 983 2799; x_wconf 84' lang='lat' dir='ltr'>Pet</span> <span class='ocrx_word' id='word_1_209' title='bbox 1003 2715 1082 2799; x_wconf 84' lang='lat' dir='ltr'>hoc</span> <span class='ocrx_word' id='word_1_210' title='bbox 1103 2741 1233 2798; x_wconf 90' lang='lat' dir='ltr'>tamen</span> <span class='ocrx_word' id='word_1_211' title='bbox 1248 2712 1370 2799; x_wconf 82' lang='lat' dir='ltr'>nolim</span> <span class='ocrx_word' id='word_1_212' title='bbox 1393 2710 1535 2818; x_wconf 51' lang='lat' dir='ltr'>dicere,‘</span> <span class='ocrx_word' id='word_1_213' title='bbox 1560 2729 1677 2808; x_wconf 84' lang='lat' dir='ltr'>etiam</span> 
     </span>
     <span class='ocr_line' id='line_1_23' title="bbox 250 2823 1678 2951; baseline -0.005 -28"><span class='ocrx_word' id='word_1_214' title='bbox 250 2852 333 2923; x_wconf 73' lang='lat' dir='ltr'>utne</span> <span class='ocrx_word' id='word_1_215' title='bbox 355 2838 561 2951; x_wconf 80' lang='lat' dir='ltr'>quidpiam</span> <span class='ocrx_word' id='word_1_216' title='bbox 586 2835 747 2929; x_wconf 86' lang='lat' dir='ltr'>adverti,</span> <span class='ocrx_word' id='word_1_217' title='bbox 777 2823 838 2914; x_wconf 84' lang='lat' dir='ltr'>vel</span> <span class='ocrx_word' id='word_1_218' title='bbox 860 2829 995 2925; x_wconf 87' lang='lat' dir='ltr'>audiri,</span> <span class='ocrx_word' id='word_1_219' title='bbox 1016 2829 1180 2941; x_wconf 83' lang='lat' dir='ltr'>quando</span> <span class='ocrx_word' id='word_1_220' title='bbox 1196 2831 1335 2912; x_wconf 69' lang='lat' dir='ltr'>littaris</span> <span class='ocrx_word' id='word_1_221' title='bbox 1353 2828 1570 2940; x_wconf 85' lang='lat' dir='ltr'>supremum</span> <span class='ocrx_word' id='word_1_222' title='bbox 1592 2863 1678 2948; x_wconf 78' lang='lat' dir='ltr'>gra·</span> 
     </span>
     <span class='ocr_line' id='line_1_24' title="bbox 252 2941 1680 3063; baseline -0.001 -28"><span class='ocrx_word' id='word_1_223' title='bbox 252 2950 336 3035; x_wconf 90' lang='lat' dir='ltr'>dum</span> <span class='ocrx_word' id='word_1_224' title='bbox 350 2955 492 3063; x_wconf 79' lang='lat' dir='ltr'>arrigit.</span> <span class='ocrx_word' id='word_1_225' title='bbox 547 2950 665 3031; x_wconf 86' lang='lat' dir='ltr'>Voeo</span> <span class='ocrx_word' id='word_1_226' title='bbox 691 2942 906 3055; x_wconf 86' lang='lat' dir='ltr'>supremum</span> <span class='ocrx_word' id='word_1_227' title='bbox 936 2943 1122 3054; x_wconf 82' lang='lat' dir='ltr'>gradum,</span> <span class='ocrx_word' id='word_1_228' title='bbox 1151 2941 1314 3054; x_wconf 89' lang='lat' dir='ltr'>quando</span> <span class='ocrx_word' id='word_1_229' title='bbox 1336 2951 1518 3051; x_wconf 75' lang='lat' dir='ltr'>potentie</span> <span class='ocrx_word' id='word_1_230' title='bbox 1545 2954 1680 3034; x_wconf 82' lang='lat' dir='ltr'>animae</span> 
     </span>
     <span class='ocr_line' id='line_1_25' title="bbox 254 3053 1702 3164; baseline -0.003 -15"><span class='ocrx_word' id='word_1_231' title='bbox 254 3066 293 3149; x_wconf 82' lang='lat' dir='ltr'>ic</span> <span class='ocrx_word' id='word_1_232' title='bbox 318 3064 586 3158; x_wconf 81' lang='lat' dir='ltr'>destituuntur,</span> <span class='ocrx_word' id='word_1_233' title='bbox 616 3085 657 3143; x_wconf 90' lang='lat' dir='ltr'>ut</span> <span class='ocrx_word' id='word_1_234' title='bbox 678 3084 751 3143; x_wconf 79' lang='lat' dir='ltr'>nec</span> <span class='ocrx_word' id='word_1_235' title='bbox 772 3054 944 3151; x_wconf 81' lang='lat' dir='ltr'>uideant,</span> <span class='ocrx_word' id='word_1_236' title='bbox 967 3081 1039 3137; x_wconf 85' lang='lat' dir='ltr'>nec</span> <span class='ocrx_word' id='word_1_237' title='bbox 1065 3055 1289 3150; x_wconf 89' lang='lat' dir='ltr'>audiantur,</span> <span class='ocrx_word' id='word_1_238' title='bbox 1315 3083 1387 3137; x_wconf 91' lang='lat' dir='ltr'>nec</span> <span class='ocrx_word' id='word_1_239' title='bbox 1404 3053 1573 3143; x_wconf 83' lang='lat' dir='ltr'>sentiant.</span> <span class='ocrx_word' id='word_1_240' title='bbox 1631 3063 1702 3164; x_wconf 45' lang='lat' dir='ltr'>ld,</span> 
     </span>
     <span class='ocr_line' id='line_1_26' title="bbox 253 3163 1683 3263; baseline -0.001 -2"><span class='ocrx_word' id='word_1_241' title='bbox 253 3176 286 3263; x_wconf 86' lang='lat' dir='ltr'>fit</span> <span class='ocrx_word' id='word_1_242' title='bbox 304 3182 357 3261; x_wconf 92' lang='lat' dir='ltr'>ob</span> <span class='ocrx_word' id='word_1_243' title='bbox 384 3181 560 3261; x_wconf 85' lang='lat' dir='ltr'>intimam</span> <span class='ocrx_word' id='word_1_244' title='bbox 590 3180 778 3259; x_wconf 87' lang='lat' dir='ltr'>unionem</span> <span class='ocrx_word' id='word_1_245' title='bbox 799 3197 887 3254; x_wconf 87' lang='lat' dir='ltr'>cum</span> <span class='ocrx_word' id='word_1_246' title='bbox 915 3172 1086 3263; x_wconf 83' lang='lat' dir='ltr'>Deo,.&amp;</span> <span class='ocrx_word' id='word_1_247' title='bbox 1111 3163 1272 3250; x_wconf 85' lang='lat' dir='ltr'>totalem</span> <span class='ocrx_word' id='word_1_248' title='bbox 1299 3169 1683 3261; x_wconf 77' lang='lat' dir='ltr'>transformationem</span> 
     </span>
     <span class='ocr_line' id='line_1_27' title="bbox 254 3280 1677 3403; baseline -0.001 -30"><span class='ocrx_word' id='word_1_249' title='bbox 254 3296 442 3389; x_wconf 76' lang='lat' dir='ltr'>iubeam,</span> <span class='ocrx_word' id='word_1_250' title='bbox 459 3316 545 3403; x_wconf 81' lang='lat' dir='ltr'>qua</span> <span class='ocrx_word' id='word_1_251' title='bbox 559 3313 689 3373; x_wconf 86' lang='lat' dir='ltr'>tamen</span> <span class='ocrx_word' id='word_1_252' title='bbox 710 3310 793 3367; x_wconf 93' lang='lat' dir='ltr'>non</span> <span class='ocrx_word' id='word_1_253' title='bbox 814 3280 882 3365; x_wconf 87' lang='lat' dir='ltr'>diu</span> <span class='ocrx_word' id='word_1_254' title='bbox 900 3282 1022 3364; x_wconf 90' lang='lat' dir='ltr'>durat.</span> <span class='ocrx_word' id='word_1_255' title='bbox 1082 3281 1280 3393; x_wconf 83' lang='lat' dir='ltr'>Quamdiu</span> <span class='ocrx_word' id='word_1_256' title='bbox 1299 3308 1426 3363; x_wconf 86' lang='lat' dir='ltr'>autem</span> <span class='ocrx_word' id='word_1_257' title='bbox 1445 3285 1570 3380; x_wconf 83' lang='lat' dir='ltr'>durat,</span> <span class='ocrx_word' id='word_1_258' title='bbox 1591 3313 1677 3371; x_wconf 90' lang='lat' dir='ltr'>non</span> 
     </span>
     <span class='ocr_line' id='line_1_28' title="bbox 254 3388 1679 3515; baseline -0.004 -26"><span class='ocrx_word' id='word_1_259' title='bbox 254 3400 449 3489; x_wconf 85' lang='lat' dir='ltr'>sentiuntur</span> <span class='ocrx_word' id='word_1_260' title='bbox 463 3404 647 3515; x_wconf 80' lang='lat' dir='ltr'>potentia</span> <span class='ocrx_word' id='word_1_261' title='bbox 669 3401 819 3490; x_wconf 83' lang='lat' dir='ltr'>animae,</span> <span class='ocrx_word' id='word_1_262' title='bbox 842 3421 915 3477; x_wconf 86' lang='lat' dir='ltr'>nee</span> <span class='ocrx_word' id='word_1_263' title='bbox 944 3388 1074 3493; x_wconf 85' lang='lat' dir='ltr'>scitur,</span> <span class='ocrx_word' id='word_1_264' title='bbox 1098 3392 1194 3505; x_wconf 89' lang='lat' dir='ltr'>quid</span> <span class='ocrx_word' id='word_1_265' title='bbox 1216 3397 1255 3474; x_wconf 89' lang='lat' dir='ltr'>in</span> <span class='ocrx_word' id='word_1_266' title='bbox 1278 3399 1324 3476; x_wconf 90' lang='lat' dir='ltr'>iis</span> <span class='ocrx_word' id='word_1_267' title='bbox 1352 3399 1565 3507; x_wconf 87' lang='lat' dir='ltr'>contingat.</span> <span class='ocrx_word' id='word_1_268' title='bbox 1620 3407 1679 3485; x_wconf 84' lang='lat' dir='ltr'>ita</span> 
     </span>
     <span class='ocr_line' id='line_1_29' title="bbox 254 3506 1678 3629; baseline -0.004 -28"><span class='ocrx_word' id='word_1_269' title='bbox 254 3522 284 3601; x_wconf 91' lang='lat' dir='ltr'>in</span> <span class='ocrx_word' id='word_1_270' title='bbox 305 3514 442 3629; x_wconf 85' lang='lat' dir='ltr'>meipsa</span> <span class='ocrx_word' id='word_1_271' title='bbox 463 3540 626 3627; x_wconf 84' lang='lat' dir='ltr'>experta</span> <span class='ocrx_word' id='word_1_272' title='bbox 649 3510 741 3595; x_wconf 82' lang='lat' dir='ltr'>ium</span> <span class='ocrx_word' id='word_1_273' title='bbox 797 3512 836 3592; x_wconf 90' lang='lat' dir='ltr'>Si</span> <span class='ocrx_word' id='word_1_274' title='bbox 862 3510 951 3617; x_wconf 88' lang='lat' dir='ltr'>quis</span> <span class='ocrx_word' id='word_1_275' title='bbox 982 3506 1165 3607; x_wconf 79' lang='lat' dir='ltr'>objiciat,</span> <span class='ocrx_word' id='word_1_276' title='bbox 1202 3532 1268 3588; x_wconf 89' lang='lat' dir='ltr'>cur</span> <span class='ocrx_word' id='word_1_277' title='bbox 1290 3533 1385 3618; x_wconf 85' lang='lat' dir='ltr'>ergo</span> <span class='ocrx_word' id='word_1_278' title='bbox 1411 3508 1605 3594; x_wconf 87' lang='lat' dir='ltr'>interdurn</span> <span class='ocrx_word' id='word_1_279' title='bbox 1629 3516 1678 3595; x_wconf 83' lang='lat' dir='ltr'>E·</span> 
     </span>
     <span class='ocr_line' id='line_1_30' title="bbox 256 3616 1747 3742; baseline -0.001 -35"><span class='ocrx_word' id='word_1_280' title='bbox 256 3634 480 3717; x_wconf 61' lang='lat' dir='ltr'>dnistdurat</span> <span class='ocrx_word' id='word_1_281' title='bbox 506 3653 579 3742; x_wconf 86' lang='lat' dir='ltr'>ptr</span> <span class='ocrx_word' id='word_1_282' title='bbox 605 3622 757 3737; x_wconf 68' lang='lat' dir='ltr'>aliquot</span> <span class='ocrx_word' id='word_1_283' title='bbox 784 3617 933 3703; x_wconf 80' lang='lat' dir='ltr'>horas?</span> <span class='ocrx_word' id='word_1_284' title='bbox 962 3616 1205 3729; x_wconf 83' lang='lat' dir='ltr'>respondeo,</span> <span class='ocrx_word' id='word_1_285' title='bbox 1228 3616 1322 3728; x_wconf 78' lang='lat' dir='ltr'>sape</span> <span class='ocrx_word' id='word_1_286' title='bbox 1342 3626 1470 3704; x_wconf 83' lang='lat' dir='ltr'>Deum</span> <span class='ocrx_word' id='word_1_287' title='bbox 1488 3624 1567 3705; x_wconf 87' lang='lat' dir='ltr'>hoc</span> <span class='ocrx_word' id='word_1_288' title='bbox 1588 3653 1677 3706; x_wconf 90' lang='lat' dir='ltr'>mo·</span> <span class='ocrx_word' id='word_1_289' title='bbox 1738 3714 1747 3723; x_wconf 82' lang='lat'>..</span> 
     </span>
    </p>
   </div>
   <div class='ocr_carea' id='block_1_3' title="bbox 255 3726 1678 3965">
    <p class='ocr_par' dir='ltr' id='par_1_3' title="bbox 255 3726 1678 3965">
     <span class='ocr_line' id='line_1_31' title="bbox 256 3726 1676 3855; baseline -0.006 -26"><span class='ocrx_word' id='word_1_290' title='bbox 256 3746 298 3829; x_wconf 87' lang='lat' dir='ltr'>do</span> <span class='ocrx_word' id='word_1_291' title='bbox 314 3744 452 3843; x_wconf 69' lang='lat' dir='ltr'>fatue,</span> <span class='ocrx_word' id='word_1_292' title='bbox 478 3770 524 3829; x_wconf 90' lang='lat' dir='ltr'>ut</span> <span class='ocrx_word' id='word_1_293' title='bbox 546 3741 758 3855; x_wconf 86' lang='lat' dir='ltr'>postquam</span> <span class='ocrx_word' id='word_1_294' title='bbox 788 3739 952 3817; x_wconf 89' lang='lat' dir='ltr'>animam</span> <span class='ocrx_word' id='word_1_295' title='bbox 970 3726 1139 3815; x_wconf 84' lang='lat' dir='ltr'>totaliter</span> <span class='ocrx_word' id='word_1_296' title='bbox 1168 3759 1257 3813; x_wconf 88' lang='lat' dir='ltr'>cum</span> <span class='ocrx_word' id='word_1_297' title='bbox 1276 3728 1345 3815; x_wconf 80' lang='lat' dir='ltr'>iir&#39;n</span> <span class='ocrx_word' id='word_1_298' title='bbox 1368 3740 1553 3842; x_wconf 81' lang='lat' dir='ltr'>potentin</span> <span class='ocrx_word' id='word_1_299' title='bbox 1572 3741 1611 3818; x_wconf 93' lang='lat' dir='ltr'>in</span> <span class='ocrx_word' id='word_1_300' title='bbox 1637 3733 1676 3821; x_wconf 83' lang='lat' dir='ltr'>se</span> 
     </span>
     <span class='ocr_line' id='line_1_32' title="bbox 255 3838 1678 3965; baseline -0.008 -22"><span class='ocrx_word' id='word_1_301' title='bbox 255 3870 393 3965; x_wconf 78' lang='lat' dir='ltr'>maan,</span> <span class='ocrx_word' id='word_1_302' title='bbox 414 3888 464 3947; x_wconf 84' lang='lat' dir='ltr'>ac</span> <span class='ocrx_word' id='word_1_303' title='bbox 484 3850 701 3946; x_wconf 42' lang='lat' dir='ltr'>&#39;ermestun</span> <span class='ocrx_word' id='word_1_304' title='bbox 716 3848 1038 3933; x_wconf 80' lang='lat' dir='ltr'>denuodimittat</span> <span class='ocrx_word' id='word_1_305' title='bbox 1060 3838 1137 3926; x_wconf 76' lang='lat' dir='ltr'>ase</span> <span class='ocrx_word' id='word_1_306' title='bbox 1162 3845 1257 3927; x_wconf 87' lang='lat' dir='ltr'>duas</span> <span class='ocrx_word' id='word_1_307' title='bbox 1273 3842 1438 3957; x_wconf 81' lang='lat' dir='ltr'>reliquas</span> <span class='ocrx_word' id='word_1_308' title='bbox 1464 3851 1678 3956; x_wconf 81' lang='lat' dir='ltr'>potentias,</span> 
     </span>
    </p>
   </div>
   <div class='ocr_carea' id='block_1_4' title="bbox 254 3952 1675 4178">
    <p class='ocr_par' dir='ltr' id='par_1_4' title="bbox 254 3952 1675 4178">
     <span class='ocr_line' id='line_1_33' title="bbox 254 3952 1675 4159; baseline -0.015 -93"><span class='ocrx_word' id='word_1_309' title='bbox 254 3980 453 4065; x_wconf 74' lang='lat' dir='ltr'>amanam</span> <span class='ocrx_word' id='word_1_310' title='bbox 475 3978 518 4059; x_wconf 76' lang='lat' dir='ltr'>dr</span> <span class='ocrx_word' id='word_1_311' title='bbox 544 3960 808 4061; x_wconf 79' lang='lat' dir='ltr'>voluntatem,</span> <span class='ocrx_word' id='word_1_312' title='bbox 830 3958 1040 4156; x_wconf 65' lang='lat' dir='ltr'>retinendYo</span> <span class='ocrx_word' id='word_1_313' title='bbox 1059 3952 1181 4043; x_wconf 85' lang='lat' dir='ltr'>solam</span> <span class='ocrx_word' id='word_1_314' title='bbox 1206 3953 1460 4044; x_wconf 86' lang='lat' dir='ltr'>voluntatem.</span> <span class='ocrx_word' id='word_1_315' title='bbox 1516 3964 1675 4159; x_wconf 54' lang='grc' dir='ltr'><strong>διιιιιξιί</strong></span> 
     </span>
     <span class='ocr_line' id='line_1_34' title="bbox 1058 4099 1081 4178; baseline 0 0"><span class='ocrx_word' id='word_1_316' title='bbox 1058 4099 1081 4178; x_wconf 76' lang='lat'>3</span> 
     </span>
    </p>
   </div>
   <div class='ocr_carea' id='block_1_5' title="bbox 0 0 1906 4994">
    <p class='ocr_par' dir='ltr' id='par_1_5' title="bbox 0 0 1906 4994">
     <span class='ocr_line' id='line_1_35' title="bbox 0 0 1906 4994; baseline 0 0"><span class='ocrx_word' id='word_1_317' title='bbox 0 0 1906 4994; x_wconf 95' lang='lat' dir='ltr'> </span> 
     </span>
    </p>
   </div>
  </div>
 </body>
</html>
