3796 4994
108 406 113 415 ,
221 333 331 420 110¹
598 306 904 418 Revelationes
922 312 984 416 S.
1021 310 1266 416 Gummi.

213 521 257 607 in
277 510 597 606 emendationem
623 525 665 606 δι
688 515 970 636 suppletionem
998 524 1174 633 omniurn
1200 540 1450 634 peccatorum
1470 518 1512 606 ἃ
1537 518 1663 638 negli-

53 704 57 711 .
130 734 135 745 Ι
215 637 432 753 mnarum
459 632 585 746 iplius.
669 635 736 724 Ad
779 637 893 749 quod
927 633 1190 720 obtinendum
1216 659 1362 730 exoro,
1405 658 1448 719 ut
1486 637 1593 750 apud
1622 662 1665 723 te

134 853 139 859 ⁶
216 770 442 865 permaneat
473 747 703 834 desiderium
740 776 871 834 meum
896 741 1123 834 indefessum
1155 773 1282 862 usque
1313 745 1513 833 adfinem
1544 743 1666 841 saculi

220 868 336 948 etiarn
368 861 508 965 adhuc,
535 889 622 948 cum
643 887 773 948 tecum
796 887 1087 976 conregnavero
1116 865 1157 944 in
1188 856 1314 946 coelis.
1401 865 1466 948 De
1484 865 1558 947 hac
1577 889 1699 978 gru·

223 977 677 1176 §irrisibilis
703 975 1121 1176 liiaiit‘is’ess
1139 978 1667 1177 {issimi

196 1234 200 1245 ·
222 1207 318 1293 tiam
337 1199 630 1318 indulgentiam,
646 1119 722 1317 quisi,
730 1208 896 1289 oraverit
912 1146 992 1316 pres
1004 1197 1224 1316 supplendis
1241 1199 1482 1318 negligentiis
1504 1120 1669 1292 uscer-

222 1317 373 1403 trudis?
432 1317 610 1405 Observo
632 1344 826 1430 preterea,
843 1317 960 1433 quod
980 1316 1136 1402 easdem
1156 1315 1423 1428 promiffioues
1445 1314 1668 1402 diversuno-

226 1429 280 1516 de
300 1457 510 1543 proponat.
541 1530 544 1539 ¹
588 1426 817 1546 Exemplum
842 1431 1006 1515 habetur
1027 1432 1108 1516 hoc
1128 1428 1211 1544 ipso
1234 1435 1381 1543 capite,
1412 1431 1481 1514 ubi
1500 1433 1541 1517 S.
1562 1433 1667 1516 Ger·

226 1544 360 1629 trudes
380 1548 432 1628 ad
452 1546 570 1632 finem
593 1544 644 1631 lic
667 1551 739 1631 ait':
778 1549 920 1632 Grates
934 1540 1133 1656 persolvo,
1150 1547 1340 1642 Domine,
1362 1544 1477 1656 quod
1499 1571 1564 1628 me
1587 1571 1670 1630 cer·

226 1654 375 1744 sificasti
393 1659 589 1759 verissimi,
608 1657 722 1774 quod
742 1665 970 1774 quicunque
986 1663 1101 1744 etiam
1116 1681 1301 1771 peccator
1319 1685 1408 1742 cum
1427 1652 1669 1770 suprascripta

227 1773 445 1858 intentione
469 1774 520 1858 ad
540 1781 597 1860 tui
616 1771 770 1860 laudem
794 1775 871 1858 mei
897 1776 1125 1858 memoriam
1155 1769 1284 1857 facere
1307 1767 1505 1869 voluerit,
1523 1768 1601 1857 five
1623 1798 1671 1856 o-

226 1912 316 1973 tans
344 1915 418 2000 pto
441 1888 731 2001 peccatoribus,
750 1885 836 1972 'five
864 1892 1000 2001 gratias
1027 1912 1144 1999 agens
1163 1912 1237 1999 pto
1271 1878 1402 1972 eleeis
1414 1941 1429 1984 ,
1452 1883 1531 1972 five
1553 1890 1669 1971 enam

225 2001 272 2085 in
296 2028 536 2118 quacunque
572 2030 615 2088 re
640 1998 910 2099 benefaciens,
951 2028 1037 2114 quo
1076 2000 1257 2085 devotius
1283 2002 1439 2112 potest,
1467 2016 1670 2114 nunquam

97 2206 112 2220 ,
228 2116 452 2227 presentem
473 2119 591 2202 vitam
621 2111 840 2201 terminabit
864 2140 1075 2229 antequam
1106 2138 1258 2199 tecum
1281 2108 1347 2198 tali
1372 2107 1524 2226 speciali
1544 2117 1699 2227 gratia

228 2253 476 2326 remuneres,
496 2229 623 2344 quod
644 2231 715 2314 tibi
742 2224 981 2313 conversatio
1005 2226 1119 2340 ipsius
1143 2223 1295 2339 placeat
1322 2232 1362 2310 δι
1384 2232 1498 2312 mam
1523 2230 1563 2311 in
1581 2254 1670 2314 eor·

231 2339 287 2426 de
301 2347 382 2444 elus
402 2343 545 2428 habear
564 2339 733 2460 aliquam
763 2336 988 2427 familiarem
1017 2336 1328 2429 delecistionem.
1386 2346 1480 2426 llaec
1507 2345 1672 2455 promis·

230 2452 290 2541 lio
313 2449 433 2571 longe
459 2459 512 2544 eli
537 2453 683 2543 diversa
706 2455 868 2571 ipriori
887 2449 1166 2569 supplicatione
1188 2458 1227 2541 S.
1253 2456 1468 2541 Gertrudis
1551 2456 1675 2570 Supe-

231 2571 313 2654 rius
334 2569 547 2674 dicebatur,
576 2573 647 2685 qui
665 2575 832 2656 oraverit
856 2572 897 2657 in
919 2564 1129 2677 charitate3
1178 2565 1243 2652 hic
1276 2564 1516 2681 privilegium
1537 2594 1676 2655 exten·

231 2681 336 2767 ditur
357 2689 472 2770 mam
497 2683 548 2769 ad
599 2709 807 2770 eccatores.
885 2685 1069 2794 Superius
1090 2685 1371 2797 requirebatur,
1387 2707 1430 2767 ut
1448 2706 1578 2768 oraret
1599 2711 1675 2795 pro

233 2791 456 2906 supplendis
492 2715 735 2912 negfigentiis
759 2801 800 2885 S.
835 2796 1058 2885 Getttudiss
1100 2794 1165 2880 hic
1199 2800 1430 2909 permittitur
1459 2822 1573 2881 orate
1600 2824 1675 2910 pro

231 2933 473 3025 quacunque
500 2909 619 3008 causa,
653 2910 874 2996 dummodo
899 2909 942 2995 id
967 2906 1035 2994 fiat
1059 2914 1101 2994 in
1128 2915 1355 2996 memoriam
1384 2913 1424 2997 8.
1452 2912 1676 3001 Gertrudisr

37 3046 59 3083 ‘·
230 3025 415 3137 Superius
435 3025 733 3136 prominebatut
752 3021 915 3109 remissio
941 3028 1117 3109 omnium
1142 3047 1416 3137 peccatorums
1443 3019 1509 3108 hic
1525 3026 1676 3112 tanturn

232 3142 474 3250 promittitur
500 3133 692 3224 familiaris
713 3133 921 3225 delebatio
947 3139 1023 3221 Dei
1039 3142 1080 3222 in
1105 3142 1187 3244 ejus
1210 3141 1354 3222 orantis
1382 3136 1517 3224 sorde.
1589 3141 1676 3226 Cae·

234 3272 361 3336 tetum
387 3247 593 3339 liberalitas
622 3247 809 3368 generalis
841 3257 979 3339 iterum
1012 3247 1264 3369 intelligenda
1296 3259 1402 3361 iuxta
1432 3251 1678 3344 conditiones

231 3370 364 3450 tacitas
386 3361 576 3482 regulatus
600 3371 763 3455 ratione.

350 3593 415 3679 xl.
471 3589 798 3704 1.3.c.1r.§
827 3604 891 3680 16.
945 3594 1118 3682 Christus
1139 3590 1249 3682 aas,
1270 3590 1507 3683 conulem
1529 3596 1604 3680 ait:
1636 3593 1679 3679 ln

238 3708 521 3791 communione
542 3709 657 3791 Sacra
677 3731 718 3792 te
738 3708 832 3792 mihi
850 3705 901 3793 fic
920 3709 1132 3806 intrabam,
1157 3732 1202 3793 ut
1221 3734 1350 3795 tecum
1371 3733 1511 3793 omnes
1533 3716 1677 3793 animas

237 3817 264 3904 ὲ
288 3825 514 3934 purgatorio
541 3823 757 3933 pertrahas,
785 3822 837 3906 ad
873 3847 1129 3936 quascunque
1155 3825 1374 3936 pervenerit
1398 3820 1504 3905 odor
1532 3822 1679 3907 defide-

237 3937 384 4019 tiorum
409 3958 578 4020 tuorum.
658 3937 749 4020 Poll
765 3936 847 4047 hoq
865 3932 1113 4050 promissum,
1135 3962 1223 4022 cum
1252 3937 1304 4025 ad
1331 3931 1524 4047 sumpntm
1551 3937 1677 4021 Secta·

240 4071 415 4140 mentum
442 4047 688 4156 desideraret,
715 4070 760 4141 ut
782 4047 855 4140 ubi
884 4051 1080 4138 Dominus
1110 4049 1164 4138 de
1191 4051 1417 4168 purgatorio
1447 4070 1512 4134 tor
1536 4054 1674 4246 Ἥ

1532 4189 1560 4276 P
1655 4200 1671 4258 ⁴,
