3796 4994
331 346 338 354 ,
442 330 448 339 ,
528 240 633 379 lieg
658 236 808 344 Praei.
830 274 887 343 ex
909 248 952 341 S.
966 249 1106 384 Μ.
1123 216 1180 344 ἅθ’
1200 222 1342 347 cruce.
1398 355 1400 359 ,
1553 280 1612 349 22
1623 277 1648 375 5

215 454 402 567 peritiam,
420 445 484 535 stu
500 460 631 564 potius
646 454 897 562 imperitiam,
920 457 961 534 dr
977 447 1028 535 fic
1054 455 1246 564 contingit
1267 449 1317 534 fin
1347 454 1360 533 i
1382 444 1527 535 diversa
1547 456 1653 557 juxta

213 571 351 650 variam
378 560 597 649 intellectis
622 571 900 674 capacitatem,
938 590 1227 678 quamnquam
1251 479 1401 675 prolata
1421 567 1470 646 ab
1493 562 1570 646 alio
1595 588 1652 646 at·
1748 564 1758 583 '
1801 574 1806 581 '

212 674 438 764 tenduntur.
501 682 567 762 Co
593 681 687 761 novi
724 675 892 790 aliquam
927 675 1154 789 personam,
1187 706 1276 790 quae
1302 680 1436 760 habuit
1462 678 1652 784 ejusmodi

213 794 417 877 ordinatos
439 785 503 876 dis
577 819 633 887 us,
652 795 692 874 in
718 795 860 903 quibus
884 791 1181 875 continebantur
1204 788 1652 902 aliquaepropofitiones

212 903 294 991 latia
315 933 420 989 verat
443 911 484 987 dc
501 910 706 1016 operativa
722 908 918 988 bonorum
941 901 1146 988 effeciuum
1170 911 1210 988 in
1232 912 1378 992 animas
1411 901 1499 986 aliae
1522 927 1651 985 autem

215 1023 470 1104 continebant
487 1042 622 1130 graves
645 1045 807 1101 errores.
869 1020 1130 1104 Vehementer
1152 1020 1341 1113 admiror,
1359 1018 1473 1129 quod
1494 1018 1551 1098 bis
1577 1043 1649 1098 no·

213 1134 288 1218 liris
305 1133 552 1244 temporibus
568 1127 753 1244 qualibet
777 1135 917 1229 anima,
934 1159 1021 1244 quae
1041 1158 1243 1245 parumper
1265 1125 1456 1242 progressa
1486 1126 1582 1212 ultra
1604 1124 1651 1211 li·

213 1272 300 1330 mtn
326 1241 679 1358 contemplationis,
707 1249 991 1356 quamprimum
1015 1250 1055 1328 in
1074 1241 1204 1358 aliqua
1226 1240 1461 1328 collectione
1482 1248 1595 1326 animi
1609 1247 1649 1326 in

213 1355 377 1443 selencii
395 1357 513 1443 talem
533 1363 755 1472 quampiam
776 1354 1067 1457 allocutionem,
1094 1387 1188 1442 mox
1212 1386 1298 1441 cam
1319 1363 1479 1439 nomine
1502 1358 1648 1440 divina·

213 1500 295 1557 rum
310 1476 587 1582 operationum
610 1473 801 1567 honestet,
824 1472 1004 1583 dicatque
1019 1471 1211 1582 intrepide
1235 1472 1313 1554 sine
1331 1469 1573 1553 dubitatione
1591 1468 1647 1552 ul·

216 1579 275 1669 la:
329 1587 443 1670 Deus
470 1586 550 1668 boc
576 1587 670 1668 mihi
697 1586 827 1671 dedit3
878 1590 985 1668 Deus
1023 1588 1117 1668 mihi
1156 1583 1375 1695 respondit,
1403 1611 1494 1667 cum
1520 1609 1649 1667 tamen

219 1724 348 1784 revera
360 1725 445 1781 non
471 1704 524 1781 ita
543 1696 605 1787 fite
633 1724 677 1781 ut
697 1703 800 1780 enim
819 1693 1072 1808 supradictum
1090 1700 1163 1786 ests
1200 1693 1284 1808 ipsae
1307 1700 1440 1782 anima
1461 1701 1502 1779 in
1526 1695 1649 1806 seipsis

223 1834 264 1895 ta
279 1812 401 1898 verba
424 1802 645 1907 efformatis,
674 1816 715 1894 δι
738 1812 822 1922 ipsa
841 1815 880 1892 in
904 1807 1107 1922 semetipsu
1130 1835 1351 1922 operantur.
1407 1809 1651 1893 Desiderium

224 1949 264 2007 ²⁰
279 1920 721 2148 titillabit.
737 1919 1650 2149 {llll2{},ill‘.³‡2¹³l¹..fi¹¹“l2h.¹¹20¹3·
1741 2067 1746 2071 -

598 2100 611 2138 2
901 2092 914 2133 ἲ
1317 2096 1328 2119 ⁶
1631 2084 1649 2101 ⁸

227 2032 409 2262 ldmmr,
441 2144 539 2235 tales
562 2158 708 2234 animas
737 2148 908 2234 incidere
933 2154 975 2235 in
1006 2145 1126 2235 multa
1156 2151 1492 2246 inconvenientia,
1524 2148 1590 2233 nisi
1611 2145 1649 2232 se

235 2269 452 2366 mnrineant,
483 2268 522 2346 δι
551 2258 965 2348 diuis-Dittdioribus
1001 2265 1278 2376 adstringantur
1305 2264 1357 2347 ad
1381 2263 1651 2347 omnimodam

176 2462 190 2483 ‚¹
236 2375 468 2481 tbitdionem
491 2370 624 2460 talium
652 2371 944 2460 allocutionum.
998 2381 1103 2461 Nam
1131 2378 1273 2463 exinde
1291 2372 1344 2460 nil
1366 2372 1471 2461 aliud
1498 2399 1649 2460 contra·

237 2486 331 2589 bunt,
358 2489 479 2606 quim
504 2485 780 2602 loquacitatem
815 2494 1133 2602 &impuritatem
1164 2497 1320 2579 animata
1360 2518 1442 2572 non
1462 2493 1555 2573 verb
1577 2491 1652 2572 hu·

176 2646 180 2675 ι
239 2597 432 2703 uilitatem,
462 2608 502 2684 δι
530 2600 864 2686 mortificationem
888 2603 1062 2713 Spiritvls.
1115 2604 1348 2699 Existimant,
1371 2630 1547 2715 magnam
1568 2631 1650 2687 tem
1738 2624 1742 2631 '

241 2713 404 2815 incesse,
435 2715 549 2830 quod
567 2712 694 2799 secum
709 2710 896 2828 loquatur
924 2722 1042 2816 Deus,
1069 2743 1154 2800 cum
1176 2719 1218 2800 id
1236 2740 1364 2800 totum
1386 2712 1480 2801 nihil
1499 2716 1556 2812 stt,
1579 2722 1652 2800 im·
1770 2738 1775 2744 ·

241 2827 421 2942 uopaulo
446 2835 572 2912 minus
594 2823 730 2912 nihilo.
785 2832 890 2912 Nam
911 2830 1010 2942 quid
1038 2827 1114 2915 effe
1141 2831 1282 2942 potest,
1310 2832 1422 2942 quod
1444 2857 1527 2915 non
1555 2845 1651 2942 pro·

241 2939 322 3027 ducit
340 2939 609 3037 humilitatem,
637 2966 835 3039 amorem,
862 2942 1027 3026 sanciam
1058 2938 1357 3054 simplicitatem,
1384 2945 1652 3029 mortificatio-

239 3074 330 3158 vtu,
354 3057 574 3141 blentiumi
599 3055 692 3139 dico
710 3057 840 3166 proin,
860 3052 948 3140 talia
974 3051 1181 3164 plurimtim
1212 3055 1422 3166 impedire,
1452 3083 1508 3140 ne
1525 3059 1652 3139 anima

238 3174 404 3282 puungat
421 3170 473 3253 ad
494 3173 676 3253 unionem
694 3195 781 3251 cum
809 3173 914 3266 Deo,
936 3168 987 3252 ad
1011 3194 1131 3282 quem
1161 3165 1480 3279 proficiscendum
1501 3170 1555 3279 est
1578 3168 1653 3251 du-

238 3284 283 3364 dv
301 3278 470 3369 obscura
495 3279 588 3366 fidei
609 3286 649 3364 δι
664 3285 806 3365 amoris
826 3281 905 3367 sine
935 3278 1064 3380 multis
1083 3283 1452 3367 ratiocinationibus.
1567 3281 1651 3365 uod
1689 3272 1697 3281 ’

176 3460 178 3475 .
236 3386 351 3508 lqu‘o
374 3395 548 3501 objiciats
578 3422 662 3479 uon
693 3392 802 3506 poffe
831 3396 1025 3504 ejusmodi
1057 3402 1235 3480 veritates
1271 3391 1348 3478 effe
1384 3424 1467 3480 rem
1497 3290 1652 3492 nbilam

176 3576 178 3585 .
236 3527 304 3593 vm
321 3508 376 3594 ad
393 3504 478 3593 illas
497 3509 525 3593 d
541 3509 680 3619 Spiritu
699 3511 843 3593 Sancto
863 3509 999 3592 divino
1019 3504 1164 3593 lumine
1184 3503 1405 3601 illustreturs
1431 3537 1514 3594 non
1536 3512 1651 3621 igitur
1689 3547 1694 3553 ·

196 3648 199 3655 ·
235 3618 349 3721 rideri,
370 3648 436 3707 eas
462 3620 539 3706 elie
564 3620 828 3729 abjiciendas?
856 3619 1103 3733 Respondeo,
1120 3622 1233 3818 quod
1255 3623 1415 3733 Spiritus
1430 3628 1588 3707 sanetus
1610 3648 1652 3703 a·

235 3732 328 3818 me
351 3730 568 3821 recollediae
599 3740 704 3836 iuxta
731 3735 991 3820 modumsuae
1029 3762 1121 3819 recu
1152 3740 1315 3820 edionis
1342 3741 1457 3819 etiam
1480 3733 1655 3819 conferat
1816 3782 1819 3787 -

235 3836 524 3938 lastrauonemt
553 3869 640 3931 cum
659 3873 755 3960 ergo
771 3855 894 3953 major
916 3843 1141 3933 recolleeiio
1161 3855 1296 3932 animae
1322 3848 1405 3932 dari
1430 3877 1511 3932 non
1529 3847 1654 3958 poffir,

236 3956 291 4045 m
308 3988 379 4073 per
401 3966 505 4046 viam
525 3959 632 4056 fidei,
653 3967 769 4045 etiam
786 3961 946 4071 Spiritus
968 3964 1128 4050 Sanctus
1143 3988 1224 4049 non
1243 3954 1340 4046 solet
1363 3958 1437 4047 alia
1458 3965 1520 4045 via
1535 3966 1656 4058 maio·
1733 3973 1738 3981 ·

303 4071 753 4183 ·D.E.A.deRevelat.
775 4074 933 4164 Parti.
1216 4070 1281 4161 Fr
1571 4095 1655 4154 tent
