3690 4988
379 310 382 315 ·
499 262 708 368 neverat!
720 268 773 366 de
795 266 985 401 Agreda.
1001 275 1113 367 Part
1132 276 1213 372 III.
1288 216 1299 225 ι
1469 308 1538 402 47
1550 288 1567 379 'r

187 484 279 575 vita,
302 500 373 560 nec
391 476 479 586 post
498 498 662 558 mortem
678 469 845 584 permisrr
864 475 974 558 Deus
987 477 1114 561 videri
1131 474 1332 591 quidpiam
1354 478 1405 567 dc
1426 476 1571 593 eorpo-

166 600 230 679 xli.
259 596 437 707 Virginis,
452 587 518 674 nifi
538 583 663 673 solium
691 612 806 698 caput
832 591 872 669 dc
898 614 1045 672 manus.

241 737 290 808 75
304 734 339 788 ι.
369 705 543 791 Chrillus
567 730 649 796 non
669 702 804 785 habuit
822 725 968 785 tantam
990 729 1119 787 curam
1141 708 1288 816 proprii
1311 716 1508 821 corporis,
1527 738 1573 801 ut

166 822 260 909 tbuit
285 822 336 904 de
362 844 529 930 corpore
552 813 623 901 suae
650 818 794 900 Matris.
865 822 910 900 B.
938 820 1060 929 Virgo
1085 825 1238 932 rogavit
1259 826 1495 927 Dominum,
1528 850 1573 915 ut

166 966 233 1023 um
252 961 391 1046 corpus
408 934 493 1044 post
509 954 675 1015 mortem
694 928 718 1015 ai
737 923 849 1015 nullo
867 930 1078 1030 videretur,
1097 932 1212 1045 quod
1234 938 1274 1017 dr
1289 934 1470 1025 ob'tinuit.
1500 942 1569 1030 Ad

165 1048 368 1164 epulturam
390 1050 573 1131 convenit
585 1070 723 1156 magna
737 1039 948 1128 multitudo
958 1040 1131 1128 fidelium
1158 1070 1246 1131 cum
1270 1047 1453 1151 candelis,
1473 1082 1568 1169 qua·
1672 1128 1675 1139 ,
1717 1096 1720 1103 ·

169 1196 210 1251 m
236 1160 342 1251 nulla
360 1158 421 1245 vel
443 1162 643 1245 minimum
663 1154 970 1265 consumebatur,
994 1163 1257 1283 quamvisper
1276 1163 1445 1252 triduum
1463 1184 1573 1255 man·-

165 1284 242 1366 rint
273 1271 449 1362 accensa.
880 1324 884 1329 ·
1480 1362 1489 1376 ,

243 1422 291 1496 75
305 1422 340 1481 ι.
372 1393 480 1474 Deus
494 1389 850 1507 commpuirpcorda
869 1380 1342 1495 incolarumJerosolimae,
1359 1419 1571 1503 utromnes,

165 1540 190 1595 u
210 1503 293 1593 ullo
311 1508 425 1591 etiam
450 1492 717 1615 gentilismi
729 1502 956 1604 Judaeorum
977 1508 1158 1616 excepto,
1172 1506 1377 1609 affisterent
1389 1512 1571 1625 Sepultuf

165 1653 188 1711 r.
244 1617 353 1707 Mille
376 1615 503 1732 angeli
525 1616 701 1703 custodes
723 1626 765 1703 B.
783 1622 948 1730 Virginis
964 1618 1236 1729 praecedebant
1257 1646 1452 1723 canentes,
1468 1628 1575 1740 qu'o·

165 1766 212 1824 rm
242 1733 385 1820 Mufica
405 1732 635 1843 audiebatur
664 1731 714 1816 ab
738 1733 936 1844 Apostolis
952 1737 991 1814 dc
1010 1731 1227 1844 Discipulis,
1254 1734 1451 1823 &multis
1478 1728 1594 1831 aliisj''

178 1846 287 1939 coelo
308 1849 359 1934 ad
386 1842 628 1959 sepulturam
659 1843 940 1932 descenderunt
966 1843 1095 1933 multae
1118 1851 1312 1963 Legiones
1324 1852 1573 1967 Angelorum

164 1997 219 2055 rm
242 1965 479 2064 Patriarchis‚
496 1963 713 2072 Prophetis,
741 2008 758 2026 ·
1019 1992 1022 1997 ·
1438 1966 1463 1997 ‘³

236 2107 343 2193 ¹753.
384 2081 427 2161 ln
446 2081 509 2160 via
532 2077 584 2160 ad
605 2071 860 2187 Sepulchrum
886 2078 1133 2191 contigerunt
1163 2070 1283 2164 multa
1303 2078 1497 2191 miracula,
1520 2070 1576 2177 ad

164 2222 300 2282 rorum
329 2194 608 2276 enarrationem
634 2196 892 2302 requireretur
915 2187 1080 2276 multum
1098 2217 1176 2279 tem
1207 2197 1297 2280 oris.
1354 2200 1505 2283 Omnes
1524 2227 1577 2284 ae·

164 2317 200 2409 i,
226 2334 397 2419 qnorum
425 2331 564 2418 magna
581 2300 791 2388 multitudo
820 2330 1070 2402 convenerat,
1094 2224 1340 2399 sanalanturr
1370 2307 1479 2395 multi
1502 2312 1578 2398 ob·

164 2419 512 2513 ffiliberabanturs
550 2412 660 2503 multi
687 2418 923 2531 Judaeorum
937 2424 977 2501 ἃ
1003 2416 1204 2531 gentilium
1236 2424 1574 2513 convertebantur.

164 2588 198 2625 .
249 2565 344 2637 754.
384 2535 452 2619 Ad
479 2527 669 2616 tumulum
694 2538 739 2616 B.
769 2535 937 2644 Virginis
961 2532 1165 2643 permanfit
1185 2536 1338 2646 integro
1361 2562 1468 2620 anno
1495 2533 1577 2624 sua·

164 2651 299 2741 ffimus
319 2650 444 2736 odom
471 2652 512 2730 in
531 2649 716 2730 oratorio
737 2669 867 2728 autem
892 2642 990 2729 illius
1012 2645 1148 2730 manfit
1175 2644 1442 2743 holthunon,
1554 2698 1581 2733 .·

249 2791 297 2865 75
311 2789 347 2863 5.
372 2760 477 2845 Aves
496 2786 677 2879 quoque,
700 2765 739 2842 δι
763 2756 851 2844 ferae
873 2761 924 2843 ad
943 2766 1022 2867 ejus
1042 2758 1294 2870 Sepulchrum
1307 2792 1361 2859 ,cx
1382 2750 1582 2854 montibus

188 2874 308 2993 sylvis
335 2878 611 2960 convenientes
640 2868 788 2957 ludum
818 2871 1095 2971 monstrirunts
1127 2869 1251 2959 solum
1272 2872 1391 2992 allqui
1414 2875 1580 2993 gentiles

180 2994 312 3102 Judaei
330 3016 411 3074 non
432 2988 623 3075 dederunt
640 2984 788 3098 fignum
812 2991 851 3071 in
871 3012 997 3070 morte
1015 2985 1085 3071 suae
1108 2990 1351 3075 mediatricis.

248 3121 345 3208 762.
385 3100 479 3189 Sola
507 3109 549 3184 B.
575 3106 643 3185 Vir
672 3129 698 3183 o
719 3127 802 3183 non
821 3100 957 3184 habuit
986 3101 1161 3185 debitum
1182 3103 1369 3189 subeundi
1391 3106 1576 3213 judicium

163 3216 375 3311 ‚reicularer
404 3244 535 3329 neque
555 3214 603 3299 ab
619 3128 684 3297 illa
703 3212 776 3298 fuit
797 3220 929 3299 exacta
949 3220 1048 3300 ratio
1064 3222 1144 3317 eius
1160 3216 1372 3317 actionum,
1387 3226 1425 3304 δι
1443 3216 1577 3307 dono·

163 3367 213 3425 m
234 3356 498 3445 acceptorum.
555 3327 622 3412 Ob
645 3331 747 3412 hanc
772 3326 917 3413 causam
944 3333 1177 3413 inextremo
1198 3330 1345 3439 judicio
1371 3358 1451 3419 non
1475 3338 1577 3435 ludi·

163 3453 295 3546 bitur,
316 3470 358 3530 ut
374 3449 498 3530 caeteri
521 3442 714 3544 homines,
735 3439 802 3525 sed
828 3447 958 3527 veniet
979 3439 1114 3528 sedens
1130 3444 1182 3527 ad
1198 3447 1397 3533 dexteram
1421 3445 1476 3535 sui
1493 3448 1575 3553 filii,

193 3590 290 3647 cum
315 3586 368 3644 eo
389 3560 532 3666 judicet
555 3584 691 3640 omnes
716 3582 918 3642 creaturas.
944 3604 962 3622 -
1022 3562 1249 3644 Humanitas
1275 3562 1411 3648 Chrilli
1431 3565 1482 3648 ad
1505 3570 1579 3651 Pa·

162 3704 231 3765 em
254 3675 369 3759 dixit:
400 3675 505 3757 Cum
525 3698 611 3755 mea
632 3694 754 3753 mater
778 3673 817 3753 in
839 3679 917 3754 vita
936 3666 1083 3782 semper
1101 3661 1217 3757 fuerit
1234 3678 1327 3758 mihi
1345 3682 1575 3779 conformis,

162 3866 166 3879 ,
190 3790 321 3905 gradu
340 3782 514 3871 absolute
532 3781 718 3898 polsrbili,
747 3785 884 3879 decet,
917 3807 959 3867 ut
982 3790 1098 3870 etiam
1118 3788 1211 3869 mihi
1233 3787 1277 3871 lit
1292 3790 1505 3876 conformis
1531 3798 1575 3879 in

162 3904 273 4001 loris,
291 3908 338 3985 dc
353 3905 394 3984 in
413 3898 503 3984 sede
520 3899 632 4011 lupcr
645 3886 829 3981 chronu‘m
851 3900 1049 4001 majestatis
1069 3899 1218 3999 nostrat,
1236 3924 1280 3987 ut
1297 3902 1354 3990 ibi
1368 3903 1413 3993 ht
1430 3903 1577 3995 summa

162 4019 392 4132 arudpatio,
416 4014 485 4127 ubi
510 4015 564 4127 eil
578 4007 780 4126 clientialis
795 4009 981 4123 [auditas.
1556 4052 1561 4057 ·
