<?xml version="1.0" encoding="UTF-8"?>
<!DOCTYPE html PUBLIC "-//W3C//DTD XHTML 1.0 Transitional//EN"
    "http://www.w3.org/TR/xhtml1/DTD/xhtml1-transitional.dtd">
<html xmlns="http://www.w3.org/1999/xhtml" xml:lang="en" lang="en">
 <head>
  <title>
</title>
<meta http-equiv="Content-Type" content="text/html;charset=utf-8" />
  <meta name='ocr-system' content='tesseract 3.04.00' />
  <meta name='ocr-capabilities' content='ocr_page ocr_carea ocr_par ocr_line ocrx_word'/>
</head>
<body>
  <div class='ocr_page' id='page_1' title='image "./derevelationibu00amorgoog_0285.png"; bbox 0 0 3796 4994; ppageno 0'>
   <div class='ocr_carea' id='block_1_1' title="bbox 563 170 1595 381">
    <p class='ocr_par' dir='ltr' id='par_1_1' title="bbox 563 170 1595 381">
     <span class='ocr_line' id='line_1_1' title="bbox 563 170 1595 381; baseline 0.008 -35"><span class='ocrx_word' id='word_1_1' title='bbox 563 170 836 379; x_wconf 74' lang='lat' dir='ltr'>Regularum</span> <span class='ocrx_word' id='word_1_2' title='bbox 872 248 1192 350; x_wconf 74' lang='lat' dir='ltr'>Suomarium.</span> <span class='ocrx_word' id='word_1_3' title='bbox 1498 257 1595 381; x_wconf 79' lang='lat'>265</span> 
     </span>
    </p>
   </div>
   <div class='ocr_carea' id='block_1_2' title="bbox 195 444 1600 569">
    <p class='ocr_par' dir='ltr' id='par_1_2' title="bbox 195 444 1600 569">
     <span class='ocr_line' id='line_1_2' title="bbox 195 444 1600 569; baseline 0.004 -33"><span class='ocrx_word' id='word_1_4' title='bbox 195 486 238 557; x_wconf 57' lang='lat' dir='ltr'>p</span> <span class='ocrx_word' id='word_1_5' title='bbox 260 444 417 566; x_wconf 58' lang='lat' dir='ltr'>Regula.</span> <span class='ocrx_word' id='word_1_6' title='bbox 453 479 516 553; x_wconf 85' lang='lat'>¹3·</span> <span class='ocrx_word' id='word_1_7' title='bbox 574 457 671 538; x_wconf 89' lang='lat' dir='ltr'>Non</span> <span class='ocrx_word' id='word_1_8' title='bbox 699 455 752 540; x_wconf 86' lang='lat' dir='ltr'>est</span> <span class='ocrx_word' id='word_1_9' title='bbox 778 478 923 561; x_wconf 84' lang='lat' dir='ltr'>certum</span> <span class='ocrx_word' id='word_1_10' title='bbox 957 452 1128 569; x_wconf 78' lang='lat' dir='ltr'>figarum,</span> <span class='ocrx_word' id='word_1_11' title='bbox 1160 449 1437 541; x_wconf 80' lang='lat' dir='ltr'>revelationem</span> <span class='ocrx_word' id='word_1_12' title='bbox 1456 453 1547 557; x_wconf 82' lang='lat' dir='ltr'>eise</span> <span class='ocrx_word' id='word_1_13' title='bbox 1575 456 1600 542; x_wconf 73' lang='lat' dir='ltr'>i</span> 
     </span>
    </p>
   </div>
   <div class='ocr_carea' id='block_1_3' title="bbox 145 528 1793 685">
    <p class='ocr_par' dir='ltr' id='par_1_3' title="bbox 145 528 1793 685">
     <span class='ocr_line' id='line_1_3' title="bbox 145 528 1793 685; baseline 0.001 -35"><span class='ocrx_word' id='word_1_14' title='bbox 145 567 251 668; x_wconf 86' lang='lat' dir='ltr'>Deo,</span> <span class='ocrx_word' id='word_1_15' title='bbox 277 568 641 675; x_wconf 75' lang='lat' dir='ltr'>etiamsrconjunsia</span> <span class='ocrx_word' id='word_1_16' title='bbox 666 568 713 654; x_wconf 82' lang='lat' dir='ltr'>fit</span> <span class='ocrx_word' id='word_1_17' title='bbox 736 594 825 654; x_wconf 88' lang='lat' dir='ltr'>cum</span> <span class='ocrx_word' id='word_1_18' title='bbox 858 569 1005 655; x_wconf 84' lang='lat' dir='ltr'>visione</span> <span class='ocrx_word' id='word_1_19' title='bbox 1029 575 1107 655; x_wconf 92' lang='lat' dir='ltr'>Dei</span> <span class='ocrx_word' id='word_1_20' title='bbox 1127 573 1224 685; x_wconf 75' lang='lat' dir='ltr'>pure</span> <span class='ocrx_word' id='word_1_21' title='bbox 1258 565 1508 655; x_wconf 75' lang='lat' dir='ltr'>intelletum</span> <span class='ocrx_word' id='word_1_22' title='bbox 1530 568 1600 655; x_wconf 81' lang='lat' dir='ltr'>sub</span> <span class='ocrx_word' id='word_1_23' title='bbox 1738 622 1740 627; x_wconf 92' lang='lat'>·</span> <span class='ocrx_word' id='word_1_24' title='bbox 1778 528 1793 576; x_wconf 36' lang='lat'><strong>²</strong></span> 
     </span>
    </p>
   </div>
   <div class='ocr_carea' id='block_1_4' title="bbox 142 684 1756 1029">
    <p class='ocr_par' dir='ltr' id='par_1_4' title="bbox 142 684 1756 1029">
     <span class='ocr_line' id='line_1_4' title="bbox 145 684 1756 800; baseline 0.004 -34"><span class='ocrx_word' id='word_1_25' title='bbox 145 707 336 796; x_wconf 87' lang='lat' dir='ltr'>conceptu</span> <span class='ocrx_word' id='word_1_26' title='bbox 357 687 540 797; x_wconf 90' lang='lat' dir='ltr'>negativo</span> <span class='ocrx_word' id='word_1_27' title='bbox 564 709 631 769; x_wconf 89' lang='lat' dir='ltr'>aut</span> <span class='ocrx_word' id='word_1_28' title='bbox 656 684 838 797; x_wconf 80' lang='lat' dir='ltr'>positivo.</span> <span class='ocrx_word' id='word_1_29' title='bbox 895 687 1007 770; x_wconf 82' lang='lat' dir='ltr'>Ratio</span> <span class='ocrx_word' id='word_1_30' title='bbox 1030 688 1103 783; x_wconf 80' lang='lat' dir='ltr'>eil,</span> <span class='ocrx_word' id='word_1_31' title='bbox 1132 691 1224 800; x_wconf 89' lang='lat' dir='ltr'>quia</span> <span class='ocrx_word' id='word_1_32' title='bbox 1253 687 1368 774; x_wconf 88' lang='lat' dir='ltr'>Deus</span> <span class='ocrx_word' id='word_1_33' title='bbox 1399 710 1478 770; x_wconf 90' lang='lat' dir='ltr'>ram</span> <span class='ocrx_word' id='word_1_34' title='bbox 1502 698 1600 771; x_wconf 56' lang='lat' dir='ltr'>con*</span> <span class='ocrx_word' id='word_1_35' title='bbox 1752 788 1756 795; x_wconf 87' lang='lat'><em>.</em></span> 
     </span>
     <span class='ocr_line' id='line_1_5' title="bbox 145 795 1696 913; baseline 0.01 -33"><span class='ocrx_word' id='word_1_36' title='bbox 145 823 261 911; x_wconf 87' lang='lat' dir='ltr'>ceptu</span> <span class='ocrx_word' id='word_1_37' title='bbox 310 797 448 884; x_wconf 81' lang='lat' dir='ltr'>ositivo</span> <span class='ocrx_word' id='word_1_38' title='bbox 468 799 587 913; x_wconf 76' lang='lat' dir='ltr'>quim</span> <span class='ocrx_word' id='word_1_39' title='bbox 607 805 792 913; x_wconf 84' lang='lat' dir='ltr'>negativo</span> <span class='ocrx_word' id='word_1_40' title='bbox 809 802 935 912; x_wconf 91' lang='lat' dir='ltr'>potest</span> <span class='ocrx_word' id='word_1_41' title='bbox 956 795 1264 885; x_wconf 76' lang='lat' dir='ltr'>intelleeiualiter</span> <span class='ocrx_word' id='word_1_42' title='bbox 1280 803 1463 913; x_wconf 80' lang='lat' dir='ltr'>cognosci</span> <span class='ocrx_word' id='word_1_43' title='bbox 1483 808 1601 888; x_wconf 86' lang='lat' dir='ltr'>etiarn</span> <span class='ocrx_word' id='word_1_44' title='bbox 1694 890 1696 895; x_wconf 86' lang='grc'><em>,</em></span> 
     </span>
     <span class='ocr_line' id='line_1_6' title="bbox 142 829 1532 1029; baseline 0.002 -30"><span class='ocrx_word' id='word_1_45' title='bbox 142 941 214 1027; x_wconf 91' lang='lat' dir='ltr'>pet</span> <span class='ocrx_word' id='word_1_46' title='bbox 235 829 354 998; x_wconf 76' lang='lat' dir='ltr'>solam</span> <span class='ocrx_word' id='word_1_47' title='bbox 381 914 753 1026; x_wconf 87' lang='lat' dir='ltr'>contemplationem</span> <span class='ocrx_word' id='word_1_48' title='bbox 774 910 1001 1001; x_wconf 77' lang='lat' dir='ltr'><strong>naturalem.</strong></span> <span class='ocrx_word' id='word_1_49' title='bbox 1058 919 1170 1003; x_wconf 86' lang='lat' dir='ltr'>Laur.</span> <span class='ocrx_word' id='word_1_50' title='bbox 1198 920 1293 1029; x_wconf 86' lang='lat' dir='ltr'>Reg.</span> <span class='ocrx_word' id='word_1_51' title='bbox 1312 945 1350 1012; x_wconf 87' lang='lat'>7.</span> <span class='ocrx_word' id='word_1_52' title='bbox 1529 916 1532 921; x_wconf 80' lang='grc'><strong>’</strong></span> 
     </span>
    </p>
   </div>
   <div class='ocr_carea' id='block_1_5' title="bbox 142 1103 1715 1456">
    <p class='ocr_par' dir='ltr' id='par_1_5' title="bbox 142 1103 1715 1456">
     <span class='ocr_line' id='line_1_7' title="bbox 258 1103 1715 1227; baseline 0.001 -34"><span class='ocrx_word' id='word_1_53' title='bbox 258 1104 415 1227; x_wconf 82' lang='lat' dir='ltr'>Regula.</span> <span class='ocrx_word' id='word_1_54' title='bbox 449 1134 512 1221; x_wconf 87' lang='lat'>¹4·</span> <span class='ocrx_word' id='word_1_55' title='bbox 568 1113 723 1194; x_wconf 82' lang='lat' dir='ltr'>Priores</span> <span class='ocrx_word' id='word_1_56' title='bbox 756 1108 842 1195; x_wconf 84' lang='lat' dir='ltr'>duae</span> <span class='ocrx_word' id='word_1_57' title='bbox 865 1103 1021 1220; x_wconf 84' lang='lat' dir='ltr'>ilegulae</span> <span class='ocrx_word' id='word_1_58' title='bbox 1055 1105 1192 1195; x_wconf 89' lang='lat' dir='ltr'>locum</span> <span class='ocrx_word' id='word_1_59' title='bbox 1229 1109 1376 1193; x_wconf 91' lang='lat' dir='ltr'>habent</span> <span class='ocrx_word' id='word_1_60' title='bbox 1407 1112 1522 1192; x_wconf 87' lang='lat' dir='ltr'>etiam</span> <span class='ocrx_word' id='word_1_61' title='bbox 1558 1112 1599 1194; x_wconf 92' lang='lat' dir='ltr'>in</span> <span class='ocrx_word' id='word_1_62' title='bbox 1704 1165 1715 1181; x_wconf 48' lang='grc' dir='ltr'><strong>ι</strong></span> 
     </span>
     <span class='ocr_line' id='line_1_8' title="bbox 142 1217 1600 1338; baseline 0.002 -32"><span class='ocrx_word' id='word_1_63' title='bbox 142 1219 314 1336; x_wconf 87' lang='lat' dir='ltr'>personis</span> <span class='ocrx_word' id='word_1_64' title='bbox 341 1223 514 1308; x_wconf 70' lang='lat' dir='ltr'>rudibus,</span> <span class='ocrx_word' id='word_1_65' title='bbox 602 1229 708 1335; x_wconf 81' lang='lat' dir='ltr'>Quia</span> <span class='ocrx_word' id='word_1_66' title='bbox 738 1217 843 1308; x_wconf 88' lang='lat' dir='ltr'>nulla</span> <span class='ocrx_word' id='word_1_67' title='bbox 859 1221 1022 1338; x_wconf 91' lang='lat' dir='ltr'>persona</span> <span class='ocrx_word' id='word_1_68' title='bbox 1041 1227 1095 1310; x_wconf 91' lang='lat' dir='ltr'>est</span> <span class='ocrx_word' id='word_1_69' title='bbox 1117 1219 1292 1311; x_wconf 75' lang='lat' dir='ltr'>absolute</span> <span class='ocrx_word' id='word_1_70' title='bbox 1314 1231 1479 1338; x_wconf 79' lang='lat' dir='ltr'>incapax</span> <span class='ocrx_word' id='word_1_71' title='bbox 1502 1230 1600 1331; x_wconf 55' lang='lat' dir='ltr'>ejuse</span> 
     </span>
     <span class='ocr_line' id='line_1_9' title="bbox 142 1336 1587 1456; baseline 0.003 -34"><span class='ocrx_word' id='word_1_72' title='bbox 142 1339 255 1423; x_wconf 87' lang='lat' dir='ltr'>modi</span> <span class='ocrx_word' id='word_1_73' title='bbox 283 1337 628 1452; x_wconf 88' lang='lat' dir='ltr'>contemplationis</span> <span class='ocrx_word' id='word_1_74' title='bbox 645 1336 838 1426; x_wconf 80' lang='lat' dir='ltr'>naturalis.</span> <span class='ocrx_word' id='word_1_75' title='bbox 885 1343 1005 1449; x_wconf 68' lang='lat' dir='ltr'>laur.</span> <span class='ocrx_word' id='word_1_76' title='bbox 1023 1342 1119 1456; x_wconf 88' lang='lat' dir='ltr'>Reg.</span> <span class='ocrx_word' id='word_1_77' title='bbox 1138 1360 1179 1434; x_wconf 75' lang='lat' dir='ltr'>a.</span> <span class='ocrx_word' id='word_1_78' title='bbox 1580 1340 1587 1357; x_wconf 62' lang='lat'>⁸</span> 
     </span>
    </p>
   </div>
   <div class='ocr_carea' id='block_1_6' title="bbox 140 1527 1646 1992">
    <p class='ocr_par' dir='ltr' id='par_1_6' title="bbox 140 1527 1646 1992">
     <span class='ocr_line' id='line_1_10' title="bbox 261 1527 1601 1649; baseline 0.002 -33"><span class='ocrx_word' id='word_1_79' title='bbox 261 1530 415 1649; x_wconf 81' lang='lat' dir='ltr'>Regula.</span> <span class='ocrx_word' id='word_1_80' title='bbox 446 1561 512 1631; x_wconf 87' lang='grc' dir='ltr'><strong>ις.</strong></span> <span class='ocrx_word' id='word_1_81' title='bbox 571 1535 670 1617; x_wconf 83' lang='grc' dir='ltr'><strong>Νοιι</strong></span> <span class='ocrx_word' id='word_1_82' title='bbox 702 1534 756 1617; x_wconf 86' lang='lat' dir='ltr'>est</span> <span class='ocrx_word' id='word_1_83' title='bbox 786 1557 933 1619; x_wconf 89' lang='lat' dir='ltr'>certum</span> <span class='ocrx_word' id='word_1_84' title='bbox 964 1534 1136 1647; x_wconf 83' lang='lat' dir='ltr'>fignum,</span> <span class='ocrx_word' id='word_1_85' title='bbox 1168 1529 1447 1620; x_wconf 81' lang='lat' dir='ltr'>revelationem</span> <span class='ocrx_word' id='word_1_86' title='bbox 1475 1527 1601 1619; x_wconf 67' lang='lat' dir='ltr'>ellel</span> 
     </span>
     <span class='ocr_line' id='line_1_11' title="bbox 140 1643 1599 1763; baseline -0.002 -28"><span class='ocrx_word' id='word_1_87' title='bbox 140 1649 250 1745; x_wconf 88' lang='lat' dir='ltr'>Deo,</span> <span class='ocrx_word' id='word_1_88' title='bbox 277 1648 529 1752; x_wconf 75' lang='lat' dir='ltr'>ficonjuniia</span> <span class='ocrx_word' id='word_1_89' title='bbox 551 1646 703 1732; x_wconf 73' lang='lat' dir='ltr'>srt‘cum</span> <span class='ocrx_word' id='word_1_90' title='bbox 727 1649 821 1734; x_wconf 87' lang='lat' dir='ltr'>statu</span> <span class='ocrx_word' id='word_1_91' title='bbox 850 1655 1005 1763; x_wconf 81' lang='lat' dir='ltr'>quietis,</span> <span class='ocrx_word' id='word_1_92' title='bbox 1032 1678 1078 1734; x_wconf 83' lang='lat' dir='ltr'>ac</span> <span class='ocrx_word' id='word_1_93' title='bbox 1101 1652 1250 1734; x_wconf 88' lang='lat' dir='ltr'>unione</span> <span class='ocrx_word' id='word_1_94' title='bbox 1280 1643 1486 1762; x_wconf 88' lang='lat' dir='ltr'>tranquilla</span> <span class='ocrx_word' id='word_1_95' title='bbox 1508 1674 1599 1732; x_wconf 90' lang='lat' dir='ltr'>cum</span> 
     </span>
     <span class='ocr_line' id='line_1_12' title="bbox 140 1762 1646 1879; baseline -0.001 -30"><span class='ocrx_word' id='word_1_96' title='bbox 140 1765 247 1849; x_wconf 91' lang='lat' dir='ltr'>Deo.</span> <span class='ocrx_word' id='word_1_97' title='bbox 304 1762 420 1848; x_wconf 83' lang='lat' dir='ltr'>Ratio</span> <span class='ocrx_word' id='word_1_98' title='bbox 446 1766 521 1864; x_wconf 84' lang='lat' dir='ltr'>est,</span> <span class='ocrx_word' id='word_1_99' title='bbox 552 1767 643 1876; x_wconf 90' lang='lat' dir='ltr'>quia</span> <span class='ocrx_word' id='word_1_100' title='bbox 670 1764 782 1847; x_wconf 89' lang='lat' dir='ltr'>datur</span> <span class='ocrx_word' id='word_1_101' title='bbox 808 1766 1001 1873; x_wconf 71' lang='lat' dir='ltr'>eiusmodi</span> <span class='ocrx_word' id='word_1_102' title='bbox 1022 1762 1150 1852; x_wconf 86' lang='lat' dir='ltr'>oratio</span> <span class='ocrx_word' id='word_1_103' title='bbox 1178 1791 1223 1850; x_wconf 89' lang='lat' dir='ltr'>ac</span> <span class='ocrx_word' id='word_1_104' title='bbox 1256 1765 1370 1849; x_wconf 82' lang='lat' dir='ltr'>slatus</span> <span class='ocrx_word' id='word_1_105' title='bbox 1394 1767 1535 1879; x_wconf 88' lang='lat' dir='ltr'>quietis</span> <span class='ocrx_word' id='word_1_106' title='bbox 1553 1788 1595 1848; x_wconf 85' lang='lat' dir='ltr'>e·</span> <span class='ocrx_word' id='word_1_107' title='bbox 1643 1834 1646 1839; x_wconf 94' lang='lat'>.</span> 
     </span>
     <span class='ocr_line' id='line_1_13' title="bbox 141 1875 1480 1992; baseline 0.001 -27"><span class='ocrx_word' id='word_1_108' title='bbox 141 1882 232 1965; x_wconf 86' lang='lat' dir='ltr'>tiam</span> <span class='ocrx_word' id='word_1_109' title='bbox 254 1875 444 1964; x_wconf 87' lang='lat' dir='ltr'>naturalis.</span> <span class='ocrx_word' id='word_1_110' title='bbox 503 1881 614 1964; x_wconf 88' lang='lat' dir='ltr'>Laur.</span> <span class='ocrx_word' id='word_1_111' title='bbox 644 1881 739 1992; x_wconf 85' lang='lat' dir='ltr'>Reg·</span> <span class='ocrx_word' id='word_1_112' title='bbox 757 1910 797 1979; x_wconf 80' lang='lat'>9·</span> <span class='ocrx_word' id='word_1_113' title='bbox 825 1906 889 1967; x_wconf 83' lang='grc' dir='ltr'><strong>ιο.</strong></span> <span class='ocrx_word' id='word_1_114' title='bbox 1478 1892 1480 1896; x_wconf 72' lang='lat'><em>&#39;</em></span> 
     </span>
    </p>
   </div>
   <div class='ocr_carea' id='block_1_7' title="bbox 140 2050 1632 2536">
    <p class='ocr_par' dir='ltr' id='par_1_7' title="bbox 257 2050 1632 2190">
     <span class='ocr_line' id='line_1_14' title="bbox 257 2050 1632 2190; baseline 0.001 -34"><span class='ocrx_word' id='word_1_115' title='bbox 257 2071 413 2190; x_wconf 76' lang='lat' dir='ltr'>Regula.</span> <span class='ocrx_word' id='word_1_116' title='bbox 445 2086 511 2158; x_wconf 75' lang='lat'>1&#39;6,</span> <span class='ocrx_word' id='word_1_117' title='bbox 568 2075 679 2156; x_wconf 86' lang='lat' dir='ltr'>Prior</span> <span class='ocrx_word' id='word_1_118' title='bbox 703 2067 855 2186; x_wconf 84' lang='lat' dir='ltr'>Regula</span> <span class='ocrx_word' id='word_1_119' title='bbox 875 2078 1012 2182; x_wconf 89' lang='lat' dir='ltr'>majori</span> <span class='ocrx_word' id='word_1_120' title='bbox 1036 2077 1189 2161; x_wconf 89' lang='lat' dir='ltr'>ratione</span> <span class='ocrx_word' id='word_1_121' title='bbox 1216 2066 1383 2159; x_wconf 46' lang='lat' dir='ltr'>vera‘est</span> <span class='ocrx_word' id='word_1_122' title='bbox 1399 2077 1439 2157; x_wconf 92' lang='lat' dir='ltr'>in</span> <span class='ocrx_word' id='word_1_123' title='bbox 1465 2068 1597 2185; x_wconf 83' lang='lat' dir='ltr'>perso·</span> <span class='ocrx_word' id='word_1_124' title='bbox 1614 2050 1632 2139; x_wconf 66' lang='lat' dir='ltr'>s-</span> 
     </span>
    </p>

    <p class='ocr_par' dir='ltr' id='par_1_8' title="bbox 141 2185 1597 2303">
     <span class='ocr_line' id='line_1_15' title="bbox 141 2185 1597 2303; baseline -0.001 -29"><span class='ocrx_word' id='word_1_125' title='bbox 141 2193 199 2274; x_wconf 89' lang='lat' dir='ltr'>nis</span> <span class='ocrx_word' id='word_1_126' title='bbox 228 2185 384 2287; x_wconf 64' lang='lat' dir='ltr'>sanclis,</span> <span class='ocrx_word' id='word_1_127' title='bbox 415 2195 507 2302; x_wconf 90' lang='lat' dir='ltr'>quia</span> <span class='ocrx_word' id='word_1_128' title='bbox 538 2189 731 2293; x_wconf 86' lang='lat' dir='ltr'>ejusmodi</span> <span class='ocrx_word' id='word_1_129' title='bbox 759 2194 873 2273; x_wconf 89' lang='lat' dir='ltr'>status</span> <span class='ocrx_word' id='word_1_130' title='bbox 903 2188 1269 2303; x_wconf 83' lang='lat' dir='ltr'>contemplationis,</span> <span class='ocrx_word' id='word_1_131' title='bbox 1297 2195 1454 2302; x_wconf 87' lang='lat' dir='ltr'>quietis,</span> <span class='ocrx_word' id='word_1_132' title='bbox 1479 2194 1519 2273; x_wconf 88' lang='lat'>&amp;</span> <span class='ocrx_word' id='word_1_133' title='bbox 1548 2214 1597 2273; x_wconf 91' lang='lat' dir='ltr'>u·</span> 
     </span>
    </p>

    <p class='ocr_par' dir='ltr' id='par_1_9' title="bbox 140 2301 1593 2536">
     <span class='ocr_line' id='line_1_16' title="bbox 140 2301 1593 2503; baseline 0.004 -117"><span class='ocrx_word' id='word_1_134' title='bbox 140 2308 270 2503; x_wconf 62' lang='lat' dir='ltr'>pionis</span> <span class='ocrx_word' id='word_1_135' title='bbox 299 2307 353 2389; x_wconf 88' lang='lat' dir='ltr'>est</span> <span class='ocrx_word' id='word_1_136' title='bbox 382 2302 646 2390; x_wconf 85' lang='lat' dir='ltr'>connaturalis·</span> <span class='ocrx_word' id='word_1_137' title='bbox 663 2309 879 2420; x_wconf 85' lang='lat' dir='ltr'>proprietas</span> <span class='ocrx_word' id='word_1_138' title='bbox 908 2330 977 2391; x_wconf 90' lang='lat' dir='ltr'>aut</span> <span class='ocrx_word' id='word_1_139' title='bbox 1005 2301 1165 2395; x_wconf 75' lang='lat' dir='ltr'>effeetus</span> <span class='ocrx_word' id='word_1_140' title='bbox 1197 2301 1412 2390; x_wconf 71' lang='lat' dir='ltr'>sanctitatis.</span> <span class='ocrx_word' id='word_1_141' title='bbox 1480 2307 1593 2392; x_wconf 81' lang='lat' dir='ltr'>Laut.</span> 
     </span>
     <span class='ocr_line' id='line_1_17' title="bbox 176 2447 1380 2536; baseline -0.001 -32"><span class='ocrx_word' id='word_1_142' title='bbox 176 2447 235 2536; x_wconf 88' lang='lat' dir='ltr'>cg.</span> <span class='ocrx_word' id='word_1_143' title='bbox 264 2448 326 2506; x_wconf 92' lang='grc' dir='ltr'>ιι.</span> <span class='ocrx_word' id='word_1_144' title='bbox 1378 2473 1380 2477; x_wconf 51' lang='lat'>&lt;</span> 
     </span>
    </p>
   </div>
   <div class='ocr_carea' id='block_1_8' title="bbox 31 2605 1703 4133">
    <p class='ocr_par' dir='ltr' id='par_1_10' title="bbox 31 2605 1703 4133">
     <span class='ocr_line' id='line_1_18' title="bbox 254 2605 1703 2732; baseline 0.001 -33"><span class='ocrx_word' id='word_1_145' title='bbox 254 2611 409 2732; x_wconf 78' lang='lat' dir='ltr'>Regula.</span> <span class='ocrx_word' id='word_1_146' title='bbox 431 2618 506 2711; x_wconf 68' lang='lat'>17.</span> <span class='ocrx_word' id='word_1_147' title='bbox 561 2617 661 2700; x_wconf 86' lang='lat' dir='ltr'>Non</span> <span class='ocrx_word' id='word_1_148' title='bbox 698 2614 753 2700; x_wconf 84' lang='lat' dir='ltr'>est</span> <span class='ocrx_word' id='word_1_149' title='bbox 788 2639 935 2700; x_wconf 83' lang='lat' dir='ltr'>eertum</span> <span class='ocrx_word' id='word_1_150' title='bbox 965 2611 1135 2729; x_wconf 77' lang='lat' dir='ltr'>sgnum,</span> <span class='ocrx_word' id='word_1_151' title='bbox 1161 2607 1441 2700; x_wconf 88' lang='lat' dir='ltr'>revelationem</span> <span class='ocrx_word' id='word_1_152' title='bbox 1472 2605 1593 2700; x_wconf 74' lang='lat' dir='ltr'>ellei</span> <span class='ocrx_word' id='word_1_153' title='bbox 1695 2611 1703 2619; x_wconf 84' lang='grc'><strong>’</strong></span> 
     </span>
     <span class='ocr_line' id='line_1_19' title="bbox 138 2720 1596 2845; baseline 0.001 -34"><span class='ocrx_word' id='word_1_154' title='bbox 138 2728 248 2825; x_wconf 84' lang='lat' dir='ltr'>Deo,</span> <span class='ocrx_word' id='word_1_155' title='bbox 269 2731 296 2814; x_wconf 81' lang='lat' dir='ltr'>fi</span> <span class='ocrx_word' id='word_1_156' title='bbox 319 2720 494 2815; x_wconf 74' lang='lat' dir='ltr'>ad‘illam</span> <span class='ocrx_word' id='word_1_157' title='bbox 517 2736 556 2813; x_wconf 94' lang='lat' dir='ltr'>in</span> <span class='ocrx_word' id='word_1_158' title='bbox 579 2735 705 2813; x_wconf 88' lang='lat' dir='ltr'>anima</span> <span class='ocrx_word' id='word_1_159' title='bbox 736 2726 1021 2845; x_wconf 88' lang='lat' dir='ltr'>consequantur</span> <span class='ocrx_word' id='word_1_160' title='bbox 1046 2726 1288 2843; x_wconf 70' lang='lat' dir='ltr'>affectiones¹</span> <span class='ocrx_word' id='word_1_161' title='bbox 1304 2724 1419 2813; x_wconf 90' lang='lat' dir='ltr'>valde</span> <span class='ocrx_word' id='word_1_162' title='bbox 1444 2726 1596 2826; x_wconf 67' lang='lat' dir='ltr'>sancia.</span> 
     </span>
     <span class='ocr_line' id='line_1_20' title="bbox 140 2839 1588 2959; baseline 0.001 -34"><span class='ocrx_word' id='word_1_163' title='bbox 140 2839 322 2929; x_wconf 88' lang='lat' dir='ltr'>videlicet</span> <span class='ocrx_word' id='word_1_164' title='bbox 342 2842 595 2958; x_wconf 91' lang='lat' dir='ltr'>tranquillitas</span> <span class='ocrx_word' id='word_1_165' title='bbox 631 2850 789 2942; x_wconf 84' lang='lat' dir='ltr'>animae,</span> <span class='ocrx_word' id='word_1_166' title='bbox 820 2870 1069 2959; x_wconf 88' lang='lat' dir='ltr'>contemptus</span> <span class='ocrx_word' id='word_1_167' title='bbox 1090 2872 1217 2931; x_wconf 89' lang='lat' dir='ltr'>terum</span> <span class='ocrx_word' id='word_1_168' title='bbox 1241 2839 1518 2957; x_wconf 90' lang='lat' dir='ltr'>temporalium</span> <span class='ocrx_word' id='word_1_169' title='bbox 1548 2847 1588 2927; x_wconf 78' lang='grc' dir='ltr'><strong>δι</strong></span> 
     </span>
     <span class='ocr_line' id='line_1_21' title="bbox 31 2956 1591 3071; baseline 0.001 -30"><span class='ocrx_word' id='word_1_170' title='bbox 31 3038 34 3048; x_wconf 19' lang='grc' dir='ltr'><strong>Δ</strong></span> <span class='ocrx_word' id='word_1_171' title='bbox 139 2958 370 3045; x_wconf 81' lang='lat' dir='ltr'>desiderium</span> <span class='ocrx_word' id='word_1_172' title='bbox 400 2956 661 3055; x_wconf 71' lang='lat' dir='ltr'>aeternorum,=¹</span> <span class='ocrx_word' id='word_1_173' title='bbox 686 2956 891 3045; x_wconf 87' lang='lat' dir='ltr'>tolerantia</span> <span class='ocrx_word' id='word_1_174' title='bbox 917 2958 1100 3046; x_wconf 86' lang='lat' dir='ltr'>labontm</span> <span class='ocrx_word' id='word_1_175' title='bbox 1129 2966 1169 3043; x_wconf 77' lang='grc' dir='ltr'><strong>δι</strong></span> <span class='ocrx_word' id='word_1_176' title='bbox 1194 2961 1449 3071; x_wconf 69' lang='lat' dir='ltr'>afflictionum</span> <span class='ocrx_word' id='word_1_177' title='bbox 1478 2961 1591 3067; x_wconf 87' lang='lat' dir='ltr'>hujus</span> 
     </span>
     <span class='ocr_line' id='line_1_22' title="bbox 137 3069 1590 3189; baseline 0.001 -34"><span class='ocrx_word' id='word_1_178' title='bbox 137 3078 236 3175; x_wconf 86' lang='lat' dir='ltr'>vitae,</span> <span class='ocrx_word' id='word_1_179' title='bbox 261 3069 416 3159; x_wconf 86' lang='lat' dir='ltr'>libertas</span> <span class='ocrx_word' id='word_1_180' title='bbox 439 3075 586 3189; x_wconf 91' lang='lat' dir='ltr'>spiritus</span> <span class='ocrx_word' id='word_1_181' title='bbox 604 3080 642 3158; x_wconf 80' lang='grc' dir='ltr'><strong>δι</strong></span> <span class='ocrx_word' id='word_1_182' title='bbox 669 3071 912 3188; x_wconf 90' lang='lat' dir='ltr'>superioritas</span> <span class='ocrx_word' id='word_1_183' title='bbox 931 3078 982 3161; x_wconf 92' lang='lat' dir='ltr'>ad</span> <span class='ocrx_word' id='word_1_184' title='bbox 1009 3079 1139 3160; x_wconf 89' lang='lat' dir='ltr'>omnia</span> <span class='ocrx_word' id='word_1_185' title='bbox 1159 3076 1366 3172; x_wconf 85' lang='lat' dir='ltr'>mundana,</span> <span class='ocrx_word' id='word_1_186' title='bbox 1388 3069 1590 3186; x_wconf 86' lang='lat' dir='ltr'>colligatio</span> 
     </span>
     <span class='ocr_line' id='line_1_23' title="bbox 137 3186 1590 3290; baseline -0.001 -18"><span class='ocrx_word' id='word_1_187' title='bbox 137 3215 226 3273; x_wconf 91' lang='lat' dir='ltr'>cum</span> <span class='ocrx_word' id='word_1_188' title='bbox 258 3195 368 3290; x_wconf 90' lang='lat' dir='ltr'>Deo,</span> <span class='ocrx_word' id='word_1_189' title='bbox 403 3194 584 3274; x_wconf 89' lang='lat' dir='ltr'>virtutum</span> <span class='ocrx_word' id='word_1_190' title='bbox 624 3195 812 3276; x_wconf 88' lang='lat' dir='ltr'>variarum</span> <span class='ocrx_word' id='word_1_191' title='bbox 851 3188 1047 3288; x_wconf 83' lang='lat' dir='ltr'>cumulus,</span> <span class='ocrx_word' id='word_1_192' title='bbox 1091 3186 1262 3276; x_wconf 68' lang='lat' dir='ltr'>dilectio</span> <span class='ocrx_word' id='word_1_193' title='bbox 1292 3194 1368 3274; x_wconf 87' lang='lat' dir='ltr'>Dei</span> <span class='ocrx_word' id='word_1_194' title='bbox 1397 3186 1590 3273; x_wconf 81' lang='lat' dir='ltr'>dulcis&amp;</span> 
     </span>
     <span class='ocr_line' id='line_1_24' title="bbox 137 3295 1589 3419; baseline -0.001 -32"><span class='ocrx_word' id='word_1_195' title='bbox 137 3300 387 3388; x_wconf 76' lang='lat' dir='ltr'>delectabilis.</span> <span class='ocrx_word' id='word_1_196' title='bbox 500 3309 615 3392; x_wconf 86' lang='lat' dir='ltr'>Ratio</span> <span class='ocrx_word' id='word_1_197' title='bbox 653 3308 726 3413; x_wconf 83' lang='lat' dir='ltr'>est,</span> <span class='ocrx_word' id='word_1_198' title='bbox 764 3310 856 3419; x_wconf 90' lang='lat' dir='ltr'>quia</span> <span class='ocrx_word' id='word_1_199' title='bbox 897 3332 1034 3392; x_wconf 88' lang='lat' dir='ltr'>omnes</span> <span class='ocrx_word' id='word_1_200' title='bbox 1078 3307 1119 3390; x_wconf 79' lang='lat' dir='ltr'>lai</span> <span class='ocrx_word' id='word_1_201' title='bbox 1158 3301 1320 3392; x_wconf 68' lang='lat' dir='ltr'>effecius</span> <span class='ocrx_word' id='word_1_202' title='bbox 1360 3308 1474 3390; x_wconf 89' lang='lat' dir='ltr'>etiam</span> <span class='ocrx_word' id='word_1_203' title='bbox 1505 3295 1589 3387; x_wconf 88' lang='lat' dir='ltr'>sunt</span> 
     </span>
     <span class='ocr_line' id='line_1_25' title="bbox 137 3414 1629 3535; baseline 0.006 -35"><span class='ocrx_word' id='word_1_204' title='bbox 137 3423 394 3535; x_wconf 84' lang='lat' dir='ltr'>proprietates</span> <span class='ocrx_word' id='word_1_205' title='bbox 440 3414 732 3533; x_wconf 85' lang='lat' dir='ltr'>contemplativi</span> <span class='ocrx_word' id='word_1_206' title='bbox 775 3420 890 3508; x_wconf 83' lang='lat' dir='ltr'>statiis</span> <span class='ocrx_word' id='word_1_207' title='bbox 935 3418 1127 3509; x_wconf 85' lang='lat' dir='ltr'>naturalis.</span> <span class='ocrx_word' id='word_1_208' title='bbox 1243 3426 1355 3507; x_wconf 86' lang='lat' dir='ltr'>Laur.</span> <span class='ocrx_word' id='word_1_209' title='bbox 1396 3423 1491 3533; x_wconf 87' lang='lat' dir='ltr'>Reg.</span> <span class='ocrx_word' id='word_1_210' title='bbox 1523 3440 1629 3515; x_wconf 71' lang='grc' dir='ltr'><strong>ιιι,</strong></span> 
     </span>
     <span class='ocr_line' id='line_1_26' title="bbox 64 3564 1630 3660; baseline 0.005 -21"><span class='ocrx_word' id='word_1_211' title='bbox 64 3645 75 3660; x_wconf 68' lang='grc'>,</span> <span class='ocrx_word' id='word_1_212' title='bbox 139 3564 207 3640; x_wconf 84' lang='lat'>24·</span> <span class='ocrx_word' id='word_1_213' title='bbox 1556 3576 1569 3619; x_wconf 80' lang='grc'>-·</span> <span class='ocrx_word' id='word_1_214' title='bbox 1627 3642 1630 3647; x_wconf 86' lang='grc'><em>,</em></span> 
     </span>
     <span class='ocr_line' id='line_1_27' title="bbox 252 3656 1663 3787; baseline -0.005 -32"><span class='ocrx_word' id='word_1_215' title='bbox 252 3666 412 3787; x_wconf 78' lang='lat' dir='ltr'>Regula.</span> <span class='ocrx_word' id='word_1_216' title='bbox 448 3691 532 3766; x_wconf 66' lang='grc' dir='ltr'>ιε.</span> <span class='ocrx_word' id='word_1_217' title='bbox 569 3670 677 3754; x_wconf 90' lang='lat' dir='ltr'>Idem</span> <span class='ocrx_word' id='word_1_218' title='bbox 696 3666 920 3768; x_wconf 86' lang='lat' dir='ltr'>dicendum,</span> <span class='ocrx_word' id='word_1_219' title='bbox 949 3667 1092 3759; x_wconf 87' lang='lat' dir='ltr'>etiamst</span> <span class='ocrx_word' id='word_1_220' title='bbox 1109 3656 1199 3757; x_wconf 84' lang='lat' dir='ltr'>eum</span> <span class='ocrx_word' id='word_1_221' title='bbox 1223 3673 1460 3758; x_wconf 91' lang='lat' dir='ltr'>revelatione</span> <span class='ocrx_word' id='word_1_222' title='bbox 1478 3662 1588 3756; x_wconf 88' lang='lat' dir='ltr'>sunul</span> <span class='ocrx_word' id='word_1_223' title='bbox 1654 3736 1663 3748; x_wconf 77' lang='grc'>,</span> 
     </span>
     <span class='ocr_line' id='line_1_28' title="bbox 139 3779 1589 3900; baseline -0.002 -31"><span class='ocrx_word' id='word_1_224' title='bbox 139 3792 345 3888; x_wconf 73' lang='lat' dir='ltr'>coniuncta</span> <span class='ocrx_word' id='word_1_225' title='bbox 364 3786 407 3868; x_wconf 89' lang='lat' dir='ltr'>stt</span> <span class='ocrx_word' id='word_1_226' title='bbox 424 3781 560 3869; x_wconf 83' lang='lat' dir='ltr'>clarior</span> <span class='ocrx_word' id='word_1_227' title='bbox 583 3789 758 3899; x_wconf 79' lang='lat' dir='ltr'>cognitio</span> <span class='ocrx_word' id='word_1_228' title='bbox 778 3788 1058 3900; x_wconf 83' lang='lat' dir='ltr'>mysteriorum,</span> <span class='ocrx_word' id='word_1_229' title='bbox 1083 3785 1203 3900; x_wconf 72' lang='lat' dir='ltr'>quim</span> <span class='ocrx_word' id='word_1_230' title='bbox 1225 3782 1317 3871; x_wconf 76' lang='lat' dir='ltr'>aliis</span> <span class='ocrx_word' id='word_1_231' title='bbox 1340 3787 1473 3874; x_wconf 88' lang='lat' dir='ltr'>haberi</span> <span class='ocrx_word' id='word_1_232' title='bbox 1491 3779 1589 3881; x_wconf 88' lang='lat' dir='ltr'>solet</span> 
     </span>
     <span class='ocr_line' id='line_1_29' title="bbox 137 3896 1588 4017; baseline 0 -37"><span class='ocrx_word' id='word_1_233' title='bbox 137 3926 206 4009; x_wconf 87' lang='lat' dir='ltr'>per</span> <span class='ocrx_word' id='word_1_234' title='bbox 229 3896 360 3984; x_wconf 90' lang='lat' dir='ltr'>lumen</span> <span class='ocrx_word' id='word_1_235' title='bbox 389 3899 495 3985; x_wconf 83' lang='lat' dir='ltr'>fidei</span> <span class='ocrx_word' id='word_1_236' title='bbox 579 3902 693 3984; x_wconf 90' lang='lat' dir='ltr'>Ratio</span> <span class='ocrx_word' id='word_1_237' title='bbox 714 3906 780 3997; x_wconf 88' lang='lat' dir='ltr'>est,</span> <span class='ocrx_word' id='word_1_238' title='bbox 805 3907 897 4017; x_wconf 91' lang='lat' dir='ltr'>quia</span> <span class='ocrx_word' id='word_1_239' title='bbox 921 3908 960 3986; x_wconf 78' lang='grc' dir='ltr'><strong>δι</strong></span> <span class='ocrx_word' id='word_1_240' title='bbox 984 3906 1065 3990; x_wconf 84' lang='lat' dir='ltr'>haec</span> <span class='ocrx_word' id='word_1_241' title='bbox 1089 3906 1264 4013; x_wconf 84' lang='lat' dir='ltr'>cognitio</span> <span class='ocrx_word' id='word_1_242' title='bbox 1285 3902 1339 3986; x_wconf 91' lang='lat' dir='ltr'>est</span> <span class='ocrx_word' id='word_1_243' title='bbox 1358 3922 1588 3985; x_wconf 86' lang='lat' dir='ltr'>connatura-</span> 
     </span>
     <span class='ocr_line' id='line_1_30' title="bbox 134 4011 1317 4133; baseline 0 -34"><span class='ocrx_word' id='word_1_244' title='bbox 134 4012 178 4099; x_wconf 91' lang='lat' dir='ltr'>lis</span> <span class='ocrx_word' id='word_1_245' title='bbox 196 4011 358 4102; x_wconf 64' lang='lat' dir='ltr'>effecius</span> <span class='ocrx_word' id='word_1_246' title='bbox 382 4011 726 4127; x_wconf 83' lang='lat' dir='ltr'>contemplationis</span> <span class='ocrx_word' id='word_1_247' title='bbox 751 4012 945 4105; x_wconf 87' lang='lat' dir='ltr'>naturalis.</span> <span class='ocrx_word' id='word_1_248' title='bbox 999 4021 1112 4104; x_wconf 84' lang='lat' dir='ltr'>Laut.</span> <span class='ocrx_word' id='word_1_249' title='bbox 1134 4021 1229 4133; x_wconf 82' lang='lat' dir='ltr'>ch.</span> <span class='ocrx_word' id='word_1_250' title='bbox 1252 4043 1317 4102; x_wconf 83' lang='lat' dir='ltr'>aa.</span> 
     </span>
    </p>
   </div>
   <div class='ocr_carea' id='block_1_9' title="bbox 249 4187 1590 4333">
    <p class='ocr_par' dir='ltr' id='par_1_11' title="bbox 249 4187 1590 4333">
     <span class='ocr_line' id='line_1_31' title="bbox 249 4187 1590 4333; baseline -0.007 -43"><span class='ocrx_word' id='word_1_251' title='bbox 249 4195 314 4290; x_wconf 85' lang='lat' dir='ltr'>D.</span> <span class='ocrx_word' id='word_1_252' title='bbox 335 4197 383 4286; x_wconf 85' lang='grc' dir='ltr'>Ε.</span> <span class='ocrx_word' id='word_1_253' title='bbox 400 4199 455 4288; x_wconf 82' lang='grc' dir='ltr'>Α.</span> <span class='ocrx_word' id='word_1_254' title='bbox 472 4194 519 4287; x_wconf 74' lang='lat' dir='ltr'>de</span> <span class='ocrx_word' id='word_1_255' title='bbox 534 4196 717 4291; x_wconf 84' lang='lat' dir='ltr'>Revelat.</span> <span class='ocrx_word' id='word_1_256' title='bbox 736 4198 840 4290; x_wconf 83' lang='lat' dir='ltr'>Pars</span> <span class='ocrx_word' id='word_1_257' title='bbox 853 4198 889 4290; x_wconf 80' lang='grc' dir='ltr'>Ι.</span> <span class='ocrx_word' id='word_1_258' title='bbox 1054 4192 1114 4313; x_wconf 86' lang='lat' dir='ltr'>Ll</span> <span class='ocrx_word' id='word_1_259' title='bbox 1445 4187 1590 4333; x_wconf 73' lang='lat' dir='ltr'>Regilla</span> 
     </span>
    </p>
   </div>
   <div class='ocr_carea' id='block_1_10' title="bbox 0 0 1902 4994">
    <p class='ocr_par' dir='ltr' id='par_1_12' title="bbox 0 0 1902 4994">
     <span class='ocr_line' id='line_1_32' title="bbox 0 0 1902 4994; baseline 0 3"><span class='ocrx_word' id='word_1_260' title='bbox 0 0 1902 4994; x_wconf 95' lang='lat' dir='ltr'> </span> 
     </span>
    </p>
   </div>
  </div>
 </body>
</html>
