3796 4994
587 303 790 402 neverat.
811 301 865 401 de
886 229 1078 440 Agreda.
1094 309 1207 402 Pars
1225 309 1286 406 11.
1567 310 1662 431 361
1730 307 1733 313 ’

275 538 301 545 ··
332 525 431 610 948.
456 507 571 591 Tunc
592 502 847 623 proposuiB.
871 509 1022 622 Virgini
1041 506 1122 592 hoc
1145 506 1333 594 dubiumr
1361 506 1467 595 Cum
1486 501 1588 596 crisci
1606 520 1669 598 re·

216 626 390 708 verentia
411 622 577 733 primum
602 623 812 731 accreverit
832 649 879 706 ex
898 633 1026 707 morte
1042 622 1183 707 Christi
1195 679 1210 720 ,
1237 649 1304 706 cur
1324 647 1419 735 ergo
1435 647 1478 710 tu
1501 631 1576 730 jam
1598 642 1668 715 an·

216 759 281 822 tea
307 761 460 932 cpucem
479 734 684 823 honoras?
721 743 766 824 B.
787 741 838 824 V.
851 732 1067 850 respondit:
1101 735 1331 823 Adorabam
1357 765 1524 842 crucem,
1541 765 1584 827 ut
1605 768 1667 856 ty·

216 875 312 961 pum
351 875 462 935 utun.
493 876 589 956 949·
1677 949 1680 958 ‚

215 1083 258 1160 s.
275 965 648 1190 aliisallis
667 968 786 1162 ”nl
805 958 1666 1192 ssnass‘iflslllssslisssr

217 1187 461 1290 crificiorum,
480 1219 568 1307 quae
588 1190 742 1278 suerunt
761 1195 812 1276 ab
837 1197 988 1306 origine
1015 1193 1174 1293 mundi,
1197 1199 1238 1276 dt
1263 1219 1374 1279 erunt
1395 1221 1521 1308 usque
1542 1196 1593 1279 ad
1618 1195 1665 1282 fi,

216 1330 308 1388 nem
335 1308 493 1403 mundi,
519 1311 737 1418 optimum,
768 1312 808 1391 δι
835 1308 929 1405 Deo
964 1305 1280 1418 acceptissimum,
1299 1332 1467 1419 excepto
1494 1336 1543 1392 eo
1564 1306 1663 1421 solo,

215 1419 332 1532 quod
353 1415 514 1532 ipsemet
541 1421 714 1504 Christus
736 1417 911 1532 perfecit,
936 1425 998 1504 cui
1018 1445 1151 1507 tamen
1170 1423 1250 1507 hoc
1271 1415 1493 1506 sacrificium
1513 1431 1553 1506 Β.
1577 1428 1663 1510 Vite

215 1536 331 1729 ur
350 1529 1662 1760 arunsill{annuntiemus.inst?

320 1709 331 1729 0
912 1703 926 1744 p
1410 1700 1421 1736 a
1643 1694 1661 1721 ⁸

213 1757 330 1844 detur
347 1756 484 1875 aliquo
507 1762 634 1845 modo
655 1756 854 1873 perfecisse
873 1768 917 1845 Β.
935 1765 1081 1876 Virgor
1110 1767 1151 1844 δι
1174 1757 1308 1874 aliquo
1329 1760 1454 1843 modo
1471 1761 1661 1850 debemus
1744 1777 1749 1783 “

212 1871 282 1983 ipst
299 1875 466 1958 nostram
482 1874 806 1988 redemptionem.
857 1876 900 1961 si
926 1902 1008 1960 non
1027 1871 1191 1960 dedisset
1212 1874 1319 1958 suum
1342 1871 1478 1973 filium,
1497 1879 1661 1988 quando

213 1981 379 2070 coelestis
395 1993 508 2072 Pater
522 1989 602 2071 hoc
624 1983 844 2101 postulavit,
866 2015 950 2074 non
975 1984 1157 2101 potuisset
1184 1988 1351 2072 humana
1378 1988 1598 2101 redemptio
1623 1995 1662 2076 vi

214 2100 324 2206 hujus
350 2099 539 2209 praesentis
557 2102 679 2186 divini
705 2105 862 2186 Decreti
882 2101 1035 2213 perfici,
1063 2130 1148 2216 quo
1177 2102 1289 2186 Deua
1319 2098 1465 2199 voluit,
1490 2114 1532 2186 'ut
1552 2103 1662 2192 fieret

213 2213 425 2411 1apcpdente
447 2212 698 2313 consensull.
720 2219 907 2329 Virginis.
991 2219 1185 2303 intantum
1212 2242 1309 2331 ergo
1338 2212 1501 2331 obligati
1533 2215 1661 2306 sumus

308 2355 339 2409 rr
380 2358 433 2416 nr.

332 2355 429 2541 sla.
459 2445 755 2553 omnipotentia
767 2444 846 2527 Dei
858 2450 899 2527 B.
909 2446 1107 2555 Virginem
1128 2439 1365 2526 confortavit
1387 2469 1489 2552 pane
1507 2449 1594 2530 vitae
1618 2451 1657 2530 dt

213 2547 453 2655 intellectis,
484 2580 528 2640 ut
551 2558 709 2638 Christo
735 2553 965 2639 fortitudine
991 2550 1200 2639 invincibili
1223 2553 1398 2638 assisteret
1420 2559 1458 2638 in
1476 2558 1661 2668 operibus

214 2669 517 2780 redemptionis,
543 2675 583 2751 dt
601 2692 643 2752 ut
661 2663 752 2752 esset
774 2673 811 2751 in
836 2665 906 2752 illo
927 2673 1091 2802 negotio
1117 2675 1198 2773 ejus
1217 2668 1432 2772 coadjutrix
1453 2672 1493 2752 oc
1510 2696 1661 2784 coope-

214 2787 343 2880 ratrist,
367 2784 419 2866 ed
441 2781 581 2882 mpdd,
604 2809 691 2894 quo
712 2782 736 2869 d
756 2783 886 2867 divina
907 2778 1089 2895 sapientia
1117 2781 1364 2865 constitutum
1383 2784 1449 2867 est.

223 2944 226 2951 ·
333 2921 428 2998 957·
475 2896 682 2992 Christus,
720 2920 934 3010 antequam
968 2899 1090 2980 exiret
1122 2899 1163 2980 in
1201 2891 1417 2993 desertum,
1452 2893 1504 2980 ad
1540 2896 1660 2986 RV.

215 3009 338 3094 disits
394 3014 515 3096 Venit
550 3012 682 3107 bora,
717 3033 763 3094 ut
799 3013 980 3123 incipiam
1015 3012 1097 3119 pati
1132 3035 1207 3122 pto
1234 3009 1506 3126 redemptione
1532 3010 1661 3095 homi·

215 3150 322 3206 num.
406 3119 515 3207 Volo
543 3147 672 3207 autem
705 3123 910 3234 hocopus
936 3122 1123 3236 perficere
1156 3149 1245 3208 cum
1273 3146 1345 3207 tuo
1378 3123 1587 3229 adjutorio,
1618 3127 1660 3208 dt

216 3242 321 3321 utin
343 3235 423 3320 hoc
449 3235 495 3321 fis
517 3263 603 3321 mea
625 3232 785 3322 socia&
804 3237 1037 3346 coadjutrixr
1064 3241 1107 3320 dt
1126 3259 1171 3322 ut
1191 3258 1344 3350 partem
1359 3231 1482 3320 sumas
1503 3240 1545 3322 in
1572 3262 1660 3322 mea

213 3349 383 3463 paffione
412 3376 459 3433 ac
482 3376 608 3436 cruce.

333 3489 428 3564 959·
470 3465 643 3549 Christus
667 3488 718 3547 eo
740 3461 807 3547 die
828 3465 1044 3574 baptizatus
1063 3464 1118 3549 est
1140 3461 1357 3569 aloanne,
1380 3487 1466 3575 quo
1487 3455 1658 3548 celebrae
1700 3494 1704 3498 ·

215 3597 278 3663 tut
298 3583 508 3665 etiamnum
527 3578 577 3662 ab
596 3576 779 3677 Ecclesia,
805 3578 993 3660 inchoato
1012 3604 1119 3662 anno
1137 3581 1256 3663 atatis
1272 3572 1346 3662 suae
1365 3574 1573 3687 trigesimo.
1643 3619 1661 3638 ..

332 3706 429 3792 966.
470 3695 621 3776 Interea
636 3698 677 3776 Β.
702 3697 824 3803 Virgo
842 3690 952 3773 dorni
972 3687 1194 3806 sanguineas
1219 3684 1421 3775 lachrimas
1447 3687 1551 3773 fudit
1582 3715 1656 3802 pro

215 3811 383 3917 peccatis
409 3806 627 3890 hominum.
708 3800 799 3888 Plus
830 3802 949 3915 quim
987 3804 1187 3889 ducenties
1224 3830 1295 3916 pet
1317 3805 1422 3886 diem
1441 3799 1476 3885 se
1496 3806 1660 3912 proster-

215 3918 335 4003 nebat
354 3925 394 4003 in
417 3943 577 4027 tetram,
598 3919 713 4032 quod
736 3924 958 4015 exercitum
982 3922 1221 4002 continuavit
1247 3939 1339 4000 toto
1357 3921 1443 4002 vitae
1468 3938 1661 4027 tempore.
1760 3948 1766 3959 “

215 4036 287 4117 His
306 4032 491 4144 operibus
512 4032 721 4134 adjuvabat
747 4032 957 4128 Christum,
979 4034 1098 4148 eique
1121 4029 1408 4142 cooperabatur
1430 4031 1473 4114 in
1495 4033 1661 4141 negotio

222 4195 226 4201 ·
310 4147 372 4236 D.
397 4147 444 4233 E.
462 4148 520 4236 A.
538 4143 896 4236 senecensem
915 4144 971 4234 ΙΙ.
1221 4147 1285 4247 Za
1599 4164 1662 4224 te·
