3690 4988
531 253 732 357 Revela.
753 248 798 351 S.
822 244 1076 384 Eltfirbetbae
1093 253 1342 392 Scbdnaug,
1564 264 1665 389 162

327 489 396 546 rr.
430 454 566 544 Mense
592 459 770 572 Augusto
797 467 935 572 quinta
963 457 1029 545 die
1056 485 1172 547 mane
1191 461 1287 573 *post
1314 457 1474 576 vigilias
1501 465 1666 555 Matutis

207 600 273 658 nat
296 599 390 658 cum
415 569 531 658 eliem
556 573 701 658 cubans
729 577 769 657 in
792 570 936 656 lectulo
958 600 1074 674 meo,
1095 602 1228 688 neque
1245 576 1374 659 adhuc
1398 577 1576 663 somnum
1596 607 1665 669 ee·

204 683 363 799 piffem,
392 685 519 771 subito
550 690 723 798 appatuit
751 714 881 770 coram
903 714 967 770 me
984 683 1183 800 Angelus,
1212 695 1251 770 &
1273 717 1421 776 novum
1441 687 1663 782 sermonem

203 804 408 886 inchoavit
428 802 505 897 (de
522 805 584 887 via
600 795 928 900 Adolescentum)
956 801 1102 884 dicens.
1127 806 1204 886 dte.
1225 807 1300 890 &o

638 977 930 1095 Explicit-liber
955 982 1102 1066 viarum
1131 982 1223 1069 Dei.

200 1213 376 1354 vifio
433 1220 741 1355 Elisabeth
799 1221 1029 1354 ancillae
1086 1222 1398 1384 Domini,
1465 1266 1659 1400 quam

360 1394 488 1502 vidit
548 1404 603 1501 iu
664 1394 1056 1536 Schdnaugienfi
1116 1394 1381 1503 Coenobio
1443 1397 1506 1505 de

631 1537 1025 1786 Resurtessllqurritg.
1062 1537 1119 1643 B.
1175 1540 1237 1645 V.
1532 1559 1539 1570 ‘
1646 1548 1650 1555 “

262 1935 306 2016 Ν
333 1958 444 2016 anno
472 1956 557 2045 quo
583 1931 678 2021 mihi
715 1956 785 2043 per
812 1927 1009 2046 Angelum
1036 1929 1336 2017 annuntiabatur
1372 1927 1473 2016 liber
1507 1938 1655 2024 viarum

292 2049 396 2143 Dei,
418 2052 458 2130 in
485 2047 571 2143 die,
596 2072 680 2157 quo
703 2052 891 2129 odanam
922 2043 1199 2157 Aliumptionis
1232 2050 1415 2130 Domina
1448 2050 1583 2132 nostrae
1603 2054 1653 2137 in

289 2161 390 2245 hora
418 2160 537 2247 divini
568 2157 748 2266 Sacrificii
774 2156 831 2243 fui
855 2162 896 2243 in
928 2158 1078 2243 exceffu
1104 2163 1258 2256 mentis,
1288 2165 1527 2270 &apparuit
1557 2165 1653 2253 mibi

200 2267 274 2358 suo
303 2298 416 2357 more
444 2276 614 2357 Domina
636 2267 866 2372 Coelorum,
893 2296 985 2358 tunc
1004 2272 1099 2382 sicut
1119 2272 1169 2357 ab
1197 2301 1277 2357 uno
1302 2276 1324 2358 ὲ
1346 2269 1557 2361 senioribus
1579 2304 1657 2362 no·

198 2387 286 2472 tuis
312 2391 539 2497 pramonita
559 2385 721 2484 fueram,
747 2391 883 2498 rogavi
903 2383 1008 2471 illam
1036 2387 1190 2471 dicens:
1225 2389 1400 2471 Domina
1426 2413 1551 2484 mea,
1567 2386 1653 2499 pia,
1720 2382 1722 2387 ’

197 2524 290 2597 teat
314 2499 542 2614 benignitati
564 2526 663 2596 tuae,
689 2525 732 2582 ut
753 2498 962 2584 certificare
981 2528 1056 2584 nos
1074 2502 1255 2611 digneris,
1288 2525 1413 2584 utrum
1438 2497 1525 2584 solo
1546 2499 1650 2612 spiti-

195 2638 242 2699 tu
274 2610 460 2726 assumpta
490 2614 535 2698 fis
562 2618 604 2698 in
636 2610 801 2709 coelum,
844 2641 891 2696 an
933 2618 1046 2698 etiam
1076 2639 1220 2702 carnes
1271 2619 1351 2697 hoc
1376 2639 1506 2698 autem
1533 2616 1693 2699 idcir-²

196 2755 253 2812 co
279 2729 474 2825 dicebam,
503 2736 616 2841 quia,
638 2753 682 2810 ut
701 2735 826 2831 aiunt,
853 2727 971 2813 dubil-r
997 2728 1048 2812 de
1076 2728 1217 2811 hocin
1249 2721 1353 2811 libris
1387 2753 1539 2839 patrum
1563 2724 1652 2817 scri-2

195 2866 312 2958 ptum
337 2847 539 2927 invenitur.
623 2844 671 2925 Et
704 2842 799 2925 dixit
838 2846 958 2939 mihi,
992 2840 1106 2954 quod
1137 2844 1312 2954 inquiris,
1344 2844 1526 2929 nondum
1554 2838 1651 2933 scire

195 2979 341 3069 potes,
358 2953 529 3040 futurum
554 2979 688 3040 tamen
714 2959 780 3051 est,
807 2980 850 3040 ut
876 2985 949 3068 pro
975 2980 1016 3039 te
1038 2952 1240 3040 reveletur.
1324 2957 1411 3069 Ego
1429 2959 1649 3067 itaqueto-

196 3095 242 3155 to
267 3066 372 3155 illius
403 3075 494 3153 anni
521 3067 644 3182 spatio
675 3065 768 3152 nihil
799 3071 851 3154 de
873 3073 952 3154 hoc
986 3066 1049 3152 vel
1074 3069 1124 3153 ab
1151 3065 1332 3181 Angelo,
1353 3080 1426 3180 qui
1452 3063 1648 3155 familiaris

195 3189 294 3268 milri
322 3187 390 3282 est,
418 3180 482 3268 vel
508 3185 559 3269 ab
584 3180 674 3297 ipsa,
702 3210 791 3267 cum
819 3180 857 3268 se
887 3185 980 3267 mihi
1008 3179 1266 3295 praesentaret,
1292 3178 1453 3294 amplius
1479 3185 1647 3266 interto-

196 3325 292 3411 gare
326 3297 530 3383 audebam.
614 3301 778 3400 injunxit
811 3323 940 3381 autem
969 3299 1063 3381 mihi
1096 3294 1212 3379 frater
1241 3292 1329 3394 ille,
1360 3308 1429 3406 qui
1464 3296 1516 3381 ad
1545 3297 1650 3382 hano

195 3409 489 3526 inquisitionem
518 3438 582 3495 me
602 3410 842 3506 hortabatur,
866 3407 917 3494 ali
949 3438 1014 3494 uas
1038 3414 1257 3506 orationeS,
1286 3409 1431 3520 quibus
1464 3412 1646 3520 impetra·

193 3554 281 3612 reto
310 3526 362 3609 ab
390 3553 437 3610 ea
461 3521 752 3622 revelationem,
782 3549 901 3637 quam
919 3439 1202 3635 lpopondetat.
1260 3526 1449 3635 Cumque
1478 3518 1644 3610 evoluto

192 3667 304 3724 anno
325 3636 446 3723 rursus
470 3636 612 3725 adesset
632 3637 813 3723 festivitas
833 3634 1109 3747 Assumptionis
1132 3645 1226 3742 ejus,
1242 3631 1472 3748 languebam
1494 3643 1645 3751 aegritu·

193 3755 291 3838 dine
325 3753 475 3837 dietum
504 3750 730 3849 multotum,
758 3758 797 3835 de
831 3751 924 3835 sieut
951 3778 1055 3835 etam
1080 3758 1207 3851 jacens
1232 3754 1271 3833 in
1300 3745 1446 3835 leeulo
1472 3755 1513 3835 in
1544 3776 1642 3838 tem·
1780 3837 1788 3857 ,

188 3895 294 3979 pote
322 3867 444 3951 divini
473 3868 679 3963 Sacrificii,
719 3871 809 3950 veni
835 3869 874 3948 in
902 3870 1041 3950 mentis
1069 3861 1257 3949 excelsum
1287 3890 1375 3947 cum
1405 3865 1542 3949 labore
1575 3894 1641 3951 νε·Ι

185 3985 391 4077 trementia
430 3986 470 4066 δι
500 3981 581 4067 vidi
608 3975 850 4096 sepulchrum
882 3978 1086 4095 quoddam
1109 3973 1236 4069 multo
1265 3973 1417 4069 lumine,
1437 3975 1641 4174 circuqrfu·
1726 4102 1730 4111 Ι

249 4134 253 4140 ’
866 4115 872 4129 ·
1561 4116 1640 4176 um,
