3796 4994
551 288 592 391 .’
627 330 898 471 Rauennae
913 329 1101 467 Agreda.
1117 339 1230 431 Pars
1243 340 1281 430 l.
1568 368 1673 477 247·
1784 272 1787 277 ¹

218 539 284 628 illa
308 539 462 628 Verba:
502 532 582 624 Ubi
611 536 730 626 alitur
757 560 829 649 per
858 545 1026 652 ternpus,
1057 534 1116 634 δ’
1149 546 1345 650 tempora,
1384 533 1443 634 ἐφ’
1474 535 1669 626 dimidium

215 658 423 768 temporir,·
491 652 736 738 reficiebatur
785 657 890 738 enirn
948 649 1185 766 potilsrmlun
1233 648 1566 739 consolationibus
1610 653 1673 739 di-

218 776 339 966 vinisf
356 764 495 857 ultimo
534 769 618 850 vitae
655 792 863 879 tempore,
906 794 992 882 quo
1028 765 1101 853 suit
1131 763 1254 855 libera
1281 767 1332 852 ab
1360 766 1670 856 infestationibus

218 887 401 974 Lucreti.
663 943 669 951 -
768 910 774 919 ’
813 940 822 956 ·

256 1062 285 1101 .·
340 1042 435 1112 tro.
467 1037 560 1114 ¹30·
588 1012 642 1100 Er
668 1008 824 1130 adjuvit
846 1020 956 1100 terra
977 1011 1190 1111 musam,
1217 1008 1276 1109 69²
1302 1011 1497 1129 abstrahatis
1515 1018 1673 1125 fiumen.

218 1137 338 1218 Terra
354 1131 519 1240 ¹airginei
541 1132 717 1239 corporis
734 1132 776 1211 in
800 1133 847 1210 B.
865 1133 1025 1242 Virgine
1049 1156 1134 1212 non
1155 1124 1298 1213 insessa
1317 1155 1482 1242 peccato
1504 1136 1688 1246 origine·

220 1243 250 1330 li
277 1271 352 1329 nec
377 1238 544 1351 subjecta
573 1239 890 1352 concupiscentiis
918 1247 1016 1347 juvit
1043 1248 1089 1328 B.
1108 1246 1181 1330 Vir
1210 1246 1325 1340 nem,
1353 1248 1538 1332 utstatim
1562 1253 1602 1331 in
1625 1272 1673 1334 ea

221 1361 429 1446 deficiente
449 1355 590 1441 fomite
609 1352 879 1440 evanescerent
902 1361 1138 1442 tentationes
1165 1269 1376 1445 ssemonis.
1399 1382 1404 1391 ·

341 1518 435 1596 133.
472 1491 517 1571 In
548 1491 691 1601 Capite
717 1510 753 1586 a.
778 1488 967 1573 Proverb.
996 1489 1155 1573 dicitur:
1188 1489 1304 1600 quod
1330 1492 1526 1604 Sapientia
1556 1489 1674 1582 fuerit
1756 1492 1759 1496 ’

221 1601 385 1722 praesens
401 1611 442 1688 in
461 1607 661 1686 creatione
679 1618 766 1687 cum
785 1599 997 1699 Altilstmo‚
1026 1607 1064 1684 δι
1085 1603 1200 1714 quod
1226 1607 1359 1687 omnia
1384 1629 1511 1690 creata
1540 1603 1673 1718 dispo.-

212 1721 348 1810 suetit.
433 1723 526 1800 Hoc
548 1717 666 1799 docui
684 1711 977 1827 intelligendum
998 1712 1072 1798 else
1094 1717 1146 1798 de
1162 1714 1299 1800 Verbo
1321 1720 1674 1831 lncarnatosquod

224 1863 314 1921 cum
338 1839 383 1919 B.
404 1835 564 1937 Virgine
590 1829 748 1940 praesens
775 1853 880 1926 erar,
909 1831 1073 1940 quando
1101 1830 1222 1912 DEus
1257 1833 1296 1912 in
1321 1826 1385 1914 sua
1414 1857 1546 1916 mente
1568 1861 1674 1918 crea·

221 1958 372 2036 tionem
397 1946 533 2030 mundi
570 1941 783 2054 disposuit.·
848 1949 952 2028 Nam
980 1967 1074 2028 tunc
1102 1945 1143 2026 in
1171 1941 1272 2026 ideis
1304 1941 1441 2028 divinis
1469 1947 1604 2053 aderat
1630 1953 1672 2030 δι

221 2068 454 2151 'Humanitas
471 2061 637 2158 Christi,
659 2064 697 2141 &
719 2065 799 2165 ejus
817 2060 944 2141 Mater
966 2084 1054 2141 cum
1079 2055 1263 2139 omnibus
1284 2059 1447 2168 praevisis
1470 2062 1686 2175 operibus·

223 2205 312 2292 quae
338 2181 390 2260 ita
416 2197 626 2259 moverunt
658 2172 843 2257 diuinam.
860 2166 1207 2283 complacentiam,
1237 2196 1279 2256 ut
1300 2173 1352 2257 ad
1377 2170 1552 2287 reliqua,
1582 2200 1672 2286 quar

221 2313 435 2407 potuerunt
453 2284 671 2401 pr‘o'vocare
690 2295 774 2394 ejus
790 2291 901 2390 bam,
918 2291 957 2370 bt
974 2284 1210 2386 retraheres
1230 2291 1440 2388 creatione,
1458 2287 1567 2404 quast
1590 2316 1675 2375 nou

221 2407 453 2493 attenderet.

344 2563 436 2636 ¹34·
464 2534 582 2616 Dlius
608 2532 799 2616 Christum
824 2536 866 2615 δι
890 2536 971 2640 ejus
991 2501 1158 2617 Matrem
1183 2525 1311 2617 voluit
1332 2529 1408 2617 else
1436 2557 1558 2642 opera
1584 2561 1675 2647 per·
1830 2512 1851 2607 -Ϊ

224 2634 420 2735 feairlma
442 2642 515 2731 suat
542 2648 745 2760 Sapientiae
768 2652 808 2729 δι
829 2651 1147 2758 omnipotentiae,
1170 2644 1223 2728 ad
1255 2673 1426 2758 quorum
1459 2643 1673 2734 fimilttudi·

224 2793 316 2851 nem
340 2764 513 2847 decrevit
540 2760 709 2845 formare
730 2758 922 2875 reliquum
946 2787 1069 2874 genus
1088 2761 1313 2859 humanum,
1341 2784 1384 2844 ut
1413 2786 1483 2874 per
1503 2760 1675 2848 similitu·

227 2882 358 2963 dinem
389 2880 490 2959 hanc
516 2881 780 2988 pertingerent
802 2877 854 2961 ad
877 2874 1159 2960 similitudinem
1181 2898 1269 2958 cum
1303 2880 1429 2963 ΒΕΘ.
1515 2880 1686 2963 Creavie

225 2998 341 3078 etiam
364 3018 425 3075 res
445 2985 657 3087 materiales
675 2996 716 3074 in
739 2990 903 3089 mundo,
924 3016 1018 3121 puta
1039 2985 1190 3090 Solcm3
1215 2993 1363 3076 Lunam
1387 2995 1463 3074 &o
1491 2987 1676 3074 mellent

225 3107 348 3219 figura
379 3131 425 3187 ac
447 3098 680 3214 Symbolum
699 3108 842 3211 ¹Christi
867 3110 906 3187 δι
928 3112 1011 3206 eius
1035 3107 1198 3201 Matris,
1227 3132 1315 3215 quae
1343 3099 1491 3212 semper
1509 3106 1552 3195 in
1570 3130 1684 3191 crea-2

226 3228 336 3307 tione
351 3246 424 3332 pto
451 3211 521 3301 suo
542 3220 703 3316 oblecto
725 3222 908 3329 primario
926 3220 1074 3320 habuit,
1095 3223 1190 3330 quia
1211 3223 1248 3301 ἃ
1276 3218 1334 3302 hae
1359 3217 1481 3301 ambae
1500 3213 1672 3327 persona

226 3332 404 3437 dividunt
423 3327 550 3414 lucem
578 3331 601 3416 a
625 3332 808 3428 tenebris,
830 3336 870 3414 δι
897 3360 1033 3416 omnes
1053 3356 1241 3417 creaturas
1260 3328 1287 3417 al
1308 3327 1457 3416 summo
1479 3326 1681 3433 coelorum,

227 3474 353 3562 usquc
375 3449 425 3532 ad
447 3442 623 3531 infimum
648 3442 889 3545 illuminant,
914 3452 954 3530 δι
977 3449 1104 3561 gratiis
1126 3444 1278 3534 fouent.
1338 3534 1346 3547 ,

344 3613 441 3687 135.
500 3589 662 3673 Creavit
704 3592 818 3672 DEus
863 3591 978 3672 etiam
1022 3613 1172 3676 caetetas
1233 3613 1452 3691 creaturas,
1496 3614 1545 3674 ac
1580 3613 1683 3702 ptos·

227 3721 360 3812 pterea
402 3706 538 3808 majori
573 3699 814 3815 perfessione
847 3726 924 3787 eas
947 3701 1138 3801 donavit,
1185 3710 1279 3818 quia
1328 3699 1460 3795 essent
1487 3707 1675 3799 servitute

230 3815 387 4009 §prilla
419 3820 459 3899 &
490 3822 568 3927 ejus
595 3822 738 3919 Matri,
766 3844 813 3905 ac
839 3814 1100 3905 mediantibus
1129 3818 1190 3903 his
1218 3824 1335 3906 etiam
1360 3815 1519 3929 reliquis
1545 3820 1685 3913 homi.

226 3955 268 4011 nr
299 3954 355 4014 us.
1083 3995 1086 4000 -
1138 3981 1143 3989 ·
1679 3982 1684 3993 .

1583 4165 1679 4263 136.
1765 4188 1771 4199 ·
1870 4096 1873 4103 Ι
