3690 4988
205 339 301 437 aaa
582 302 886 404 revelationes
921 308 967 405 S.
1006 302 1250 403 Gertrudir.

65 482 79 521 ·.
200 514 324 596 virum
349 501 497 592 nullum
517 533 690 621 unquam
706 512 747 591 iii
769 503 874 592 vultu
895 504 1049 618 aspexit,
1070 534 1143 591 nec
1171 498 1289 591 ullam
1310 508 1486 619 unquam
1511 502 1549 594 se
1570 520 1602 593 'ei

199 649 346 734 perram
372 616 446 705 else
461 628 501 706 iii
524 622 603 705 hoc
629 632 770 734 genere
794 627 1016 703 tentationis
1046 615 1186 704 ludam
1205 619 1283 731 ipsa
1310 618 1401 704 falsa
1424 622 1506 710 esta
1544 618 1602 705 alii

198 743 239 820 in
257 730 463 846 colloquiis
486 759 675 847 perpetuo
702 735 760 817 ad.
777 733 903 817 divina
924 734 1183 822 accendebata
1218 736 1337 846 digna
1353 738 1602 844 proin-erati

200 842 483 932 lustrationibus
507 875 553 930 ac
576 846 880 957 inspirationibus
907 848 1043 929 divinis
1063 848 1381 939 extraordinariis
1403 848 1547 958 quibus
1567 877 1602 960 pi

69 1061 71 1064 q
202 963 279 1045 sica
298 968 337 1045 in
358 959 430 1044 suis
450 961 712 1045 emotionibus
735 957 936 1071 phantasiae
957 961 1195 1071 dirigeretur,
1224 989 1274 1044 ne
1293 956 1408 1043 facile
1432 956 1602 1047 labereni

200 1074 267 1158 iiisi
289 1082 326 1158 iii
349 1081 406 1169 iis,
425 1079 469 1158 iii
489 1073 630 1186 quibus
645 1068 847 1156 laborabat
872 1073 1091 1179 prejudiciis
1110 1068 1313 1157 difficulter
1329 1069 1547 1158 mobilibus
1562 1078 1602 1161 sir

198 1184 401 1273 miraculo.
468 1183 645 1291 ,Multum
674 1212 840 1298 quoque
867 1183 1041 1270 conferre
1069 1211 1221 1296 poterat
1248 1187 1300 1270 ad
1326 1184 1602 1275 immobilitates

199 1296 495 1412 phantasmatum
525 1301 716 1383 austeritas
744 1304 848 1396 vitae,
887 1303 927 1380 di
957 1298 1084 1382 morbi
1112 1297 1334 1411 frequentes
1366 1310 1406 1388 δι
1448 1296 1602 1387 calamia

18 1374 35 1429 ''
200 1437 272 1510 tes,
298 1412 438 1524 quibus
467 1411 729 1524 aflligebarur.;
758 1415 852 1523 quia
879 1414 947 1494 isia
966 1413 1167 1494 hominem
1194 1408 1432 1526 segregatum
1457 1414 1492 1511 a,
1509 1417 1602 1500 disin

203 1528 394 1611 &ionibus
412 1528 587 1609 humanis
615 1534 860 1635 negotiorum
897 1519 1249 1636 &colloquiorum
1279 1533 1438 1615 tandem
1462 1554 1515 1610 eo
1541 1532 1602 1613 red

142 1678 149 1689 ·
205 1664 315 1752 gunt,
343 1663 385 1723 ut
411 1634 644 1750 interpolato
668 1636 804 1722 somno
833 1664 904 1749 per
930 1635 1088 1750 vigilias,
1107 1645 1146 1720 di
1174 1641 1238 1723 die
1259 1668 1331 1750 per
1356 1643 1535 1729 somnum
1554 1670 1602 1727 rai

201 1778 241 1837 ia
260 1752 326 1836 fiat
347 1755 526 1835 brevium·
549 1746 929 1836 dormitiuncularum
961 1757 1001 1834 di
1034 1748 1321 1864 evigilationem
1347 1760 1543 1871 perpetuo
1570 1758 1602 1843 di

200 1852 401 1980 uoltuque
419 1861 702 1949 succedentium
729 1861 920 1962 confuso,
941 1888 983 1947 ut
1008 1867 1133 1948 homo
1160 1891 1240 1948 nou
1266 1867 1432 1979 amplius
1455 1866 1602 1955 disctnu

200 1975 388 2065 somniari
410 1978 706 2092 cogitationibus
727 1973 873 2087 vigilia,
892 1982 929 2060 di
951 1981 1240 2090 imaginationes
1257 1983 1279 2065 i
1307 1983 1535 2078 visionibus,
1556 2012 1602 2068 iiii

197 2092 348 2177 ximefi
375 2121 456 2175 noti
483 2114 644 2177 conetur
664 2089 906 2181 discerneret
947 2116 1065 2202 prout
1086 2098 1125 2173 in
1144 2095 1182 2175 S.
1208 2096 1406 2179 Gertrude
1433 2091 1602 2208 facilcpc

200 2210 273 2289 tuit
292 2211 538 2318 contingeret
567 2206 659 2316 quia
687 2205 854 2287 habebat
875 2206 953 2286 hoc
976 2207 1245 2315 praejudicium,
1276 2213 1388 2320 quud
1408 2210 1602 2311 visionesi

199 2314 273 2402 suis
291 2317 483 2401 sororibus
502 2312 616 2401 essent
641 2316 888 2429 frequentesi
917 2324 956 2400 δι
983 2319 1095 2429 quod
1117 2320 1193 2429 ipsa
1214 2318 1299 2404 sita
1325 2330 1417 2406 Deo
1444 2321 1564 2409 cleda
1579 2348 1602 2405 a

199 2432 440 2517 instruendos
463 2428 557 2514 alios
585 2460 654 2540 per
674 2429 755 2514 suas
778 2431 965 2521 visionesi
1009 2437 1131 2512 immo
1157 2428 1236 2517 aliar
1254 2432 1427 2543 personae
1453 2437 1602 2547 frequen

94 2648 99 2657 ι
201 2570 261 2630 ter
276 2546 327 2629 ab
350 2541 414 2628 illa
433 2543 615 2656 petebant
637 2540 932 2653 explicationem
964 2544 1170 2626 dubiorum
1192 2575 1260 2654 per
1285 2549 1504 2659 visionem„
1542 2554 1602 2639 lla

202 2669 332 2744 omnia
373 2685 461 2769 apta
501 2652 668 2742 suntad
719 2659 976 2741 emovendam
1021 2682 1066 2739 ac
1113 2659 1352 2770 dirigendam
1401 2662 1602 2774 phantasias

28 2760 56 2777 ”
200 2774 240 2857 S.
262 2774 462 2856 Gertrudis
484 2774 533 2854 ad
561 2798 622 2855 eas
648 2769 835 2866 visiones,
864 2798 951 2881 quac
971 2775 1009 2853 in
1031 2766 1093 2852 illa
1116 2767 1313 2882 leguntur,
1344 2802 1421 2858 una
1444 2776 1547 2862 forte
1563 2776 1602 2861 vd

201 2880 318 2969 altera
335 2911 506 2995 excepta,
532 2889 570 2969 in
601 2886 742 2996 quibus
771 2885 822 2966 ad
840 2881 1149 2966 manifestandam
1180 2888 1290 2991 hujus
1307 2892 1477 3001 Virginis
1499 2891 1602 2977 sanus

191 3023 318 3085 ,tatem
342 3003 381 3081 δι
401 3000 455 3079 ad
479 2996 808 3108 comprobandam
834 2997 999 3079 divinam
1027 2994 1360 3107 complacentiam,
1379 3030 1499 3116 quam
1521 3008 1602 3089 ueri

197 3114 315 3197 habet
336 3118 376 3195 in
398 3108 571 3197 familiari
597 3106 886 3195 conversatione
911 3105 1040 3192 talium
1063 3117 1270 3194 animarum
1292 3141 1381 3197 cuin
1407 3125 1496 3201 Deo
1514 3122 1602 3203 initi·

51 3233 55 3243 '
198 3256 248 3310 na
279 3222 467 3337 negledis
491 3226 691 3307 mundanis
718 3224 1045 3335 cogitationibus,
1072 3223 1272 3307 inier'ceffit
1294 3223 1466 3337 specialis
1489 3258 1531 3314 ac
1550 3236 1602 3313 iiii·

42 3374 49 3387 ·
195 3340 361 3423 mediata
383 3343 560 3449 operatio
588 3341 677 3422 Dei.
751 3338 904 3432 i-Addo,
926 3340 963 3419 S.
988 3339 1220 3420 Gerttudem
1248 3340 1415 3448 potuisse
1437 3346 1602 3427 ubuum

196 3449 259 3533 vel
283 3450 443 3534 alterurn
475 3451 670 3536 defectum
707 3444 956 3544 levissimum,
982 3449 1006 3534 a
1030 3446 1208 3560 qualibus
1238 3450 1366 3536 nullus
1401 3460 1602 3543 Santram

194 3564 262 3648 nisi
284 3570 325 3646 B.
349 3571 482 3676 Virgo,
502 3569 711 3675 excipitur,
736 3567 903 3674 permitti
933 3590 1211 3674 nonnunquam
1240 3561 1483 3654 illusionibus
1506 3573 1602 3683 phau

37 3754 41 3759 .
194 3676 316 3766 tafiae,
345 3703 411 3760 aut
438 3679 654 3767 doemonisi
679 3683 717 3759 δι
740 3679 845 3760 idern
863 3682 990 3786 potuit
1011 3686 1234 3785 contingere
1256 3684 1297 3761 in
1318 3691 1403 3777 eius
1425 3686 1602 3769 sororibus

193 3783 306 3905 'sales
322 3787 493 3880 desedus
512 3790 617 3876 forte
637 3815 765 3886 erant,
788 3789 900 3902 quod
923 3814 1174 3902 nonunquam
1197 3798 1378 3905 petierint
1395 3796 1421 3882 d
1441 3802 1534 3893 Deo
1556 3828 1602 3885 cx·

193 3897 442 4014 plicationem
470 3904 676 3989 dubiorum
701 3931 770 4014 per
799 3902 1001 3999 visionem,
1024 3930 1193 4014 quotum
1229 3912 1378 3990 tamen
1393 3907 1602 3999 solutioncu

192 4014 304 4105 facile
317 4042 501 4132 poterant
520 4019 697 4106 obtinete
716 4017 740 4106 d
760 4012 1003 4106 confessario
1021 4011 1084 4102 vel
1105 4013 1183 4102 alio
1199 4020 1402 4124 Dodore,
1423 4030 1534 4142 quod
1557 4056 1602 4143 pe

1420 4166 1423 4171 ’
1505 4149 1602 4230 tierin
