3796 4994
592 330 793 428 Revelat.
823 334 877 427 de
902 327 1091 465 Agreda.
1123 336 1232 433 Pars.
1257 335 1337 426 III.
1427 392 1432 399 -
1584 363 1687 460 457
1719 352 1736 367 ··
1828 312 1845 411 J

241 538 353 624 Deus
373 531 441 644 ips
460 529 735 636 manifestavit,
759 526 834 640 sam
860 534 935 633 eise
959 563 1113 650 tempus
1136 537 1185 621 ad
1208 531 1486 627 conscribendi
1514 532 1707 650 Evange-.

240 651 305 749 lia,
322 648 522 763 jussitque,
549 675 591 735 ut
617 653 834 739 eorundem
864 649 1183 763 conscriptionem
1206 654 1413 737 ordinaret.
1484 651 1564 735 Sed
1584 651 1689 737 obti·
1721 714 1723 719 ι

238 770 326 852 ¹nurt
343 763 368 849 i
384 766 492 864 Deo,
514 787 557 849 ut
580 767 660 849 hoc
685 769 929 854 ordinaretur
952 766 978 854 i
1003 774 1129 852 Petro.
1201 772 1276 852 Hic
1297 770 1421 897 proin
1439 767 1481 851 in
1502 762 1689 879 Concilio

239 873 557 987 Jerosolimitano
577 879 674 986 jussit
698 880 887 967 conscribi
916 887 1033 968 vitam
1056 881 1209 969 Christi.
1320 912 1330 925 ’

367 1058 458 1135 559·
500 1020 706 1114 Persolutis
729 1027 908 1140 precibus
930 1052 1006 1140 pro
1023 1022 1300 1124 illustratione,
1324 1028 1386 1112 cui
1412 1023 1626 1113 deferenda
1644 1053 1691 1115 et

245 1141 500 1257 conscriptio,
533 1139 734 1229 descendit
761 1137 828 1227 lux
853 1146 895 1229 in
918 1149 1075 1228 Petrum
1101 1170 1190 1228 cum
1207 1143 1282 1226 hae
1300 1168 1419 1228 voce:
1466 1145 1599 1256 Caput
1617 1146 1689 1230 Ec·

245 1259 363 1347 elestae
379 1285 550 1375 quatuor
565 1259 778 1369 Scriptores
804 1255 931 1371 eligat.
983 1263 1097 1343 Tunc
1116 1263 1251 1342 Petrus
1270 1256 1392 1343 dixirr
1415 1258 1602 1369 Mattheus
1616 1259 1690 1346 sta·

244 1385 314 1463 tim
337 1378 493 1486 incipiat
513 1422 538 1481 :
593 1376 748 1458 Marcus
773 1371 818 1457 srt
838 1368 1027 1457 secundus
1054 1418 1072 1438 ·
1126 1375 1249 1458 Lucas
1272 1370 1317 1456 stt
1336 1376 1470 1459 tertius
1497 1414 1517 1434 ·
1557 1374 1693 1477 Joan·

245 1519 312 1575 nes
333 1490 377 1574 srt
398 1512 557 1602 quartus
580 1536 599 1554 ·
655 1489 834 1572 Durante
860 1486 933 1572 hac
963 1487 1287 1573 determinatione
1320 1489 1537 1578 constanter
1559 1489 1690 1576 lumen

245 1603 378 1690 mansit
403 1610 511 1714 supra
532 1606 703 1687 Petrum.

234 1821 238 1827 .
374 1766 470 1848 560.
499 1752 636 1831 Paucis
647 1748 781 1858 postea
804 1747 942 1831 diebus
962 1748 1001 1832 S.
1014 1746 1202 1832 Mathaeus
1214 1749 1434 1860 incepturus
1447 1743 1555 1833 suunt
1568 1753 1692 1835 Evan-

244 1863 389 1983 gesium
407 1871 448 1945 in
469 1859 606 1971 aliquo
631 1856 812 1946 cubiculo
833 1854 1042 1947 Coenaculi
1071 1858 1213 1946 domist
1240 1867 1392 1974 rogavit
1422 1870 1540 1946 nonu
1562 1865 1692 1949 Deum

244 2011 320 2095 pro
336 1976 558 2060 obtinendo
578 1968 737 2060 lumine.
803 1977 845 2058 ln
869 2002 913 2060 ea
943 1979 1121 2089 oratione
1142 1982 1316 2088 apparuit
1336 1956 1541 2088 ffrjanuis
1564 1973 1694 2063 clausis

245 2103 288 2180 B.
311 2097 447 2202 Virgo,
469 2087 604 2193 sedens
631 2094 671 2174 in
700 2092 843 2175 throno
860 2085 1087 2202 splendido,
1113 2116 1158 2173 ac
1176 2092 1331 2205 dicens:
1373 2091 1474 2175 Misit
1497 2119 1562 2176 me
1581 2095 1691 2178 Deus
1733 2080 1776 2137 s
1796 2121 1817 2164 .·

225 2198 299 2294 ad
325 2205 624 2318 impertiendam
651 2202 721 2289 tibi
753 2204 1096 2319 benediciionem'„
1129 2233 1175 2289 ro
1201 2200 1407 2290 scribendo
1432 2201 1645 2321 Evangelio
1671 2258 1689 2278 ·

248 2325 301 2409 de
319 2348 383 2405 me
404 2348 485 2403 non
512 2322 696 2402 convenit
727 2313 799 2403 alia
827 2316 1011 2417 scribere,
1034 2346 1072 2401 nr
1088 2346 1101 2402 t
1118 2345 1205 2431 quae
1218 2316 1426 2415 necessaria
1443 2316 1527 2405 sunt
1549 2322 1599 2405 ad
1597 2322 1691 2435 ste·

245 2434 445 2524 scribenda
482 2435 658 2544 mysteria
692 2434 898 2759 Veri&
913 2436 1042 2516 veniet
1055 2455 1221 2543 tempus,
1238 2430 1327 2545 'quo
1349 2433 1690 2519 manifestabuntur
1758 2480 1767 2499 ·

248 2557 365 2639 etiam
398 2545 587 2631 beneficia
618 2546 711 2630 mihi
745 2574 764 2630 c
837 2554 840 2559 '
883 2600 895 2629 .
967 2547 1072 2630 Dein
1113 2550 1150 2629 8.
1187 2549 1379 2630 Matbaeus
1404 2543 1570 2633 contulit
1601 2576 1691 2633 cum
1849 2617 1863 2625 .

247 2677 290 2754 B.
323 2667 494 2775 Virginie
527 2659 707 2743 ordinem
749 2689 776 2745 o
845 2659 1033 2744 rvandum
1076 2663 1115 2743 in
1149 2657 1430 2743 conscribendo
1466 2660 1693 2776 Evangelio,
1826 2747 1833 2767 ,

208 2850 220 2875 .
247 2782 364 2897 quod
383 2775 640 2875 &inchoavit
654 2779 693 2858 in
716 2781 796 2875 eius
818 2771 1023 2886 praesentia,
1044 2769 1302 2859 descendente
1323 2770 1431 2858 fimus
1451 2774 1560 2890 supra
1576 2803 1693 2891 caput
1746 2838 1766 2851 η

248 2897 413 2983 suumin
433 2884 567 2975 visibili
592 2884 715 3001 specie
732 2893 877 3003 Spiritu
903 2896 1058 2973 santio.
1112 2885 1340 3000 Disparente
1360 2895 1403 2975 B.
1423 2895 1582 3005 Virgine
1603 2922 1694 3006 pro·

196 3052 211 3093 t
247 3008 396 3098 secutus
415 3009 468 3088 esi
490 3000 593 3088 suam
610 3006 803 3089 historiam
831 2997 1102 3119 Evangelicam
1125 3006 1168 3088 in
1189 2999 1319 3118 lingua
1336 3005 1527 3095 Hebraica
1549 3009 1693 3091 annoi
1727 3026 1777 3067 ⁶²³·

200 3232 202 3237 .
247 3128 465 3213 Nativitate
490 3119 631 3205 Christi
655 3146 724 3235 μ.

370 3285 461 3374 561.
505 3272 596 3355 Post
624 3295 794 3383 quatuor
824 3295 970 3367 annos,
998 3295 1141 3383 nempe
1159 3297 1266 3356 anno
1286 3268 1309 3358 ὲ
1327 3274 1381 3358 Ν.
1401 3271 1452 3358 C.
1470 3265 1695 3386 44.scripsrt
1831 3337 1837 3341 -

247 3384 291 3467 S.
309 3381 584 3491 Murcussuum
603 3380 853 3497 Evangelium
878 3389 918 3468 in
934 3381 1065 3498 lingua
1081 3387 1288 3472 Hebraica.
1346 3396 1568 3499 Antequam
1589 3391 1695 3475 ince·
1867 3426 1871 3437 ·

249 3502 321 3610 pit,
350 3504 501 3616 rogavit
527 3498 633 3583 suum
662 3498 841 3611 angeium
865 3501 1085 3600 custodem,
1109 3526 1152 3586 ut
1171 3502 1222 3586 de
1245 3503 1325 3586 boc
1348 3528 1527 3587 monetet
1547 3511 1587 3588 B.
1608 3509 1693 3590 Vir·

250 3618 407 3725 ginemr
446 3642 534 3727 quae
553 3615 675 3697 statim
697 3612 765 3726 ipst
786 3612 982 3725 apparuit,
1005 3638 1048 3702 ut
1072 3616 1111 3698 S.
1132 3619 1306 3702 Mathaeo
1318 3673 1332 3715 ,
1354 3622 1395 3701 in
1417 3622 1627 3723 majestate,
1651 3623 1693 3743 Q

250 3726 361 3836 jussit,
382 3757 433 3812 ne
457 3726 688 3842 describeret
712 3754 773 3812 res
793 3729 845 3810 ad
860 3724 897 3811 se
912 3732 1160 3840 pertinentes.
1222 3736 1334 3815 Tunc
1354 3736 1508 3816 Marcus
1535 3738 1696 3817 circum·

250 3838 355 3926 susus
375 3839 520 3930 coelesti
536 3839 625 3927 luce
647 3846 687 3925 in
712 3838 906 3955 praesentia
926 3849 970 3928 B.
991 3848 1158 3956 virginis
1179 3847 1376 3930 inchoavit
1394 3845 1502 3929 suum
1519 3851 1696 3960 Evange-

250 3952 358 4040 lium.
413 3961 452 4043 S.
482 3963 745 4069 Hieronymus
770 3953 905 4053 asserit,
928 3958 1043 4070 quod
1070 3961 1110 4045 S.
1135 3963 1289 4043 Marcus
1316 3960 1423 4043 suum
1447 3963 1549 4044 Evan
1578 3965 1694 4055 esium

248 4067 432 4184 scripserit
455 4076 586 4158 Romae
603 4072 654 4155 ad
672 4074 885 4156 instantiam
904 4069 1092 4159 fidelium.
1124 4117 1129 4121 ·
1148 4075 1227 4161 Sed
1245 4075 1324 4157 hoc
1337 4069 1462 4170 solum
1479 3988 1699 4188 indligen-
1753 4082 1757 4091 “
1788 4098 1791 4102 “
1849 4114 1853 4121 ·

369 4186 429 4273 D.
451 4186 499 4272 Ε.
520 4183 576 4272 A.
597 4184 642 4273 de
661 4181 957 4274 RevelanPars
976 4187 1035 4273 ΙΙ.
1201 4193 1349 4275 Mmm
1603 4191 1701 4288 dum
1759 4264 1766 4274 .

713 4528 890 4656 ιΙΓ
1034 4584 1138 4592 ,.
