3796 4994
518 224 858 418 Observationes
881 283 942 383 ad
959 287 1112 447 Repel.
1133 286 1188 386 de
1211 288 1401 422 Agrede.
1576 219 1676 437 ω

223 520 336 609 cepta
359 488 439 578 lbla
466 492 591 578 domo
609 493 808 578 Zacharia.
839 496 878 575 Ρ.
901 493 1005 578 ι.Ν.
1026 510 1121 585 208.
1157 494 1195 580 S.
1221 498 1371 580 Hieron
1439 507 1589 619 us'qui
1609 507 1679 596 ha.

224 613 453 696 bitationem
476 605 578 693 suam
604 609 686 693 fixit
714 603 930 708 Bethlem,
951 613 991 690 dt
1010 632 1096 691 tota
1114 612 1320 721 antiquitas
1343 610 1425 698 sret
1450 616 1502 699 de
1522 622 1595 704 bac
1616 651 1680 710 ur.

184 785 188 791 -
224 725 297 815 ber
324 752 462 808 omnes
483 727 715 836 interpretes
742 725 970 808 unanimiter
996 718 1164 820 censent,
1194 726 1292 808 hanc
1315 725 1450 811 urbem
1473 729 1582 817 fuille
1610 763 1678 828 aur

223 838 342 954 ipsam
362 838 539 934 Hebron,
562 862 628 923 aut
648 841 842 922 Emmaus.
899 842 968 922 Hae
989 861 1117 921 autem
1137 842 1348 948 opiniones
1369 868 1451 926 non
1468 847 1684 958 potuissent

221 957 368 1042 habere
390 950 546 1052 locum,
567 951 594 1037 fi
620 956 718 1038 circa
741 952 1128 1036 Domumzacbariae
1157 951 1362 1040 extitiffent
1381 959 1520 1044 rudera
1550 974 1674 1072 cujus·

224 1071 314 1155 dam
338 1073 504 1182 antiqua
518 1065 637 1162 urbis,
654 1087 771 1178 prout
785 1062 994 1152 netellario
1009 1063 1224 1153 debuissent
1245 1068 1320 1153 elle
1337 1070 1499 1173 refidua,
1526 1104 1569 1164 ut
1590 1077 1676 1170 sunt

222 1191 264 1273 in
286 1184 468 1269 omnibus
490 1183 686 1267 destrudiia
705 1180 879 1268 urbibus.

346 1315 587 1457 Proposttr'o
614 1364 660 1449 4.
696 1317 794 1422 Hae
821 1313 1180 1425 Revelationes'
1207 1296 1375 1427 ‘multa
1403 1324 1674 1440 continent

224 1489 404 1571 contra
432 1471 704 1600 opiniones
728 1459 792 1565 ab
818 1456 1034 1567 Eruditis
1062 1485 1304 1598 receptas,
1327 1495 1388 1569 ac
1411 1469 1672 1582 moraliter

225 1630 399 1714 certas.
473 1633 578 1716 Cum
596 1646 692 1741 ergo
709 1623 794 1740 iplae
818 1621 1089 1712 Revelationes
1111 1655 1193 1712 non
1207 1628 1377 1714 habeant
1396 1659 1470 1743 pro
1486 1633 1522 1718 se
1540 1641 1671 1727 chara·

220 1760 343 1836 detes
363 1772 537 1831 verarum
560 1738 854 1826 Revelationum
874 1734 1071 1827 moraliter
1091 1766 1244 1845 certos,
1263 1768 1307 1827 ut
1328 1741 1425 1828 infra
1443 1753 1672 1841 monstrabi-

222 1889 285 1948 tur
304 1859 460 1974 propol.
489 1888 552 1942 to.
580 1863 695 1942 etiam
715 1884 764 1944 cx
783 1856 862 1940 hoc
886 1859 1015 1971 capite
1036 1858 1259 1943 Dodorum
1293 1863 1546 1972 opinionibus
1561 1870 1669 1981 post·

220 1977 417 2093 ponendae
439 1975 628 2058 videntur.
1627 2050 1632 2055 .
1695 2044 1702 2054 ,

343 2121 379 2177 ι.
407 2094 543 2176 Citant
557 2112 677 2199 opera
693 2082 872 2199 Dionysii
889 2081 1136 2201 Areopagitae
1148 2107 1332 2200 tanquam
1351 2080 1565 2287 legitimum
1589 2099 1673 2206 ejus

219 2231 383 2322 partum.
410 2210 508 2290 Part.
528 2206 631 2288 1.N.
655 2206 856 2300 592.&P.
878 2205 1061 2306 3.N.13.
1107 2205 1171 2288 De
1188 2203 1247 2287 his
1269 2207 1391 2315 Operi
1421 2232 1467 2289 us
1483 2208 1668 2302 Labbcus

221 2325 275 2408 de
295 2312 590 2434 sempiternes.
614 2315 692 2401 sac.
716 2345 750 2402 r.
772 2323 811 2400 in
843 2313 1035 2428 Dionysio
1060 2309 1230 2432 loquens
1257 2321 1327 2401 ait:
1357 2316 1444 2407 Alii
1456 2319 1668 2434 firmiffimis
1743 2343 1749 2409 f

218 2438 451 2554 argumentis
472 2442 624 2549 argunt,
646 2456 691 2516 ea
713 2433 781 2539 effe
798 2429 974 2546 Dionpfii
998 2429 1205 2541 Panfienfis
1223 2427 1293 2517 orl
1307 2427 1557 2544 Athenienfis.
1600 2441 1671 2547 Itu

218 2552 421 2650 Petaraios,
445 2551 639 2634 Marinus
658 2551 734 2632 arc.
754 2551 795 2631 in
818 2545 962 2658 quibus
983 2548 1098 2630 etiam
1122 2572 1168 2631 ea
1186 2571 1412 2660 argumenta
1427 2551 1551 2638 videti
1570 2583 1669 2670 pos·

218 2664 324 2757 sunta
354 2672 409 2751 uti
430 2670 468 2747 dt
493 2668 533 2748 in
554 2660 719 2745 oudino
743 2661 795 2744 de
811 2662 948 2771 Script.
968 2655 1108 2745 Eccles.
1325 2672 1354 2717 *

338 2814 374 2866 2.
403 2775 594 2876 Allerunr,
613 2777 808 2860 adamum
834 2776 1005 2876 Christo,
1023 2777 1060 2856 u
1081 2774 1199 2858 Evam
1212 2777 1255 2861 B.
1270 2779 1567 2893 virginiquoad
1580 2810 1667 2871 cor·

219 2923 291 3009 pus
312 2892 420 2980 fuille
437 2888 681 2987 timilzimum
702 2894 754 2974 ita
773 2914 815 2974 ut
837 2896 903 2972 vix
922 2883 1132 2997 potuillent
1147 2885 1304 2977 discerni
1326 2896 1461 3007 quoad
1481 2891 1665 3006 formam,

219 3017 259 3094 δι
280 3014 468 3094 staturam.
498 3015 540 3092 Ρ.
563 3037 597 3091 ι.
613 3010 667 3091 N.
686 3034 700 3087 ι
716 3020 779 3105 36.
809 3002 936 3113 Quod
950 3006 1124 3088 staturam
1139 3002 1336 3092 moraliter
1354 3035 1456 3093 certa
1481 3008 1535 3094 cll
1555 3029 1681 3101 com·'

218 3131 345 3211 munis
371 3121 580 3237 persuasu»,
609 3122 787 3204 homines
806 3123 845 3202 in
867 3124 988 3227 prima
1004 3142 1115 3203 aetate
1133 3122 1271 3205 mundi
1290 3121 1399 3209 luille
1419 3130 1572 3227 majoris
1594 3132 1664 3212 sta·

219 3265 323 3338 turae,
339 3239 458 3353 quim
473 3232 688 3323 millenario
712 3258 854 3346 quarto
871 3256 934 3315 aut
959 3237 1121 3345 quinto?
1172 3238 1453 3322 certitudinem
1475 3237 1664 3328 moralem
1784 3311 1792 3317 .

217 3352 363 3440 faciunt
383 3355 612 3437 cadaverum
630 3354 879 3462 antiquorum
902 3347 1145 3457 magnitudo,
1166 3345 1217 3431 de
1237 3350 1381 3461 quibus
1401 3354 1620 3440 Ηιίῑοιίεῑ.ι

337 3498 373 3570 3.
400 3471 634 3554 Sententiam
653 3460 770 3559 illam,
791 3458 904 3576 quod
928 3461 950 3545 a
972 3465 1168 3546 creatione
1183 3464 1317 3547 mundi
1336 3494 1462 3581 usque
1486 3469 1537 3552 ad
1555 3467 1665 3557 Nati·

221 3587 379 3668 vitatem
400 3585 540 3668 Christi
566 3581 784 3664 effluxerint
813 3581 906 3661 anni
928 3604 1050 3677 5199,
1069 3574 1120 3658 fic
1143 3581 1355 3678 adstruunt,
1374 3606 1561 3696 tanquam
1578 3581 1661 3670 sen·

219 3705 380 3784 tentiam
402 3699 451 3781 ab
475 3691 639 3780 Ecclesia
663 3694 901 3805 adoptatam.
930 3694 972 3776 t.
995 3723 1030 3774 a.
1051 3709 1149 3794 476.
1180 3719 1300 3794 ¹359·
1345 3698 1472 3807 Quod
1486 3701 1567 3782 bac
1579 3695 1661 3785 sen·

218 3819 338 3901 tentia
356 3809 569 3928 aliquando
590 3808 705 3893 fuerit
727 3808 778 3892 ab
803 3803 967 3892 Ecclesia
991 3801 1216 3918 usurpatam
1237 3805 1380 3894 Officio
1397 3807 1570 3920 publico,
1592 3840 1663 3902 ve.

217 3958 301 4015 rum
328 3932 402 4017 ella
432 3927 545 4041 quod
571 3950 698 4010 autem
719 3949 764 4008 ea
783 3922 967 4010 sententia
987 3918 1101 4007 fuerit
1118 3921 1167 4004 ab
1184 3919 1347 4008 Ecclesia
1365 3921 1580 4039 aliquando
1592 3930 1663 4015 ad·

217 4069 365 4154 optata,
389 4068 571 4156 tanquam
598 4037 780 4153 sententia
806 4034 990 4136 Ecclefiae,
1014 4059 1201 4150 repugnat
1221 4045 1417 4125 communi
1438 4035 1555 4128 sensui
1574 4047 1663 4147 Do·¹

218 4167 384 4258 diorum,
406 4153 601 4245 moraliter
623 4181 744 4247 certo.
798 4157 906 4245 Sicut
936 4155 1039 4240 enim
1067 4154 1149 4271 bat
1171 4147 1361 4252 sententia
1388 4160 1595 4269 etiamnum
1621 4165 1664 4253 in
