3796 4994
640 244 913 376 Regularum
940 220 1261 341 Seminarium.
1536 339 1538 344 .
1568 214 1659 349 ast

318 458 477 536 Dantur
510 474 646 535 tamen
681 448 732 531 ab
762 451 836 533 hat
874 444 1005 560 tegula
1036 452 1302 560 exceptiones,
1339 432 1433 532 tunc
1467 447 1663 553 videlicet,

218 571 373 680 quando
389 566 615 651 futurorum
637 568 947 676 contingentium
980 589 1137 646 eventus
1163 559 1326 646 versatur
1346 568 1385 645 in
1417 571 1575 649 materia
1604 594 1664 652 rc·

213 681 354 767 servata
385 683 501 765 unice
528 676 839 792 imperscrutabili
878 679 1014 761 divinae
1042 678 1310 788 providentia,
1335 683 1373 759 &
1408 675 1541 790 abysso
1566 682 1667 787 judi·
1751 734 1755 739 ·

214 805 362 882 ciorum
391 798 616 878 divinorum
658 790 964 903 impenetrabili,
996 822 1033 875 v.
1060 822 1098 904 g.
1134 795 1310 904 mysteria
1340 789 1551 906 religionis,
1581 825 1700 907 quae.
1802 845 1805 850 ·

213 918 409 1026 pertinent
432 912 485 993 ad
516 909 693 993 ordinent
730 904 1010 1019 praestabilitum
1044 909 1067 990 a
1111 908 1203 990 Deo
1236 908 1419 995 doemoni
1457 904 1669 1021 specialiter

213 1023 476 1113 occultatum
517 1050 582 1107 aut
610 1025 773 1136 quando
801 1019 865 1104 illa
904 1020 1031 1105 futura
1052 1016 1137 1105 sunt
1176 1021 1278 1104 adeo
1307 1049 1479 1122 remota,
1504 1051 1546 1108 ut
1577 1055 1673 1112 nec-
1741 1042 1745 1053 '

215 1142 306 1225 dum
338 1140 412 1224 stn't
431 1163 637 1252 praeparata
658 1145 698 1222 in
722 1132 792 1219 suis
812 1135 942 1245 causat,
967 1165 1003 1221 v.
1029 1165 1066 1248 g.
1098 1141 1270 1219 actiones
1295 1137 1470 1224 humanae
1500 1140 1669 1251 primum

217 1257 412 1369 ponendae
439 1257 525 1362 post
546 1257 828 1365 quinquaginta
846 1279 984 1346 annos,
1008 1253 1057 1334 ad
1085 1279 1180 1363 quas
1207 1253 1405 1369 variapdas
1427 1255 1669 1340 intercedere

217 1378 364 1456 interea
376 1365 532 1482 possunt
547 1373 745 1449 innumera
770 1369 897 1481 media
918 1373 1054 1476 partim
1070 1367 1213 1461 divina,
1235 1372 1372 1476 partim
1394 1372 1561 1452 humana
1581 1369 1669 1454 doe·
1714 1442 1717 1448 ,
1805 1448 1808 1452 .

217 1492 325 1573 utoni
355 1478 712 1593 imperscrutabilia,
733 1483 899 1565 maxime
921 1480 946 1563 st
971 1506 1130 1564 eventus
1154 1475 1219 1562 ille
1248 1488 1517 1589 praenuntiatus
1543 1480 1670 1567 invol·
1765 1526 1770 1587 J
1815 1527 1818 1530 ·
1869 1570 1873 1579 ,

221 1607 272 1684 vit
295 1596 547 1711 complexum
581 1599 939 1679 circumstantiarum
975 1595 1149 1679 nondum
1179 1600 1216 1678 in
1251 1594 1321 1676 suis
1349 1595 1464 1680 caufis
1488 1598 1695 1710 praepara·
1724 1596 1726 1601 ’
1820 1620 1857 1648 ’·

223 1735 357 1815 tarum,
378 1740 542 1826 quarum
570 1705 723 1823 singule
742 1705 830 1794 sunt
845 1714 1116 1821 contingentes
1140 1714 1176 1790 a
1202 1703 1394 1793 fallibiles.
1455 1715 1558 1821 Quia
1577 1741 1672 1799 con·

230 1828 349 1914 cursus
375 1851 532 1911 centum
558 1852 624 1909 aut
652 1821 756 1907 mille
788 1828 1149 1907 circumstantiarum
1177 1827 1435 1935 contingens,
1463 1830 1519 1909 uti
1549 1829 1673 1938 posita

235 1947 361 2029 eadem
389 1944 666 2057 preparatione
691 1937 883 2022 causarum
907 1943 1006 2022 inter
1028 1932 1218 2022 milfiones
1247 1934 1498 2025 consimilium
1520 1939 1673 2029 casuum

236 2063 289 2141 tiit
308 2056 424 2142 semel
440 2061 669 2166 contigeret,
692 2056 745 2137 ita
764 2080 837 2136 nec
856 2056 1099 2165 praenuntiari
1126 2055 1266 2165 potest.
1332 2057 1397 2138 Sic
1421 2058 1565 2168 utique
1582 2057 1673 2142 doe·
1737 2156 1741 2161 .

244 2199 319 2255 non
346 2175 599 2284 praenuntiare
627 2195 706 2252 non
727 2172 875 2281 potest,
904 2163 952 2250 ali
987 2168 1119 2252 uando
1141 2194 1188 2251 ex
1214 2171 1456 2281 contingenti
1485 2168 1674 2256 concursu

246 2279 431 2371 literarum
451 2283 698 2368 sonnandam
726 2311 869 2365 novam
887 2197 1063 2380 llialem,
1085 2308 1150 2366 aut
1167 2285 1253 2395 post
1271 2285 1527 2396 quadraginta
1547 2313 1671 2371 annos

250 2397 330 2483 hunc
347 2399 534 2485 infantem
560 2391 600 2482 in
628 2399 885 2481 determinato
915 2399 1066 2481 Ordine
1090 2395 1177 2480 fore
1198 2395 1358 2499 alterum
1374 2400 1429 2480 D.
1452 2405 1673 2500 Xaverium,

185 2506 190 2513 ’
254 2536 303 2596 tut
316 2519 363 2600 D.
381 2517 608 2598 Antonium.
668 2517 774 2623 Quia
799 2506 1047 2623 complexum
1062 2514 1181 2610 'buius
1203 2536 1364 2603 eventus
1378 2507 1544 2596 involvit
1560 2517 1675 2598 innu-

176 2676 178 2683 ·
257 2627 484 2714 meinradus
509 2622 718 2712 voluntatis
735 2629 908 2709 humanae
933 2651 998 2708 aut
1024 2626 1175 2725 divinat,
1192 2654 1361 2740 quorum
1386 2655 1466 2712 uno
1485 2622 1572 2714 solo
1590 2658 1675 2715 non

259 2742 358 2849 posto
380 2771 460 2828 non
480 2740 660 2857 sequetur
679 2736 776 2825 illud
800 2738 1062 2855 complexum.

342 2944 494 3067 Regula.
529 2973 565 3046 ς.
622 2946 722 3027 Non
751 2942 805 3024 est
836 2966 985 3025 certum
1015 2941 1186 3054 sgnum,
1220 2939 1499 3028 revelationem
1539 2943 1614 3030 esse
1648 2946 1673 3037 ἃ

176 3044 183 3073 ³
259 3053 340 3158 Deo,
364 3063 389 3148 fi
416 3061 571 3174 praecise
599 3056 643 3141 fit
670 3063 876 3161 conjuncta
905 3085 990 3141 cum
1021 3059 1152 3149 filiast,
1182 3081 1248 3140 aut
1278 3064 1392 3142 etiam
1426 3087 1513 3143 cum
1545 3059 1674 3146 eleva·

194 3198 207 3223 ··
260 3176 342 3259 tione
361 3174 576 3289 corporisa
599 3198 710 3256 tetra.
770 3177 888 3253 Ratio
912 3176 977 3266 est,
998 3179 1088 3284 quia
1104 3171 1241 3255 ectasis
1263 3171 1326 3257 seu
1350 3170 1533 3259 alienatio
1553 3174 1576 3259 i
1594 3174 1676 3262 sen·

197 3340 221 3389 :-
258 3281 332 3372 ibus
349 3294 472 3403 potest
493 3288 576 3372 fieti
600 3281 819 3371 naturaliter
835 3292 949 3368 etiam
976 3286 1052 3368 sine
1079 3290 1308 3397 operatione
1332 3288 1555 3378 doentonis3
1595 3289 1674 3377 ele-

258 3408 338 3487 vatio
356 3433 481 3490 autem
508 3407 682 3512 corporis
710 3400 733 3484 a
757 3416 856 3484 terta
877 3400 959 3484 lieri
977 3403 1115 3511 potest,
1144 3399 1301 3486 &farta
1316 3404 1529 3516 aliquando
1556 3410 1609 3492 est
1630 3405 1674 3492 il-

255 3504 308 3598 lius
324 3549 408 3632 ope.
465 3525 546 3605 Pat.
568 3520 661 3630 {teg
691 3545 706 3599 t
719 3546 754 3619 3.
784 3546 845 3620 ¹4·
867 3519 980 3600 Laut.
993 3520 1084 3629 Reg.
1096 3548 1133 3616 4.
1155 3543 1218 3618 5.t
1231 3543 1344 3618 ως.
1369 3520 1462 3631 Syb.
1480 3520 1575 3634 Reg.
1591 3537 1675 3610 tyr.

255 3627 518 3747 sibenReg.
541 3663 580 3716 2.
1309 3638 1312 3641 ’

226 3840 231 3849 ’
339 3832 498 3950 Regula.
529 3847 573 3916 6.
626 3833 726 3917 Non
761 3831 815 3914 est
847 3853 994 3914 eertum
1034 3827 1196 3944 sgnum,
1231 3824 1509 3914 revelationem
1535 3829 1619 3916 xesse
1657 3834 1682 3918 ἂ

241 3945 334 4044 Deo,
358 3950 384 4031 st
409 3954 618 4056 conjuncta
640 3950 693 4030 est
715 3974 800 4029 cum
828 3943 1136 4029 manifestatione
1161 3949 1441 4054 cogitationum
1461 3972 1527 4028 atu
1548 3950 1682 4030 Secre-

237 4085 371 4161 mum,
392 4090 484 4177 quat
505 4058 698 4147 versantur
717 4066 761 4146 in
780 4055 914 4145 alienis
937 4061 1132 4258 cordibuks.
1190 4061 1302 4142 Ratio
1322 4049 1402 4179 clf,
1426 4064 1519 4171 quia
1549 4086 1680 4257 papcae

1041 4181 1080 4260 K
1147 4205 1166 4281 3
1611 4197 1681 4259 unt
1734 4274 1742 4287 Ι
