3796 4994
553 220 556 225 ¹
620 259 791 412 Regula
812 280 868 373 e'x
892 243 1012 376 Carni.
1035 274 1087 374 de
1103 280 1296 377 Literni.
1516 222 1519 231 Ι
1575 304 1679 416 119

214 480 280 571 nili
310 480 429 599 quod
452 484 593 596 potius
617 478 720 596 eligo
746 479 820 567 illis
845 439 972 569 carere
993 460 1176 588 floubue,
1205 477 1385 598 qu‘ot‘de
1402 482 1472 572 luti
1494 477 1672 576 sordibut

213 597 348 716 legere
369 600 576 684 deberem.
645 603 692 682 Et
716 598 809 682 stcut
839 594 927 682 illos
959 599 1142 687 damnare
1172 630 1253 684 non
1283 604 1436 699 audeo,
1468 612 1537 713 qui
1564 610 1673 691 inviti
1791 683 1794 688 ,

215 716 513 830 quandoquein
527 714 749 811 huiusmodi
761 708 1012 824 spiritualibus
1029 711 1300 800 affectionibus
1311 720 1467 800 carnalis
1482 723 1607 803 fluxus
1623 715 1672 803 li·
1747 716 1753 727 ’
1837 727 1843 733 “

216 859 348 945 quote
375 824 635 917 maculanturt
683 833 738 913 ita
776 855 847 913 eoo
888 824 1067 916 excusate
1111 829 1265 927 neseio,
1295 835 1365 943 qui
1384 827 1459 915 tali
1487 837 1593 918 fluxu
1623 862 1672 919 ex
1765 868 1768 879 ⁴

216 943 404 1032 consensu
427 940 683 1030 delectantur.
1052 941 1055 949 ’

323 1085 497 1216 Regula
538 1115 616 1206 27·
663 1077 1032 1214 Appatitiones‚
1068 1086 1121 1183 in
1158 1076 1342 1217 quibus
1379 1111 1490 1185 non
1525 1091 1672 1190 intet-

218 1219 353 1328 cedit
375 1220 589 1325 honesta
619 1229 851 1360 gravitas,
889 1252 1001 1324 non
1031 1221 1143 1327 sunt
1170 1222 1199 1324 ὲ
1230 1219 1362 1326 Deo.
1436 1247 1491 1331 lb.
1514 1276 1551 1333 n.
1575 1271 1670 1350 38¹·

219 1360 487 1450 Tertullianus
504 1371 543 1446 iu
570 1365 611 1447 L.
635 1364 686 1446 de
704 1356 903 1473 praescript.
927 1364 976 1446 C.
999 1393 1069 1467 43.
1090 1364 1169 1446 hoc
1192 1362 1338 1476 signum
1360 1367 1486 1447 innuit
1515 1364 1672 1448 dicente

217 1482 296 1566 Ubi
314 1483 427 1563 Deus
446 1481 511 1579 est,
541 1479 596 1562 ibi
615 1503 740 1563 metus
761 1483 801 1559 in
826 1479 976 1564 Deumt
1003 1482 1071 1589 qui
1091 1480 1144 1561 est
1159 1483 1309 1563 initium
1332 1476 1532 1591 sapientia.
1594 1479 1671 1563 Ubi

219 1622 345 1680 metus
367 1599 407 1677 in
429 1596 574 1690 Deum,
605 1593 661 1676 ibi
684 1596 850 1704 gravitas
866 1593 1041 1688 honesta,
1067 1588 1264 1707 diligentia
1287 1599 1465 1694 attonita,
1487 1622 1576 1677 cura
1598 1589 1672 1677 sol-

220 1705 336 1808 licito,
353 1704 523 1794 adleciio
538 1703 750 1818 explorata,
767 1711 1070 1790 communicatio
1092 1705 1315 1805 deliberata,
1339 1714 1539 1821 promotio
1564 1735 1671 1792 eme·

222 1831 303 1925 rita,
316 1822 504 1931 subjectio
526 1819 713 1935 religiosa,
734 1827 922 1934 apparitio
942 1823 1100 1925 devota,
1119 1823 1309 1937 proceffio
1325 1826 1516 1922 modesta,
1535 1819 1669 1909 Eccle-

221 1934 268 2025 lia
290 1945 412 2037 unita,
439 1945 477 2021 dt
503 1941 582 2022 Dei
607 1945 750 2036 omnia.
827 2010 842 2034 χ
1653 1956 1663 1969 ·

225 2178 229 2193 ,
324 2080 494 2210 Regula
530 2101 609 2184 23.-
655 2071 885 2204 Quando
934 2081 1162 2180 internus
1206 2076 1491 2195 instiniim,
1527 2075 1668 2194 visto,

226 2217 297 2323 vel
332 2224 587 2353 apparitio
620 2216 832 2352 impellit
869 2213 933 2320 ad
970 2216 1155 2352 aliquid
1189 2250 1310 2324 cum
1345 2229 1666 2358 praecipitan-

227 2369 319 2479 tia,
359 2358 737 2499 inquietudine,
791 2390 849 2462 ac
896 2362 1122 2497 quadam
1166 2373 1486 2499 impatientia
1523 2363 1583 2468 dt
1620 2370 1666 2467 e'-

197 2529 414 2620 .tentu,·
457 2536 570 2606 non
605 2504 715 2605 sunt
752 2501 781 2605 ὲ
817 2501 982 2605 Deo·
1037 2529 1095 2612 lb.
1122 2556 1159 2611 n.
1191 2551 1283 2630 384·
1342 2531 1454 2612 Hanc
1475 2528 1668 2638 optimam
1824 2520 1827 2527 ’

229 2648 260 2726 dt
289 2672 434 2731 certam
463 2639 634 2756 regulam
664 2645 778 2727 tradit
809 2643 1020 2728 Richardus
1051 2651 1090 2726 in
1113 2647 1228 2727 Cant.
1253 2651 1298 2729 C.
1317 2674 1355 2740 7.
1373 2642 1439 2725 ubi
1456 2647 1527 2726 ait:
1558 2645 1667 2728 Cum

227 2757 353 2874 aliquis
387 2761 437 2843 ad
468 2757 631 2872 aliquod
660 2759 812 2841 bonum
842 2785 1023 2842 movetur
1048 2754 1181 2853 facile,
1213 2763 1253 2840 dc
1277 2786 1364 2840 cum
1388 2753 1668 2871 aliquacotdit

226 2870 397 2972 levitate,
428 2864 650 2957 timendum
668 2877 733 2973 est,
760 2875 872 2985 quod
899 2875 1125 2972 huiusmodi
1144 2871 1279 2956 levitas
1301 2868 1346 2956 stt
1377 2871 1399 2958 a
1433 2868 1666 2970 carnalitate,

228 2992 385 3076 maxime
409 2990 437 3072 st
458 2986 607 3101 aliquid
634 2987 689 3071 ibi
718 3015 909 3071 annexum
934 2989 990 3084 fit,
1023 2990 1138 3103 qood
1168 2983 1361 3085 delectare
1391 2988 1667 3073 humanitatem

226 3105 338 3216 poiltt
395 3109 492 3188 ltem
521 3101 685 3213 suspecta
714 3105 766 3186 est
795 3101 922 3185 cordis
958 3101 1154 3202 alacritas,
1190 3105 1351 3216 quaudo
1379 3097 1589 3213 impellitur
1618 3103 1669 3185 ad

227 3221 365 3333 aliquid
391 3222 624 3302 homocum
647 3218 815 3330 quadam
847 3221 1102 3314 vehementia,
1133 3222 1434 3329 &impatientia
1461 3211 1669 3301 ulatione.

229 3342 321 3532 guia
339 3339 504 3448 Spiritus
538 3338 697 3419 Sanetus
723 3332 920 3419 modestus
945 3336 1025 3435 est,
1060 3337 1099 3417 dt
1127 3328 1378 3446 tranquillus,
1401 3338 1438 3416 δι
1466 3337 1668 3445 temperati

260 3477 302 3536 ut
326 3475 459 3534 motus
491 3477 584 3556 etus.
827 3491 829 3495 ⁴
1655 3488 1663 3515 =

322 3594 495 3724 Regula
538 3623 613 3720 29·
672 3580 907 3714 Quando
959 3584 1214 3690 instindus
1265 3593 1532 3703 internus,
1589 3579 1669 3685 vel

231 3733 338 3835 visto
377 3754 619 3869 operatur
655 3737 1033 3865 poenitentiam,
1057 3754 1145 3834 aut
1180 3727 1305 3831 alios
1344 3727 1532 3832 fruitus
1563 3726 1670 3862 Spi-

174 3976 176 3997 ,
231 3885 340 3980 titus
372 3874 573 3990 Saniii,
612 3870 641 3974 a
682 3869 798 3974 Deo
834 3872 958 3974 sunt.
1047 3890 1103 3973 lb.
1129 3919 1166 3974 n.
1196 3909 1287 3990 382·
1318 3893 1359 3970 δι
1387 3878 1480 3989 383·
1509 3885 1545 3972 S.
1568 3887 1669 3971 Ber·

184 4046 190 4055 ·
233 4013 359 4103 tolus
383 4023 504 4103 Serm.
529 4042 597 4112 57.
616 4020 655 4095 in
679 4009 795 4096 Cant.
816 4011 932 4093 dicit:
973 4012 1013 4095 Si
1039 4003 1202 4103 sensero,
1229 4007 1365 4111 aperiri
1390 4006 1482 4084 milti
1509 3999 1667 4096 senium,

193 4116 199 4135 '
235 4153 267 4213 tt
285 4129 494 4250 intelligam
512 4123 1060 4245 scripturae-autlermottem
1086 4115 1276 4232 lapienuae
1298 4109 1422 4230 'quast
1440 4108 1599 4203 ebullire
1620 4139 1670 4195 ex

1526 4230 1668 4308 intimis
1773 4238 1806 4277 a
