3690 4988
385 307 591 409 wlsi,
610 310 656 405 S.
676 297 927 443 Elifirsetbae
949 304 1198 445 Schinaug.
1411 334 1504 443 ⁸7⁸
1680 276 1689 289 ἱ

170 534 229 601 rat
254 507 426 598 assatum.
507 513 558 598 Et
579 507 777 626 respondit
804 511 960 600 dicens:
997 516 1055 601 lta
1078 516 1158 616 est,
1178 532 1265 601 non
1288 539 1332 605 ut
1348 517 1515 607 audistis.¹

184 652 321 714 tamen
341 655 411 739 per
431 654 603 712 errorem
630 624 738 713 aliter
762 624 872 714 scribi
897 628 1115 726 debuerat,
1139 627 1206 715 sed
1224 629 1302 744 ipsa
1324 659 1402 746 ego
1423 629 1512 717 scri·

169 772 224 940 dd
247 741 472 940 ιιἰξῒιιιηιῗιιιιιιιιε
495 740 1381 969 ipgplrgcgggess’mgcpgtggagpbippffipr
1397 750 1513 945 ’unffi

171 976 209 1056 ie
229 965 349 1053 altera
371 996 459 1053 cum
480 970 532 1054 de
548 970 695 1055 eodem
714 993 881 1083 martyre
901 970 1075 1056 divinum
1096 968 1279 1057 Officium
1297 970 1512 1059 celebrare·

170 1086 341 1197 appatuit
365 1088 405 1166 δι
433 1080 513 1196 ipse
528 1085 622 1167 mihi
641 1088 683 1167 in
703 1079 826 1196 gloria
853 1108 1013 1196 magnas
1051 1089 1091 1167 dt
1111 1112 1200 1169 cum
1225 1087 1353 1172 abeo
1379 1091 1512 1201 requi-

170 1228 207 1295 ι,
227 1206 333 1301 cujus
352 1193 470 1282 officii
496 1203 534 1282 in
557 1193 694 1281 saeculo
719 1194 918 1301 extitisset,
946 1202 986 1281 dc
1010 1224 1091 1312 qua
1109 1199 1313 1284 occasione
1344 1227 1432 1285 cum
1464 1197 1512 1284 is-

170 1313 338 1425 rginibus
365 1316 590 1423 martyrium
617 1306 795 1409 subiisset,
815 1316 888 1396 aits
926 1309 1036 1396 miles
1062 1309 1119 1395 fui
1144 1319 1185 1397 in
1222 1312 1386 1411 saecuso‚
1410 1309 1511 1399 filius

170 1452 272 1517 rterae
296 1426 409 1531 hujus
433 1422 542 1509 sacrat
563 1427 741 1537 virginis,
767 1429 829 1509 eui
852 1425 1052 1533 adjunctus
1080 1423 1175 1511 sum.
1231 1422 1385 1513 Dilecta
1414 1431 1509 1511 mibi

170 1570 177 1625 e
201 1564 296 1639 erat,
320 1539 499 1653 ideoque
523 1566 611 1623 cum
633 1539 883 1652 egrederetur
899 1543 952 1624 de
970 1564 1070 1626 terra
1100 1535 1183 1641 sua,
1201 1546 1405 1625 comitatus
1429 1536 1509 1627 sum

170 1688 177 1753 ·‚
214 1650 292 1766 ipsa
317 1654 414 1737 verb
431 1654 483 1736 ad
510 1658 732 1765 martyrium
759 1647 1036 1765 suscipiendum
1068 1679 1136 1736 me
1165 1652 1432 1754 confortavit,
1468 1660 1508 1737 δι

170 1770 300 1853 videns
321 1768 572 1851 constantiam
594 1772 673 1873 ejus
696 1772 736 1849 in
758 1764 942 1877 passione,
966 1761 1073 1849 fimus
1095 1793 1183 1850 cum
1206 1794 1253 1854 ea
1271 1765 1394 1876 passus
1415 1764 1507 1853 sum.

170 1907 229 1967 rnt
245 1905 375 1966 autem
395 1874 521 1994 longo
547 1904 726 1992 tempore
753 1876 833 1963 ossa
855 1882 984 1964 nostra
1006 1879 1243 1965 abinvicem
1269 1878 1451 1991 separata,
1466 1887 1507 1965 ἀ

180 1999 467 2108 impetravimus
490 1993 725 2089 aiDomino,
746 2016 791 2076 ut
811 1991 863 2077 src
886 2000 1223 2104 conjungerentur.
1278 2000 1369 2077 ssoc
1391 1999 1507 2106 igitur

170 2136 236 2196 >ne
262 2114 303 2194 in
323 2135 504 2220 magnam
526 2107 813 2192 dubitationem
838 2108 1007 2192 adducta
1028 2105 1123 2192 sum.
1177 2107 1446 2193 Existimabam
1465 2134 1507 2192 e-

177 2222 514 2340 qutmadmodum
537 2226 745 2333 opinantur
776 2226 928 2321 cuncti,
950 2226 1020 2333 qui
1044 2216 1182 2333 legunt
1208 2224 1401 2306 historiam
1425 2224 1507 2307 Bri·

170 2365 295 2423 carum
315 2340 533 2448 Virginum,
561 2335 676 2447 quod
697 2336 848 2447 absque
866 2339 1052 2419 comitatu
1076 2340 1247 2419 virorum
1267 2338 1505 2450 peregrinata

170 2484 176 2537 :
201 2446 265 2535 issa
284 2451 399 2534 beata
412 2444 618 2532 sodalitas.
704 2454 890 2533 Praeterea
917 2452 957 2531 δι
981 2444 1088 2535 aliud
1106 2453 1293 2561 comperi,
1311 2448 1427 2561 quod
1444 2452 1505 2533 ni·

170 2571 271 2651 rinus
300 2567 402 2649 hanc
432 2561 712 2674 expositionem
743 2562 994 2646 vehementer
1017 2560 1246 2648 infirmabat.
1329 2566 1372 2646 ln
1407 2587 1506 2649 tem·

176 2674 270 2776 illo,
306 2705 390 2791 quo
417 2676 589 2789 praesidii
606 2677 692 2760 duo
717 2699 901 2786 martyres
930 2678 1079 2759 inventi
1105 2671 1211 2771 sunt,
1239 2702 1391 2788 reperta
1419 2672 1506 2761 sunt

184 2790 207 2877 s
252 2787 383 2876 ulchra
407 2794 597 2901 virginum
626 2782 746 2873 multa
774 2816 939 2903 corpora
964 2790 1180 2873 sandorum
1214 2786 1507 2904 Episcoporum,

170 2822 370 2993 eisiotum
399 2930 628 3016 magnorum
655 2900 884 3005 sanctorum,
907 2928 1027 3017 atque
1051 2906 1234 3005 virorum,
1261 2930 1450 3018 erantque
1465 2908 1507 2989 in

170 3025 323 3107 amentis
343 3014 581 3131 singulorum
612 3016 769 3129 repofiti
793 3011 943 3129 lapides
964 3015 1152 3103 habentes
1185 3015 1320 3103 titusos
1350 3019 1419 3103 fibi
1444 3022 1505 3103 in·

170 3166 234 3236 os,
254 3133 397 3250 quibus
415 3132 770 3228 demonstrabatur,
800 3135 870 3245 qui
894 3155 959 3216 aut
982 3129 1089 3217 unde
1112 3123 1276 3215 fuissent.
1349 3136 1504 3217 Horum

171 3248 275 3365 puos
294 3274 341 3331 ae
359 3247 526 3331 maxime
542 3241 695 3330 nobiles
718 3244 919 3329 transmisit
943 3244 994 3329 ad
1020 3272 1086 3330 me
1112 3272 1161 3329 ex
1187 3242 1417 3355 supradicta
1438 3272 1504 3329 ur·

170 3361 306 3451 aefattts
327 3361 485 3456 Abbas,
501 3364 653 3472 sperans
676 3354 825 3473 aliquid
856 3361 950 3442 mihi
971 3387 1041 3469 pet
1071 3363 1229 3473 gratiam
1262 3360 1424 3443 Domini
1450 3358 1505 3445 de

170 3477 240 3563 ›sse
259 3472 434 3572 revelati,
459 3479 499 3557 dt
519 3478 677 3586 cupiens
699 3472 896 3558 certificari
915 3500 985 3585 per
1003 3500 1087 3571 me,
1111 3496 1239 3557 utrum
1264 3472 1503 3559 credendum

170 3590 227 3677 set
240 3618 291 3676 an
313 3616 420 3678 nont
451 3587 622 3672 habebat
640 3593 708 3700 qui
738 3614 788 3699 pe
805 3581 1053 3698 suspicionem
1070 3588 1123 3670 de
1140 3588 1404 3673 inventoribus
1424 3586 1507 3672 san-

171 3736 212 3791 m
240 3711 475 3815 Cotporum,
503 3727 553 3785 ne
581 3698 685 3786 forte
710 3618 886 3787 sacrandi
910 3697 1033 3787 'causa
1061 3697 1198 3788 titulos
1230 3695 1319 3787 illos
1360 3696 1504 3788 dolose

170 3821 250 3905 ribi
279 3814 463 3902 fecissent.
548 3811 696 3925 Quales
722 3839 850 3900 autem
877 3811 1020 3900 fuerint
1038 3812 1139 3901 tituli
1163 3810 1242 3914 isli,
1268 3815 1505 3931 &quidde

170 3938 237 4019 ribi
262 3928 474 4017 revelatum
499 3927 636 4026 fuerit,
664 3934 705 4013 in
733 3926 904 4041 prasenti
932 3925 1109 4019 sennone
1143 3956 1214 4041 per
1241 3928 1387 4015 diversa
1413 3924 1505 4013 loca

170 4078 181 4135 ι
209 4044 683 4161 legentium-anteponere
703 4046 845 4241 curavg,
857 4066 902 4129 ut
922 4046 1013 4129 binc
1025 4042 1362 4146 animadvertatur,
1382 4038 1505 4265 dignm

870 4188 892 4243 a
1455 4179 1507 4239 ne
