3796 4994
452 258 457 266 ’
492 297 510 339 '
629 248 937 386 revelationes
970 288 1016 386 S.
1052 245 1299 385 certando.
1584 269 1683 422 15}

235 484 490 606 Apparebant
510 488 624 572 etiarn
646 485 746 573 infra
765 515 849 574 eam
872 477 1156 604 quinquaginta
1181 483 1236 575 illi
1255 492 1457 590 Oratores,
1478 504 1581 606 quoa
1600 474 1683 604 ipsa

234 603 431 717 superatos
459 602 597 686 direxit
616 602 666 687 ad
690 596 847 700 coelum,
876 608 945 716 qui
968 628 1106 687 omnes
1129 629 1244 688 aurea
1266 603 1410 715 sceptra
1435 611 1476 690 in
1504 609 1681 696 manibus

233 743 409 804 tenentes
425 709 601 825 capitella
624 743 759 801 eorum
786 713 897 828 super
921 717 1043 802 vestet
1063 716 1235 822 ejusdem
1252 720 1420 831 Virginis
1442 711 1681 816 declinando

228 829 349 943 ipsam
365 834 403 914 in
424 829 587 911 modum
608 833 747 913 florum
769 830 1020 916 exornabant.
1076 833 1177 917 Non
1196 832 1249 916 est
1264 856 1313 916 tx
1336 832 1493 921 historia
1513 837 1680 924 demon·

234 937 503 1040 llratafallitas
528 943 639 1051 hujus
660 947 901 1029 narrationis.

374 1202 458 1274 xv.
528 1161 718 1272 Extant
773 1173 826 1270 in
887 1159 965 1270 his
1022 1157 1444 1275 Revelatlonibus'
1497 1169 1677 1310 aliquae

230 1312 430 1451 prorsus
455 1305 710 1444 superfluae
739 1305 802 1411 de
835 1305 1056 1434 objectis,
1091 1340 1318 1445 quorum
1341 1320 1527 1417 notitia
1550 1338 1674 1448 pot·

228 1477 334 1558 erat
385 1449 556 1560 haberi
592 1449 622 1553 a
655 1445 1005 1566 Confrffario,
1057 1451 1137 1553 vel
1183 1450 1283 1554 alio
1336 1461 1450 1555 viro
1494 1463 1676 1590 perito.

227 1597 313 1681 Cur
340 1616 435 1701 ergo
462 1585 646 1701 neglectis
683 1585 853 1672 subfidiis
886 1588 1089 1672 ordinariis
1126 1585 1390 1674 conferrentur
1416 1589 1478 1676 vid
1507 1620 1679 1680 extraor-

228 1709 403 1792 dinaria?
430 1708 554 1788 immo
574 1697 713 1817 aliquae
737 1699 820 1785 sunt
847 1697 962 1785 valde
980 1705 1182 1797 intricate,
1215 1726 1259 1785 ut
1288 1732 1363 1815 pro
1390 1732 1521 1790 earum
1553 1703 1672 1794 eluci·
1752 1746 1756 1753 ¹

226 1822 390 1905 datione
406 1843 507 1928 opus
527 1813 642 1900 fuerit
666 1812 739 1897 alia
761 1811 923 1898 meliore
936 1810 1187 1900 revelatione.
1243 1817 1289 1900 L
1314 1845 1351 1918 3·
1379 1821 1432 1903 C.
1449 1845 1483 1900 r.
1512 1821 1669 1907 diciturr

226 1938 334 2019 Cum
362 1928 576 2017 Gertrudes
608 1929 658 2012 ab
688 1924 816 2041 aliqua
854 1929 998 2013 devota
1035 1927 1198 2039 persona
1233 1954 1440 2042 cogeretur
1471 1934 1681 2046 detegere,

223 2037 1671 2270 alltllll,¹383ss”niallai?lalr‘zssi‘tlrllilll‘ll

375 2209 387 2247 2

220 2272 430 2383 judicabat,
454 2276 640 2377 &tamen
667 2266 695 2351 sa
722 2273 886 2352 omnino
912 2274 1158 2367 reniteretur,
1184 2273 1338 2363 timeret
1364 2271 1504 2357 divinae
1526 2270 1669 2357 voluno.

224 2392 293 2473 tati
308 2388 511 2481 contraire,
528 2387 685 2469 recurrit
702 2383 752 2467 ad
766 2389 811 2467 B.
833 2387 1044 2494 Virginem,
1062 2386 1220 2493 cupiens
1240 2384 1290 2466 ab
1310 2409 1355 2468 ea
1377 2383 1549 2481 edoceri,
1565 2385 1666 2498 quid
1832 2399 1835 2405 ’

219 2506 262 2588 in
289 2502 362 2583 hac
389 2496 496 2582 causa
519 2500 640 2609 magis
670 2497 882 2606 expediret.
966 2497 1083 2615 Unde
1115 2497 1165 2579 ab
1203 2493 1281 2607 ipsa
1321 2493 1397 2581 tale
1423 2503 1572 2608 accepit
1609 2525 1670 2582 te·

220 2610 419 2727 sponsum:
444 2612 670 2721 Expende,
706 2611 819 2722 quod
846 2608 997 2705 habea,
1025 2614 1118 2722 quia
1133 2604 1247 2694 Filius
1271 2637 1380 2695 meus
1409 2613 1594 2719 praedives
1612 2612 1669 2699 est

222 2728 275 2815 ad
305 2756 324 2811 r
376 2725 627 2824 endendum‚
663 2722 860 2837 quidquid
891 2727 930 2806 in
959 2719 1115 2807 laudem
1145 2729 1225 2827 ejus
1254 2724 1497 2834 expenderis.
1581 2724 1664 2811 Sed

220 2869 313 2928 cum
340 2835 400 2922 'la
426 2835 611 2922 secretum
641 2832 748 2931 suum
784 2838 1188 2927 totadinventionum
1219 2835 1366 2920 suarum
1390 2833 1560 2921 clausulis
1589 2839 1664 2922 ob·

219 2948 449 3051 umbrallet,
471 2951 586 3065 quod
611 2975 861 3062 nequaquam
893 2951 1053 3034 credere
1077 2946 1201 3062 pollet
1226 2952 1278 3034 ad
1311 2946 1474 3035 aliorum
1503 2950 1669 3035 aedrfica·

217 3075 386 3162 tionem,
409 3069 483 3148 hac
499 3067 552 3148 de
574 3061 681 3148 causa
700 3065 814 3146 etiam
839 3065 1018 3172 Domino
1037 3059 1271 3173 supplicavit,
1287 3089 1330 3146 ut
1350 3067 1544 3156 intimaret
1566 3058 1665 3173 quid

217 3183 288 3267 fibi
310 3183 430 3290 magis
452 3175 633 3290 placitum
659 3173 762 3259 esset.
820 3177 938 3261 Unde
958 3173 1036 3259 tale
1058 3181 1197 3259 meruit
1213 3172 1446 3287 responsum.
1505 3177 1568 3258 Da
1592 3203 1660 3288 pe·

218 3298 371 3378 cuniam
401 3317 526 3374 meam
553 3291 604 3372 ad
635 3285 816 3373 mensam.
843 3293 919 3371 dte.
975 3289 1101 3372 Sic&
1131 3293 1173 3374 t.
1207 3316 1242 3388 3.
1266 3292 1317 3373 C.
1349 3309 1410 3383 ιε.
1445 3285 1665 3375 revelantur

214 3406 287 3519 ipsa
314 3411 422 3489 variae
457 3406 643 3488 doetrinae
674 3402 726 3485 de
753 3409 789 3483 S.
814 3405 1128 3503 communione,
1170 3429 1256 3515 quae
1287 3428 1426 3485 omnes
1464 3428 1593 3486 extant
1618 3411 1660 3488 in
1734 3456 1740 3465 -

212 3519 457 3630 Tbeologis3
493 3544 560 3600 cur
578 3542 674 3628 ergo
698 3540 798 3625 opus
820 3510 1091 3600 revelatione?
1126 3514 1175 3599 sac
1197 3527 1230 3617 §.
1252 3543 1290 3609 9·
1324 3516 1512 3614 docetur,
1545 3515 1660 3631 quod

213 3631 438 3720 reverentia
461 3628 575 3714 causd
597 3631 784 3738 abstinere
812 3625 835 3711 d
865 3633 1144 3712 communione
1169 3656 1250 3711 non
1276 3627 1320 3712 sat
1343 3625 1513 3725 malum,
1548 3625 1664 3742 quod

215 3771 347 3831 tamen
367 3744 515 3826 dudum
542 3743 676 3825 docuit
699 3743 736 3824 S.
761 3742 1010 3852 Augustinus,
1039 3747 1078 3824 dr
1098 3770 1185 3824 cum
1205 3738 1276 3826 illo
1298 3737 1506 3855 Theologi.
1548 3748 1592 3827 L.
1620 3771 1657 3842 3.
1720 3840 1724 3846 ,

218 3863 267 3943 C.
291 3889 352 3958 ¹3·
382 3881 550 3939 narratur
570 3851 694 3939 similis
727 3853 874 3936 cutiolli
908 3850 1107 3937 Revelutio
1136 3857 1195 3938 his
1227 3854 1373 3939 verbis:
1413 3858 1568 3939 Accidit
1593 3852 1660 3936 ali·

220 3973 406 4084 quando,
440 3970 553 4081 quod
582 3969 762 4084 quedam
785 3963 919 4054 oblata
951 3970 1091 4053 cecidit
1121 3968 1174 4052 de
1201 3958 1534 4081 ‘praeparam'cntm
1563 3966 1658 4159 lium

952 4086 1032 4188 U3
1466 4162 1472 4176 ,
1545 4088 1663 4190 pca-
