3796 4994
144 200 241 290 rso
447 174 649 275 Revela.
676 177 722 272 S.
747 134 999 303 Elisabethae
1025 168 1274 302 Scbdnaeug.
1378 200 1387 205 ··

171 429 642 576 Demonstratio
686 426 1049 579 falfitatum,
1091 432 1158 562 in
1193 429 1297 592 ‚his
1340 427 1569 562 revela

546 624 773 731 tionibus
809 646 1186 730 contentarum

151 915 188 972 ι.
332 876 467 976 ssent,
509 879 701 965 Undecim
728 872 846 963 nullia
876 881 1077 990 Virgintim
1104 904 1152 962 ex
1179 878 1312 963 Scotia
1339 871 1484 960 venisse
1514 878 1594 959 iio·

165 1054 169 1061 -
206 882 330 1155 A
362 1020 464 1076 mam
490 989 558 1076 sub
583 995 755 1104 Cyriaeo
784 998 889 1103 Papa
922 994 1078 1074 decimo
1107 1018 1238 1078 nonot
1284 1017 1373 1074 eutn
1408 984 1595 1101 praesuiffe

221 1198 225 1207 ,
362 1104 460 1191 ultra
485 1133 643 1199 annum,
666 1131 711 1189 ac
730 1105 821 1187 dein
846 1101 1044 1216 refignasie
1065 1110 1191 1189 invitis
1215 1102 1506 1201 cardinalibus,
1530 1099 1594 1186 sed

205 1245 413 1335 propterea
438 1248 521 1302 non
545 1214 654 1303 fuisse
688 1217 853 1328 positum
881 1223 920 1301 in
949 1245 1113 1302 numero
1140 1220 1405 1305 Romanorum
1432 1213 1594 1302 Pontifi-

208 1363 310 1433 cum,
331 1337 525 1446 quianon
552 1331 684 1416 mansit
706 1340 747 1416 in
772 1334 982 1443 Dignitate.
1067 1331 1214 1431 Addit,
1244 1331 1370 1413 eidem
1392 1326 1594 1414 succediiie

205 1451 423 1534 Anthemm
447 1451 604 1556 Papam.
688 1449 702 1527 i
734 1440 812 1528 sum
839 1447 932 1528 verb
949 1448 1157 1555 Cyriacum
1180 1449 1344 1556 virgines
1364 1448 1592 1547 comitatum

209 1566 249 1644 δι
270 1556 451 1645 Coloniae
476 1554 621 1671 passum
651 1585 673 1642 e
703 1587 738 1643 e.
823 1565 941 1662 Quot
972 1562 1013 1642 in
1046 1584 1121 1642 una
1153 1564 1371 1671 narratione
1397 1552 1594 1641 falsitates!

205 1677 337 1759 Primo
361 1669 495 1756 falsum
518 1674 596 1772 est,
625 1699 795 1785 unquam
820 1666 980 1756 extitisse
1017 1674 1235 1756 Romanum
1264 1673 1496 1754 Pontificem
1521 1697 1592 1753 no-

153 1835 156 1840 ·
204 1793 309 1872 mine
332 1788 562 1899 Cyriacumt
591 1811 861 1871 enumerantur
877 1811 1014 1869 omnes
1039 1787 1208 1869 Romani
1238 1786 1448 1868 Pontifices
1464 1789 1506 1869 in
1524 1781 1590 1867 an·

203 1895 1203 2123 ‘iiiiiigiiiiffssiisiiiiiiiiiia
1222 1897 1589 2122 {iiiiii}

206 2151 400 2210 merantur
432 2129 546 2220 anni,
581 2122 757 2220 menses,
789 2150 835 2207 ac
857 2124 962 2222 dies,
984 2151 1086 2238 quot
1103 2132 1273 2240 quisque
1295 2131 1334 2210 in
1359 2124 1588 2227 Pontificatu

150 2340 156 2351 ,
204 2237 407 2337 habuerit3
441 2232 569 2321 nullus
595 2263 767 2350 unquam
791 2230 853 2321 vel
880 2265 950 2347 per
976 2237 1163 2323 somnium
1199 2239 1296 2322 vidit
1326 2264 1418 2322 ante
1440 2240 1587 2322 Anthe-

203 2380 289 2438 rum
310 2354 547 2464 Cyriacumt
590 2349 655 2435 sed
684 2378 824 2434 omnes
850 2356 1044 2438 Pontiano
1074 2379 1177 2437 anno
1212 2381 1300 2453 ²37-
1325 2349 1433 2463 passo
1459 2352 1587 2437 substi-

202 2491 317 2550 tuunt
340 2465 562 2550 immediate
586 2490 689 2548 anno
712 2459 898 2576 sequente
925 2489 1004 2565 238
1028 2466 1257 2562 Antherum,
1276 2471 1346 2578 qui
1368 2466 1502 2551 adhuc
1522 2495 1587 2550 eo·

206 2579 298 2662 dem
323 2605 433 2662 anno
449 2575 571 2690 parius
593 2581 657 2662 est.
733 2579 919 2661 secundo
940 2577 1071 2663 falsum
1092 2585 1159 2677 est,
1177 2584 1387 2691 Cyriacum
1411 2575 1599 2694 resignas·-

206 2687 256 2776 se.
314 2695 422 2799 Quia
441 2716 621 2801 tempore
639 2687 836 2776 coelestini
861 2698 895 2772 V
917 2689 1064 2776 nullum
1087 2694 1215 2777 adhuc
1235 2687 1423 2777 sciebatur
1454 2701 1588 2779 Roma

170 2853 174 2859 -
207 2801 427 2916 exemplum
451 2799 563 2887 uilius
594 2804 856 2916 resignationis
882 2806 1103 2908 Pontificiae,
1134 2833 1176 2890 ut
1198 2830 1304 2918 patet
1327 2833 1375 2890 ex
1408 2814 1491 2912 ejus
1520 2812 1589 2894 Le·

204 2921 335 3033 genda
362 2919 467 3032 apud
487 2913 776 3034 bollandianos.
837 2922 971 3005 Tettio
994 2917 1126 3003 falsum
1152 2926 1217 3017 est,
1240 2945 1422 3029 ternpore
1442 2924 1589 3007 Anthe-

204 3040 236 3118 ri
256 3038 365 3144 Papae
385 3041 460 3135 lam
485 3031 645 3116 extitisse
667 3034 870 3114 nomen&
897 3036 1137 3146 Dignitatem
1168 3030 1459 3131 cardinalium,
1482 3035 1532 3120 ste
1550 3060 1590 3119 ut

204 3147 256 3230 ab
277 3173 413 3231 eorum
436 3147 668 3231 authoritate
702 3150 872 3258 potuerit
900 3146 1125 3262 dependere
1153 3149 1378 3232 constitutio
1416 3146 1482 3235 vel
1509 3149 1590 3235 refi-

62 3339 65 3343 ,
205 3264 339 3374 gnatio
360 3258 569 3345 Pontificis.

149 3487 191 3544 a.
218 3454 356 3543 Asserit
375 3452 447 3542 illis
465 3459 706 3571 temporibus
726 3455 835 3548 fuisse
856 3463 1103 3549 Dorotheum
1130 3472 1277 3581 Regem
1310 3468 1587 3554 Constantino·

205 3569 302 3685 poli,
320 3599 406 3655 cum
432 3597 514 3657 tm
531 3601 562 3654 ·n
597 3599 642 3655 ea
667 3573 758 3659 urbs
783 3603 834 3662 eo
864 3583 1025 3662 nomine
1052 3584 1091 3661 δι
1110 3575 1178 3664 sub
1204 3609 1250 3666 ea
1270 3579 1400 3666 forma
1420 3584 1585 3668 necdum

206 3690 386 3785 extiterit,
413 3681 480 3772 sed
505 3685 672 3800 primitm
698 3685 813 3778 suerit
836 3693 1048 3779 connum
1074 3693 1099 3782 ὲ
1126 3699 1383 3786 Constantino
1414 3699 1474 3781 M.

1412 4016 1452 4090 3.
1479 3981 1561 4073 asa
