3772 4988
659 345 942 496 aeg-erati.
959 386 1017 461 ax
1038 297 1304 492 &restrae-³·
1432 363 1435 367 ’
1587 387 1689 501 99.
1808 426 1816 434 ·

212 589 295 674 aut
334 568 443 676 aliis
470 563 624 686 libris,
658 600 769 675 non
805 571 918 677 sunt
954 567 986 672 ὲ
1021 566 1161 688 Deo,
1197 568 1276 674 sed
1314 567 1345 672 ὲ
1380 564 1664 706 phantafi'a,
1722 611 1738 677 ῃ

212 734 296 816 aut
326 712 357 817 ὲ
382 712 647 817 doemone.
720 739 836 821 Ratio
859 736 940 835 est,
954 737 1048 847 quia
1072 736 1182 817 Deus
1206 759 1287 816 non
1308 729 1538 845 multiplicat
1553 764 1665 823 reve·
1719 750 1724 764 '

210 847 378 939 linones
392 856 537 940 otiose.
594 855 774 967 Doa'mpn
796 870 928 950 autem
944 848 1064 935 lubet
1086 847 1195 932 suum
1221 845 1353 947 finnn,
1377 853 1470 961 quia
1492 877 1665 964 occupat

211 967 389 1052 homines
405 971 465 1052 his
484 960 660 1069 obiectis,
681 991 724 1049 ut
741 953 881 1052 avocet
902 960 926 1047 a
947 965 1170 1073 Scripturis,
1201 967 1240 1044 δε
1262 989 1303 1045 ut
1328 960 1560 1048 confessarii
1579 962 1663 1053 alii-

213 1109 287 1193 que
311 1079 503 1166 insumant
520 1108 671 1193 tempus
692 1085 733 1165 in
752 1072 969 1175 audiendis,
993 1073 1191 1190 legendis,
1214 1104 1259 1161 ac
1286 1074 1535 1163 discutiendis
1561 1091 1677 1189 ejus-f
1792 1096 1796 1101 '

213 1198 320 1280 modi
341 1193 657 1281 revelationibus.
735 1190 882 1307 Gtrfim
902 1195 945 1276 L.
973 1192 1064 1276 CC.
1081 1190 1132 1274 fic
1151 1192 1295 1275 habet:
1335 1196 1657 1299 Examinandum,
1724 1294 1727 1299 ¹

213 1337 257 1395 au
277 1306 540 1401 revelationes
558 1309 754 1421 excedant
767 1335 1018 1415 communem
1038 1305 1202 1411 modum
1220 1301 1414 1419 loquendi
1431 1311 1470 1392 in
1487 1312 1662 1423 Scriptu-

214 1419 270 1523 ris,
294 1418 360 1510 vel
386 1400 1108 1555 communem'inod'um‘intelligendi.
1123 1420 1207 1511 ‘'‘Si
1230 1427 1332 1504 enim
1349 1450 1430 1505 non
1453 1427 1658 1529 excedant,

212 1535 339 1624 frustra
371 1538 546 1652 ponitur*
566 1534 764 1624 revelatio.
791 1578 805 1585 <·
823 1537 951 1648 Quod
973 1534 1019 1619 iti
1051 1536 1258 1648 Scriptura
1276 1531 1393 1621 semel
1424 1533 1577 1623 locutus
1605 1544 1660 1631 esi
1784 1626 1787 1632 ,

212 1654 331 1753 Deus,
359 1655 456 1739 sicut
474 1654 557 1759 Job
579 1648 770 1767 loquitur,
790 1648 954 1762 idipsum
976 1677 1060 1733 non
1084 1657 1235 1764 repetit.
1290 1649 1514 1737 onerosum
1541 1664 1659 1769 quip-

212 1795 258 1880 pe
274 1765 381 1871 esset‚
402 1799 454 1853 ne
474 1770 614 1865 dicam
636 1794 801 1864 vanum,
825 1765 991 1855 visiones
1023 1760 1134 1876 super
1165 1766 1329 1850 vistones
1361 1770 1401 1851 in
1430 1769 1659 1859 immensum

212 1880 475 1997 multiplicatas
493 1883 640 1969 debere
655 1887 827 1994 recipere
843 1905 1030 1993 tanquam
1040 1882 1091 1963 ab
1111 1907 1181 1965 ore
1194 1883 1271 1965 Dei
1289 1879 1473 1994 prolatas,
1482 1911 1527 1969 ac
1547 1885 1658 1972 dein·
1752 1938 1756 1945 -

212 1996 257 2082 de
275 1999 476 2087 cettiffima
492 1997 572 2082 fide
591 1996 816 2082 credendas.
884 1996 1028 2106 Sicque
1053 1997 1212 2080 demum
1239 1998 1365 2079 nostra
1387 1995 1485 2081 fides
1512 2002 1660 2088 nostra-

212 2139 283 2225 que
300 2108 456 2227 religio,
483 2141 603 2225 quam
622 2114 746 2208 Deus,
764 2110 860 2194 telle
879 2111 1107 2223 Augustino,
1128 2105 1254 2193 voluit
1272 2116 1460 2195 contineri
1477 2108 1545 2197 sub
1563 2144 1658 2227 pau·

212 2227 351 2312 affinis
371 2225 550 2329 articulis,
567 2227 796 2319 redderetur
820 2218 905 2335 plus
928 2222 1106 2321 onerosa,
1132 2223 1253 2338 quam
1271 2227 1352 2309 Lex
1371 2252 1492 2314 vetus.
1552 2235 1658 2318 Hinc
1711 2248 1716 2252 “

178 2336 277 2457 ,alia
296 2351 399 2428 ratio
420 2338 591 2438 sumitur,
609 2346 701 2454 quia
725 2333 864 2423 omisso
893 2338 1109 2423 divinarum
1134 2343 1413 2451 scripturarum
1430 2343 1557 2427 studio
1573 2344 1657 2432 ina·
1733 2338 1737 2347 ‘
1789 2384 1792 2391 ¹

210 2483 278 2571 gna
297 2484 389 2570 pars
408 2458 713 2541 Christianorum
731 2454 783 2538 ad
803 2454 871 2536 has
895 2451 1076 2551 viscones,
1096 2454 1190 2538 ideo
1208 2450 1465 2567 placentiores
1489 2464 1581 2573 quia
1594 2473 1685 2559 re(

210 2576 396 2660 certiores
418 2594 663 2663 converteret
689 2566 829 2653 oculos
853 2572 893 2649 δι
908 2594 1018 2651 aures
1041 2573 1269 2680 prurientes,
1296 2569 1428 2683 sicque
1452 2571 1657 2666 necessaria

210 2684 405 2784 nescirent,
422 2690 513 2799 quia
532 2693 637 2787 juxta
650 2685 806 2768 Senecae
819 2682 984 2766 verbum
1002 2685 1247 2794 Supervacua
1269 2681 1496 2772 didicissent.
1519 2737 1538 2753 -
1565 2696 1658 2778 Hoc

208 2808 316 2887 etiam
337 2808 453 2915 preci
482 2799 531 2884 ue
549 2798 789 2883 confidcrare
812 2822 983 2909 oportet,
1009 2797 1035 2880 [ι
1061 2797 1106 2881 sit
1127 2792 1286 2894 mulier,
1307 2804 1367 2883 cui
1389 2800 1487 2886 fiunt
1506 2801 1656 2892 revela-

208 2921 348 3006 tionem
378 2831 547 3028 qualiter
570 2941 656 2996 cum
679 2907 753 2996 suis
774 2908 1072 2997 Confefforibus
1094 2908 1354 3011 conversatur,
1385 2920 1425 2999 &
1447 2920 1657 3006 Instructo·

209 3032 321 3121 nisuss
351 3028 381 3114 li
403 3024 735 3131 collocutionibus
752 3027 920 3111 intendit
943 3030 1136 3123 continue,
1157 3028 1226 3111 sub
1255 3029 1423 3114 obtentu
1443 3060 1549 3116 nunc
1573 3061 1657 3121 cre·

208 3141 277 3229 brae
303 3141 571 3242 confeffionis,
588 3170 691 3225 nunc
711 3139 870 3255 prolixe
892 3145 1118 3225 narrationis
1141 3141 1332 3226 vistonum
1358 3139 1522 3245 suarum,
1552 3176 1656 3235 nune

208 3256 350 3345 alterius
365 3253 578 3367 cujuslibet
596 3252 936 3340 confabulationis.
994 3258 1169 3368 Expertis
1183 3257 1312 3356 crede,
1330 3264 1559 3346 nominatim
1574 3266 1658 3348 Au-

211 3377 372 3483 gustino,
420 3401 469 3458 ac
512 3378 808 3456 Bonaventurae.
867 3376 943 3456 Vix
993 3373 1047 3454 est
1097 3365 1215 3455 altera
1260 3375 1374 3483 pestis
1420 3371 1485 3458 vel
1528 3374 1660 3465 effica-

214 3490 341 3578 ciutad
361 3485 619 3582 nocendum,
641 3480 704 3568 vel
721 3480 979 3568 insanabilior.
1003 3524 1006 3531 ·
1037 3484 1220 3595 Quodsi
1248 3482 1343 3569 nihil
1367 3482 1472 3573 aliud
1492 3491 1656 3583 haberet

339 3605 604 3697 detrimenti,
643 3598 711 3682 nist
742 3603 930 3713 temporis
947 3658 951 3668 ·
969 3597 1128 3711 pretiosa
1162 3594 1373 3691 latissimam
1401 3606 1505 3695 hanc

550 3710 911 3915 consumptionpm,
948 3714 1106 3912 apunde
1133 3710 1310 3803 Diabolo
