3796 4994
220 284 307 422 36
582 258 820 429 damula
846 298 1000 405 Rebel.
1020 294 1330 433 probabilium.

312 606 324 623 ,
377 502 426 612 6.
473 496 739 631 Revelatio
776 528 868 617 aut
903 510 1040 616 Visro
1077 510 1352 653 probabilis
1390 514 1496 634 est,
1530 514 1564 621 fi
1603 512 1694 630 fiat

31 710 37 715 -
118 702 122 721 ·
192 642 424 755 ιοοιὶιιιι
468 671 753 756 momento
802 653 1010 774 multis,
1055 653 1109 762 dt
1160 656 1372 796 quidem
1414 666 1469 764 in
1516 659 1697 766 coufir-

218 799 533 933 Ιῇὶἃῐίοῐιθῐῐὶ
568 788 694 896 fidel.
801 820 868 903 Sic
894 816 1152 933 quadraginta
1178 815 1364 905 militibus
1394 804 1626 907 causa'fidei
1651 824 1695 909 in

218 934 408 1046 -Ilagnurn
440 926 676 1046 frigidilsrma
703 933 957 1047 uouemus
989 961 1011 1018 a
1040 959 1248 1045 paruerunt
1276 961 1344 1035 40.
1371 962 1528 1021 coronae
1544 941 1585 1019 iu
1611 963 1694 1051 coe-
1738 1034 1743 1043 x

233 1041 293 1149 lo,
318 1051 390 1160 qui
417 1075 600 1132 numerus
629 1075 710 1134 uno
746 1048 955 1134 deficiente
1010 1051 1122 1134 ubito
1147 1044 1368 1164 completus
1393 1054 1447 1138 est
1470 1048 1495 1140 ὲ
1519 1053 1695 1157 Ianitote

213 1158 385 1281 gentili,
406 1161 462 1249 ob
478 1164 646 1259 eandem
667 1163 852 1250 visionem
876 1158 1078 1253 converso.
1352 1206 1356 1211 ·

378 1385 425 1490 7'.
463 1355 728 1465 Revelatio
773 1381 868 1467 aut
901 1358 1035 1465 Vifio
1073 1359 1143 1464 est
1176 1357 1487 1499 probabilis,
1537 1360 1692 1469 live-

88 1494 95 1505 ’
232 1512 342 1613 niat
377 1501 690 1636 inexpeelata
726 1512 836 1609 viro
880 1500 1027 1608 nullis
1064 1503 1336 1609 vifionibus
1373 1504 1601 1624 assueto,
1635 1514 1691 1613 in

233 1645 477 1787 dignitate
514 1646 831 1765 constituto,
888 1642 942 1751 dt
994 1646 1204 1786 quidem
1248 1678 1347 1785 pro
1367 1728 1376 1745 ,
1399 1644 1692 1757 stabilienda

213 1791 483 1928 ¹religione.
590 1816 655 1901 Sic
681 1813 777 1897 teste
802 1805 972 1944 Eusebio
990 1812 1031 1894 iu
1056 1810 1420 1943 Vita'Constantini
1447 1811 1539 1896 huie
1563 1814 1693 1924 lmpe·

228 1920 1048 2155 ffirigpuaffiengffirgifnssngnffiougna
1064 1919 1261 2012 Vexillum
1291 1927 1458 2027 Crucis,
1484 1923 1550 2021 seu
1564 1927 1691 2018 Laba·

210 2338 215 2343 .
377 2264 422 2354 ιι.
460 2234 726 2343 Revelatio
773 2260 864 2342 aut
906 2233 1040 2342 Viuo
1076 2233 1147 2342 est
1181 2232 1490 2376 probabilis,
1524 2237 1560 2341 fi
1595 2208 1686 2351 fiat

227 2388 281 2490 in
326 2381 745 2500 circumstantiis,
791 2389 848 2485 in
894 2375 1079 2518 quibus
1121 2411 1218 2485 nec
1261 2379 1407 2484 locus
1460 2380 1530 2485 est
1578 2383 1687 2493 illu-

227 2526 355 2631 fioni
389 2524 752 2667 phantasticae,
787 2552 883 2628 uec
918 2520 1208 2662 deceptioni
1244 2520 1532 2643 diabolicae,
1569 2580 1607 2637 v.
1645 2566 1687 2668 g:

227 2666 327 2753 dutn
363 2671 403 2754 S.
442 2665 617 2774 Jacobus
656 2660 833 2778 Hispanis
870 2688 1030 2776 apparet
1056 2667 1097 2749 in
1123 2691 1275 2778 pugna,
1305 2670 1345 2746 dt
1373 2663 1441 2777 ipfi
1469 2669 1597 2752 Mauri
1624 2692 1685 2753 te·

227 2783 373 2869 uantur
393 2780 432 2869 le
446 2778 556 2867 illum
575 2775 727 2870 vidiller
758 2779 872 2894 quod
894 2776 1015 2890 ipsum
1035 2785 1200 2892 contigit
1226 2775 1388 2865 Polonis
1409 2780 1682 2877 dimicantibus

83 2907 85 2913 ’
225 2902 546 3003 eouna'Turcas,
569 2920 782 3009 apparente
796 2896 844 2981 ,5.
865 2885 1058 2980 Stanislao
1076 2899 1118 2983 in
1138 2921 1237 2982 aete.

370 3123 419 3223 9.
462 3080 733 3193 Revelatio
779 3057 850 3185 est
891 3075 1208 3218 probabilis,
1253 3078 1382 3190 dum
1430 3077 1490 3190 fit
1533 3083 1682 3191 fimul

222 3226 453 3373 pluribus
523 3224 748 3367 personis
811 3231 867 3329 in
933 3219 1091 3327 finem
1140 3223 1403 3332 manifeste
1456 3224 1681 3337 bonurn.
1733 3295 1735 3299 -

219 3377 286 3459 dic
306 3372 359 3461 ad
379 3401 445 3476 24·
469 3368 664 3454 Februarii
682 3368 724 3449 iu
750 3368 828 3452 vita
851 3365 892 3450 S.
915 3367 1073 3457 Mathia
1093 3362 1275 3479 Apostoli
1295 3362 1450 3482 legitur,
1471 3370 1586 3484 quod
1607 3398 1680 3457 eo-

225 3486 318 3573 dem
352 3511 533 3599 tempore
561 3486 626 3573 hic
650 3475 868 3594 Apostolus
893 3483 1111 3592 apparuerit
1139 3484 1285 3567 Batoui
1309 3480 1333 3571 ἒι
1353 3484 1568 3585 Moetoede,
1597 3490 1679 3572 exi·

205 3602 337 3701 ‚ilenti
361 3604 401 3685 iu
427 3601 649 3695 venatione,
679 3601 719 3679 dt
749 3602 830 3702 ejus
856 3597 970 3679 uxori
996 3603 1256 3684 commoranti
1286 3600 1398 3684 domi
1424 3601 1676 3691 adhortando

211 3716 276 3802 'nd
291 3700 539 3801 fundandum
562 3736 708 3798 certum
736 3711 1037 3808 Monastetium,
1064 3736 1152 3825 quae
1168 3710 1264 3799 visto
1288 3711 1502 3801 recensetur
1521 3720 1562 3800 in
1588 3718 1677 3834 iplis
1754 3782 1758 3789 -

172 3854 175 3859 ’
219 3834 373 3921 Litteris
401 3806 669 3926 fundnionis,
703 3842 791 3939 quae'
813 3821 1045 3912 asservantur
1066 3824 1330 3917 annuntius
1346 3830 1673 3925 Merodenfibusr

219 3950 322 4059 un
343 3942 425 4062 aliis
444 3948 550 4036 ants
568 3937 735 4059 publicis
758 3938 997 4058 synchronis,
1446 3944 1449 3961 '

786 4342 805 4397 r
1463 4240 1541 4320 to.
1577 4194 1672 4321 Ress
