3796 4994
620 243 796 378 Regulae
827 272 884 344 ex
904 252 967 399 ¹P.
1008 234 1120 379 orst.
1483 287 1589 385 ‚245

198 513 205 541 .
231 536 237 543 .
259 456 610 562 Futurampacem
638 447 769 534 divina
795 456 937 562 pariter
963 443 1202 536 revelatione
1234 452 1434 563 prirnoviu
1485 462 1592 568 'Qua

198 592 232 678 ga
262 560 394 678 lapsos
427 557 635 675 Disciplina
673 567 728 646 uti
761 564 923 648 deberet
935 581 957 658 ,¹
982 569 1021 646 dr
1049 569 1247 650 nodutnis
1276 565 1355 676 ipse
1380 568 1592 664 visionibus

209 680 360 765 diurnis
397 682 649 762 innocentum
688 704 901 786 puerorum
938 678 1107 787 raptibus
1139 673 1341 764 intellexit.
1427 690 1517 792 Qua
1548 692 1589 772 in

198 798 370 879 aerarios
399 790 596 904 quosdam
620 790 856 899 presbiteros
889 787 1040 874 censura
1076 790 1240 875 deberet
1268 796 1590 901 animadvertere,

197 906 311 991 DEO
339 933 411 1019 pet
434 927 602 1016 apertam
628 902 936 988 admonitionem
965 908 1124 1015 accepit.
1195 908 1351 989 Interim
1380 933 1590 1023 antequam

197 1020 423 1133 rtlnaginern
465 1039 684 1115 remearet,
736 1011 939 1101 Aurelium
982 1020 1023 1100 dc
1059 1011 1288 1101 Celerinum
1326 1014 1449 1131 gloria
1476 1027 1591 1114 Con-

197 1130 312 1219 donis
336 1130 500 1244 infignes
526 1134 566 1212 in
593 1123 755 1215 Clerum
781 1132 992 1241 cooptavit.
1075 1130 1121 1212 ld
1146 1131 1241 1214 verb
1270 1159 1351 1216 non
1382 1132 1461 1219 sane
1489 1163 1591 1224 con·

197 1250 253 1333 ais
290 1243 502 1329 visronibus
528 1268 574 1326 ac
606 1243 745 1325 divinis
781 1237 1081 1326 revelationibus
1119 1240 1265 1327 fabium
1297 1246 1351 1328 est
1374 1250 1470 1360 (Ep.
1499 1267 1588 1354 33.)

197 1354 310 1445 blatis
338 1360 473 1443 Deciis
497 1353 702 1441 secundam
742 1358 930 1466 Cpriani
972 1357 1213 1466 temporibus
1253 1353 1428 1444 Ecclefiae
1462 1362 1587 1474 perse·-

197 1478 343 1561 ionem
391 1466 527 1561 Gallus
576 1476 617 1553 dc
659 1385 888 1553 Volurlanus
935 1465 1155 1554 intulerunt.
1272 1476 1383 1554 Hanc
1420 1502 1588 1590 quoque

201 1586 440 1701 Cyprianus,
472 1606 681 1695 antequam
712 1579 867 1678 saeviter,
889 1585 1011 1666 immo
1047 1586 1086 1664 dc
1119 1605 1327 1695 antequam
1358 1583 1587 1675 decernere-

197 1726 335 1801 ·,non
366 1722 443 1783 una
474 1720 542 1781 aut
582 1690 730 1796 altera,
775 1690 842 1779 sed
881 1691 1086 1798 multis&
1119 1695 1263 1779 crebris
1300 1702 1340 1778 &
1377 1700 1587 1790 manifestis

197 1812 421 1899 ensronibus
443 1836 488 1894 ac
514 1807 722 1895 vifionibus
755 1804 922 1892 futuram
957 1803 1170 1907 intellexit,
1203 1813 1240 1891 ἃ
1275 1836 1345 1920 per
1365 1813 1585 1924 Synodicas

196 1926 297 2013 undi
335 1921 510 2010 Concilii
545 1919 853 2034 carthaginensis
893 1923 1053 2005 litteras
1095 1946 1177 2003 non
1208 1919 1281 2006 suar
1312 1928 1487 2026 tanttlm,
1516 1924 1585 2015 sed

196 2066 257 2125 am
282 2043 466 2123 Romane
493 2033 665 2121 Ecclefiae
694 2032 916 2144 fignificavit
941 2041 1029 2145 (lip.
1060 2047 1150 2138 57.)
1175 2036 1353 2122 Vidimus
1381 2040 1584 2141 hedenus,¹

196 2153 261 2241 iam
288 2152 518 2267 frequentes
545 2156 585 2232 dr
613 2144 815 2233 familiares
844 2150 1049 2260 Cypriano
1083 2148 1226 2233 fuerint
1260 2146 1433 2237 coelestes
1469 2156 1584 2241 vifio·

196 2294 238 2357 ss
290 2267 493 2351 videamus
519 2264 670 2359 modo,
698 2267 737 2348 in
765 2286 884 2376 quam
910 2267 952 2347 8.
978 2266 1128 2375 Manyr
1164 2262 1346 2347 fiduciam
1375 2292 1425 2350 ex
1451 2295 1583 2356 earum

196 2377 780 2611 liiiiilzilliiin
807 2372 1240 2587 ,iiilllsl‘l
1257 2373 1491 2604 iiiiii?
1508 2409 1583 2584 liz

196 2608 370 2695 nditione
400 2608 613 2719 promittit,
648 2602 675 2687 fi
708 2605 844 2687 DEUS
871 2603 914 2685 id
949 2607 1156 2715 permittat,
1188 2601 1389 2718 &aliquo
1419 2602 1582 2707 senfibili

195 2746 249 2833 po
280 2718 385 2806 suam
414 2723 487 2804 hac
516 2720 573 2801 de
591 2743 634 2800 rc
662 2718 899 2811 sententiam,
933 2708 1257 2828 volumatemque
1281 2718 1502 2832 fignificet.''
1540 2724 1582 2814 Si

195 2830 341 2945 soleuue
370 2842 444 2919 tua
477 2855 589 2949 agere
631 2827 701 2916 vel
719 2828 815 3030 pero
843 2832 1108 2941 penitentiam
1151 2834 1335 2942 ceptris,
1377 2845 1581 2927 commuui-

195 2952 303 3035 nonis
327 2957 402 3034 iuae
429 2949 637 3059 poterimus
669 2938 718 3028 ba
742 2969 804 3029 tre
841 2948 1055 3051 rationem
1111 2953 1284 3031 manente
1322 2953 1449 3035 iumen
1475 2948 1582 3148 apud

195 3058 382 3149 rdiuinae
409 3056 571 3173 ceufirre
606 3068 729 3155 metu,
767 3066 811 3142 ui
838 3062 946 3165 prius
976 3054 1187 3144 Dominum
1221 3084 1339 3145 mrum
1377 3058 1488 3176 confir
1502 3094 1577 3172 ant,

195 3173 301 3265 trior·
340 3197 472 3285 pacem
511 3170 600 3258 dari
626 3171 701 3282 fua
742 3168 936 3282 oflenfioue
975 3168 1033 3264 is
1074 3169 1329 3260 admonitione
1367 3182 1579 3285 permittat.

195 3292 310 3377 baini
338 3290 463 3385 euim,
498 3282 593 3397 quid
618 3287 701 3400 jam
744 3278 834 3370 mihi
864 3282 916 3394 fii
953 3280 1128 3482 psltnsuru
1165 3292 1240 3370 dre.
1352 3292 1493 3375 Iterum
1528 3297 1582 3381 dc

195 3402 373 3517 'asbyteris
386 3463 401 3503 ,
437 3404 506 3513 qui
544 3394 584 3482 se
613 3395 832 3483 inconsulto
873 3401 954 3511 Lep
968 3426 1000 3480 ts
1036 3403 1431 3499 communicaverant,
1463 3407 1580 3514 Utar,

195 3522 291 3633 qn‘c,
336 3541 383 3600 ea
427 3511 713 3609 adnuntiare,
755 3538 829 3623 qua
873 3538 929 3596 me
968 3512 1164 3598 Domirutr
1192 3510 1319 3620 jubet,
1355 3524 1399 3600 ui
1426 3523 1577 3609 interitu

195 3626 406 3739 elidentur
437 3625 576 3741 offerri.
658 3627 808 3711 Annon
837 3629 955 3738 igitur
990 3627 1186 3724 videatur,
1225 3628 1290 3739 Cy
1319 3633 1465 3716 rianurn
1491 3639 1579 3747 Spi-

194 3770 249 3833 nm
273 3746 458 3829 Sanctum
485 3745 525 3825 in
555 3746 714 3851 pedore
740 3736 808 3832 liro
836 3731 946 3850 quast
973 3740 1014 3822 in
1050 3765 1135 3823 arca
1172 3737 1274 3825 inclu
1291 3770 1357 3829 um
1393 3744 1580 3849 habuisse,

194 3862 213 3945 i
237 3864 278 3945 ir
324 3849 543 3967 Disciplina
586 3857 701 3937 etiam
750 3846 1014 3938 Ecclesiasticae
1073 3856 1257 3937 exercitio
1298 3854 1461 3943 vibones
1509 3888 1578 3947 ex,

194 3973 338 4076 uabat,
365 3974 408 4056 dv
436 3961 534 4054 nibil
559 3964 931 4062 saevaesaeuae,
961 3963 1029 4051 nii
1056 3964 1275 4055 Dominum
1302 3990 1415 4054 antea
1441 3971 1579 4166 corpe·-

864 4082 989 4186 Hh3
1443 4085 1494 4168 lui
1525 4110 1577 4190 ct,
