3796 4994
433 259 439 267 '
599 249 904 350 Revelationes
940 255 984 348 S.
1031 250 1269 357 Gerrnnds.
1557 290 1653 395 t'19

213 455 407 541 methodo
437 445 592 565 fingulis
632 453 772 539 diebus
789 457 851 537 ,ιιι
887 475 971 539 tota
1007 448 1173 540 Ecclesta
1207 451 1359 567 possent
1380 453 1537 544 liberari
1567 457 1657 572 plus

212 569 333 682 quim
355 562 460 659 mille
482 559 674 680 milliones
695 573 917 650 animatum.
1000 564 1240 678 Responderi
1266 569 1368 654 sorte
1391 570 1538 682 pollet,
1567 599 1654 660 eam

214 681 499 765 concessionem
523 701 672 762 tantum
692 676 845 762 valuisse
868 707 940 789 pro
959 685 1070 762 unica
1092 685 1198 776 vice,
1222 687 1262 763 dt
1286 680 1355 765 sub
1379 688 1492 767 tacita
1515 688 1655 771 condi·

212 798 333 887 tione,
356 794 381 876 fi
401 816 463 875 tot
484 795 524 873 in
546 798 772 904 purgatorio
800 797 934 874 animat
953 789 1095 877 suerint
1120 794 1172 875 ad
1192 790 1459 879 liberationem
1481 797 1653 890 idoneaet

213 911 251 989 dt
283 908 411 1017 potest
434 905 532 1002 dici,
562 910 604 988 in
632 931 678 987 ea
706 902 937 988 liberatione
971 901 1136 1016 potuisse
1162 910 1276 990 eriam
1304 911 1586 1018 comprehendi
1614 939 1658 995 a·

213 1024 336 1103 nimus
368 1013 567 1130 gentilium
598 1023 639 1099 dt
674 1019 939 1100 haereticorum
977 1045 1066 1101 tum
1107 1024 1322 1132 ignorantia
1358 1023 1570 1105 invincibili
1599 1024 1654 1108 ad

212 1158 264 1242 pu
311 1135 475 1214 atorium
498 1126 824 1229 descendentium,
845 1157 931 1239 quae
960 1128 1114 1242 possunt
1141 1137 1260 1232 iuuari
1288 1131 1466 1243 precibus
1497 1138 1656 1247 privatis

212 1245 293 1329 lide
312 1251 402 1340 um,
424 1270 511 1327 cum
530 1239 783 1326 excludantur
798 1270 820 1326 a
837 1239 924 1326 solis
944 1239 1108 1355 publicis
1124 1239 1312 1330 Ecclefiae.
1663 1366 1681 1409 P

329 1453 484 1535 XXVII.
541 1452 585 1533 Ι..
619 1476 653 1548 5.
684 1451 734 1535 C.
764 1450 815 1531 C.
843 1475 906 1548 3¹·
931 1528 938 1539 ,
961 1448 1003 1534 8.
1027 1447 1240 1535 Gerttudes
1264 1454 1402 1563 accipit
1420 1451 1655 1562 promissum,

195 1562 330 1673 ·quod
353 1569 394 1645 in
417 1566 514 1647 hora
540 1559 592 1646 sui
619 1563 748 1646 obitds
779 1560 951 1672 ipoenis
979 1557 1175 1646 solventur
1205 1560 1360 1649 infinita
1390 1559 1655 1653 multitudines

213 1679 434 1759 animarum.
490 1677 545 1758 At
564 1678 658 1759 verb
678 1672 832 1758 infinitae
852 1700 933 1757 non
951 1674 1115 1775 dantur,
1140 1679 1307 1759 maxime
1327 1679 1415 1786 post
1433 1685 1653 1764 evacuatio-

213 1814 304 1870 nem
330 1784 493 1871 Psaltetii
519 1815 611 1897 ope.
665 1789 746 1872 Sed
770 1785 993 1899 responderi
1020 1787 1169 1899 potest,
1184 1787 1352 1893 infinitus
1371 1785 1467 1874 sumi
1493 1818 1567 1903 pro
1582 1776 1652 1882 xitt·

213 1925 389 1986 numeras
404 1896 529 2011 quoad
543 1926 624 1986 nus.

175 2065 205 2188 s
357 2093 415 2214 L
487 2105 646 2213 Dona
695 2106 742 2212 S.
779 2105 1013 2213 Gerttudi
1049 2105 1275 2214 concessa
1308 2107 1542 2214 videntur
1577 2145 1657 2216 ex·
1743 2234 1747 2239 ¹

216 2245 389 2352 cedere
424 2253 713 2352 mensutam
751 2248 781 2352 a
816 2249 984 2354 divina
1019 2247 1274 2386 Sapientia
1310 2252 1656 2360 constitutam.

217 2387 345 2494 Quod
375 2393 481 2470 Deus
507 2385 680 2471 conserat
707 2383 860 2498 stngulis
887 2389 1108 2473 hominibus
1134 2390 1195 2472 sua
1225 2389 1331 2470 dona
1357 2393 1395 2471 in
1425 2390 1657 2474 determina·
1733 2380 1736 2387 ¹

217 2524 257 2584 ta
282 2497 464 2600 mensura,
490 2526 594 2610 patet
618 2529 665 2585 ex
684 2496 876 2610 Apostolo
897 2502 946 2583 ad
965 2505 1075 2586 Rom.
1106 2531 1170 2584 ta.
1196 2507 1232 2582 δι
1267 2531 1281 2582 ι
1309 2505 1403 2585 Cot.
1428 2532 1489 2586 ιι.
1517 2503 1572 2587 ibi
1595 2505 1657 2587 di-

217 2617 292 2696 cite
344 2612 450 2698 Dico
478 2611 667 2713 omnibus,
694 2640 773 2699 *nun
796 2611 883 2722 plus
898 2612 1058 2726 sapere,
1088 2640 1198 2722 quam
1225 2624 1372 2724 oportet
1388 2613 1557 2726 supere,
1585 2611 1661 2730 fed

198 2722 342 2841 strpere
371 2724 424 2812 ud
438 2724 705 2840 fitbrietattm,
736 2721 793 2818 ds
820 2729 1018 2835 unicuique
1038 2725 1136 2833 ficut
1164 2724 1313 2814 DElIS
1348 2722 1477 2837 dinifii
1514 2729 1657 2843 menfic-

217 2865 299 2925 rum
320 2835 421 2945 fidei.
452 2846 525 2922 διο.
609 2835 745 2948 Qualis
782 2843 879 2921 verb
921 2837 965 2920 fit
1001 2832 1066 2921 illu
1104 2837 1301 2938 mensura,
1330 2836 1438 2923 aliter
1464 2837 1543 2926 sciti
1572 2868 1656 2927 non

218 2956 356 3063 potest,
388 2951 506 3064 quim
532 2951 580 3034 ab
611 2946 793 3061 exemplo
816 2947 978 3035 aliorum
1008 2954 1235 3036 Sanctorum
1260 2957 1373 3035 etiam
1402 2958 1514 3063 ptirni
1540 2954 1659 3037 Ordi·
1735 3040 1739 3047 ,

219 3070 292 3159 nis,
322 3070 360 3148 dc
385 3092 433 3148 ex
461 3061 640 3149 consensu
665 3093 751 3147 cum
770 3058 922 3176 legibus
947 3090 991 3146 ac
1018 3070 1125 3174 praxi
1149 3067 1286 3149 divinae
1312 3061 1527 3175 sapientie,
1561 3091 1659 3178 quas

221 3174 466 3261 observamus
489 3178 535 3261 in
569 3180 641 3261 hac
671 3174 886 3260 salvationis
928 3177 1123 3289 moderna
1148 3180 1353 3261 methodo.
1435 3182 1522 3281 Jam
1559 3180 1657 3269 verb
1760 3212 1764 3223 ·

220 3291 326 3373 dona
343 3293 381 3374 S.
400 3290 585 3375 Gerttudi
608 3287 748 3374 collata
768 3290 957 3373 excedere
982 3290 1162 3374 videntur
1193 3294 1277 3374 eant
1296 3287 1537 3387 mensutam,
1565 3294 1660 3402 quia

221 3429 294 3486 nec
317 3399 535 3514 exemplum
557 3404 700 3487 babent
717 3430 861 3487 cerrum
888 3408 926 3486 in
947 3398 1025 3485 alto
1045 3407 1218 3503 Sancto,
1235 3429 1308 3486 nec
1334 3411 1572 3487 condiantur
1597 3408 1658 3485 in-

218 3539 277 3599 tra
290 3518 468 3598 ordinem
488 3521 526 3598 &
548 3511 700 3615 limites,
716 3536 818 3628 quos
838 3517 967 3597 divina
989 3518 1181 3629 Sapientia
1203 3513 1381 3602 observat
1401 3522 1442 3603 in
1460 3512 1661 3630 progressu

219 3633 459 3725 meritorum,
486 3632 696 3732 donorum,
720 3634 760 3711 dc
777 3637 1044 3741 proetniorum.
1155 3690 1158 3696 ,
1312 3623 1319 3632 ’
1422 3672 1426 3679 ·

268 3849 271 3857 ·
306 3833 365 3914 l.
422 3833 470 3915 1:
499 3857 533 3914 t.
561 3832 613 3917 C.
643 3862 683 3935 4.
737 3832 911 3916 Christus
936 3836 1011 3915 titt
1053 3832 1180 3915 Tanta
1207 3831 1410 3917 Gettntdis
1432 3825 1662 3916 deletiatio·¹

219 3971 275 4030 ne
295 3937 451 4045 afficior,
477 3967 520 4030 ut
536 3940 811 4058 sepenumero,
833 3946 928 4032 dum
943 3938 1001 4031 ‘ab
1021 3938 1101 4030 aliis
1124 3944 1349 4031 bominibus
1367 3938 1562 4038 offendor,
1580 3968 1664 4025 me·
1790 3986 1796 3997 ·
1857 3920 1862 3937 ⁸

1539 4050 1661 4166 ipsum
