3796 4994
104 232 107 239 Ι
211 314 238 441 3²
248 341 349 451 52,
521 226 769 409 'neverat
793 305 845 407 de
865 298 1056 445 Agraria,
1087 311 1200 404 Pars
1221 306 1316 460 11...
1378 378 1382 389 .

329 534 426 621 ρος.
454 512 500 598 Β.
516 514 568 602 V·
585 511 638 601 ad
655 542 720 600 me
741 514 857 600 dixit:
895 515 1000 603 Com
1021 512 1196 600 Christus
1217 516 1299 597 &e
1329 538 1356 594 o
1382 536 1473 596 non
1502 510 1674 627 potneri-

212 656 299 721 mur
327 629 478 743 semper
502 618 664 715 manere
685 636 725 715 in
748 628 922 728 mundo,
949 629 1044 716 ideo
1070 629 1244 718 Christus
1267 536 1425 742 reliquit
1448 628 1676 740 Evangelia,
1705 710 1710 720 ,

216 770 407 860 tanquam
430 745 626 857 exemplar
650 741 723 831 suae
742 751 780 829 δι
811 774 909 831 meae
938 749 1025 830 vitae
1049 791 1067 808 ·
1104 747 1145 827 in
1178 766 1329 829 tantum
1366 770 1516 857 nempe
1552 737 1681 830 valent

138 956 142 963 ,
214 853 438 974 Evangelia,
456 862 495 942 dr
514 862 554 943 in
574 883 723 945 tantum
744 859 867 945 debes
897 887 943 944 ea
963 860 1145 944 aestimare
1177 861 1216 960 δι
1241 863 1425 943 venerari.

99 1044 112 1056 ..
337 994 433 1071 808.
465 995 562 1077 809.
616 977 661 1058 In
686 969 816 1088 aliqua
839 972 984 1060 visione
1014 976 1094 1057 Dei
1119 973 1343 1057 immediata
1371 978 1542 1086 agnovit
1565 970 1610 1062 ll.
1634 978 1683 1063 V.

184 1164 190 1171 .
222 1090 339 1177 eriam
364 1112 504 1175 omnes
526 1085 708 1177 arliculos
727 1088 835 1188 fidei,
854 1085 1070 1205 aliquando
1087 1087 1336 1175 deliniendos
1354 1088 1405 1172 ab
1417 1083 1609 1193 Ecclefia,
1618 1092 1686 1205 qui

108 1212 113 1217 ’
146 1288 152 1295 .
221 1206 265 1291 in
287 1206 485 1316 Scriptura
512 1210 763 1325 ¹continentur
787 1229 973 1319 tanquam
996 1207 1036 1287 in
1056 1203 1198 1288 radice.

343 1332 438 1421 8¹4·
464 1322 557 1406 Hoc
576 1342 692 1431 caput
711 1323 824 1404 nimis
848 1312 1095 1415 excresceret,
1116 1316 1144 1402 fi
1161 1311 1304 1404 vellem
1322 1317 1458 1404 omnia
1475 1317 1688 1431 explicare,

174 1486 177 1490 -
227 1457 316 1546 quae
332 1435 427 1517 mihi
443 1432 496 1518 de
514 1432 595 1521 fide
610 1439 651 1517 ll.
669 1438 721 1521 V.
739 1426 1105 1537 circumstantialiter
1129 1428 1298 1517 revelata
1317 1428 1415 1517 sunt.
1442 1484 1459 1501 ·
1521 1434 1689 1521 Insinua-

227 1569 313 1635 tum
338 1548 434 1632 mihi
459 1549 527 1649 est,
549 1576 632 1635 non
651 1546 806 1648 decere,
831 1549 901 1633 ista
928 1544 1157 1633 manifestari
1178 1551 1218 1632 in
1241 1549 1314 1632 hac
1334 1552 1424 1633 vira.

347 1681 446 1761 821.
502 1669 596 1751 Haec
626 1663 748 1755 verba
778 1662 949 1748 divinam
983 1687 1145 1748 matrem
1189 1663 1409 1748 reddebant
1441 1663 1559 1779 quasi
1597 1666 1694 1752 divi·

229 1800 334 1865 nam.
358 1826 377 1845 -
431 1783 621 1884 Opamvis
648 1773 776 1864 nullus
811 1777 1016 1865 bominum
1049 1779 1217 1889 primum
1244 1803 1483 1891 preceptum
1519 1780 1694 1893 perfecie

224 1887 463 2005 impleverit,
488 1895 532 1980 li.
553 1901 678 2008 Vngo
707 1916 866 1981 eatenus
887 1886 975 2005 plus
992 1893 1181 2006 praestitit,
1205 1891 1325 2007 quim
1342 1886 1483 1979 summi
1512 1899 1694 2014 Seraphi-

233 2011 276 2095 ni
295 2012 335 2091 dt
359 2004 464 2093 beati
486 2014 527 2093 in
545 2002 665 2093 coelo.

353 2137 449 2224 823.
477 2121 626 2207 Habuit
644 2123 823 2208 notitiam
846 2126 1022 2207 omnium
1045 2120 1230 2208 festorum
1252 2114 1471 2237 aliqnando
1492 2122 1694 2215 celebran-

235 2231 380 2321 dorum
398 2239 440 2322 in
459 2233 638 2322 Ecclefia.
697 2240 746 2321 Et
770 2237 947 2350 quamvis
966 2264 1011 2321 ea
1029 2235 1123 2322 festa
1148 2243 1224 2346 jam
1244 2241 1409 2350 coeperit
1424 2236 1696 2331 observarem

113 2400 117 2405 -
235 2350 442 2462 AEgypto,
471 2378 559 2467 quat
578 2352 825 2465 pertinebant
846 2349 899 2436 ad
921 2353 1098 2465 mysteria
1129 2350 1410 2465 praecedentia,
1440 2354 1697 2461 nihilominus

236 2468 446 2578 posthanc
468 2470 736 2580 cognitionem
753 2461 970 2551 observavit
998 2471 1113 2554 etiam
1133 2463 1206 2553 alia
1225 2463 1333 2570 festa,
1354 2474 1506 2586 nempe
1527 2474 1599 2563 SS.
1622 2477 1697 2562 Tri·

237 2583 391 2686 nitaris,
417 2579 511 2668 festa
534 2578 617 2681 filii,
640 2587 679 2666 δι
705 2581 962 2697 Angelorum.

194 2726 197 2731 ·
357 2719 454 2800 8²5³
494 2703 536 2783 B.
560 2701 610 2783 V.
642 2700 753 2810 periit
782 2696 919 2784 iDeo
943 2692 1146 2810 specialem
1175 2695 1501 2787 benedidionem
1526 2731 1609 2818 pro
1636 2732 1698 2792 vo·

239 2808 421 2896 ventibus
445 2813 664 2919 castitatem.
716 2812 829 2896 Tunc
847 2811 897 2896 ad
921 2839 1056 2926 preces
1075 2807 1175 2897 illius
1194 2812 1470 2901 determinavit
1489 2821 1609 2907 Deus
1627 2820 1698 2934 spe·

242 2920 380 3126 galeni
406 2920 620 3127 lepreolam
643 2928 863 3041 virginitati,
889 2932 984 3044 quia
1007 2924 1179 3042 sequitur
1196 2922 1326 3027 illam,
1356 2956 1447 3046 quae
1475 2960 1567 3023 erat
1588 2963 1700 3024 mater

303 3069 359 3127 vrr
387 3068 414 3123 o
505 3068 557 3126 m.
1025 3123 1028 3127 ,
1515 3062 1523 3081 “

304 3198 308 3206 ·
359 3066 555 3255 giramgll.
589 3158 714 3270 Virgo
745 3154 799 3244 ad
831 3183 896 3244 me
928 3155 1060 3242 dixit:
1113 3150 1355 3245 obliviscere
1390 3166 1585 3252 omniurn
1615 3192 1702 3255 tem·

244 3266 463 3469 puralium,
488 3269 540 3358 fic
565 3296 608 3356 ut
626 3277 812 3383 potentia
831 3298 905 3359 tuae
928 3296 1111 3359 maneant
1130 3268 1260 3359 libera
1280 3271 1331 3358 ab
1348 3278 1546 3366 omnibus
1571 3282 1702 3399 specie·

246 3413 336 3584 lur,
359 3386 427 3472 nifi
448 3388 498 3472 ab
522 3391 568 3474 iis
590 3382 694 3487 solis,
727 3412 825 3504 quas
855 3391 966 3477 Deus
997 3391 1194 3515 imprimet
1214 3386 1350 3478 desua
1371 3391 1702 3486 dodirina&vo

264 3523 409 3589 untare.
1657 3511 1662 3527 '

143 3726 151 3735 η
316 3682 320 3691 .
365 3636 462 3717 εμ.
504 3616 590 3721 Jam
630 3637 724 3702 tunc
755 3619 949 3732 agnovit,
995 3620 1194 3705 materiam
1238 3614 1417 3734 baptismi
1454 3622 1539 3715 effe
1576 3655 1703 3747 aquam

249 3723 526 3932 1elppsrerrtarem
538 3785 553 3830 ,
596 3736 636 3816 dc
678 3728 843 3821 formam
882 3726 985 3818 illius
1013 3731 1217 3821 confistere
1250 3739 1291 3821 in
1322 3740 1581 3855 expressione
1608 3751 1704 3834 trium

339 3868 516 3933 onamm.
1620 3890 1625 3903 „

370 3970 468 4066 832.
503 3965 681 4076 Agnovit
711 3965 826 4048 etiam
853 3964 1082 4062 materiam,
1112 3958 1301 4063 sormam,
1321 3967 1576 4081 ministrum3
1604 3972 1701 4065 00112.

253 4078 404 4165 tionem
425 4080 567 4192 gratia,
593 4082 631 4164 ἃ
652 4080 928 4168 Charaderem
948 4083 992 4165 in
1010 4080 1260 4165 Sacramento
1288 4080 1649 4197 confirmationis,
1670 4096 1699 4175 dr

1606 4203 1696 4326 quod
