3772 4988
118 386 120 390 ,
240 308 345 410 410
621 248 1295 403 Revedr.deAgredaPars11.

241 506 383 570 amore
408 481 449 560 δι
474 473 654 588 precibus
685 501 760 589 pro
794 467 867 558 illis
888 469 1088 575 satisfecit,
1116 467 1260 556 &illis
1285 472 1425 557 merita
1447 461 1504 555 sui
1526 461 1596 556 fils
1618 497 1686 586 pto

244 622 374 684 earum
390 588 646 681 satisfactione
662 584 883 723 applicavit.
942 587 1009 672 ob
1028 591 1109 675 hoc
1131 585 1225 673 fecit
1242 610 1349 671 nova
1366 587 1550 673 Cantica

362 763 486 840 ¹499·
527 737 666 819 Oravit
697 731 833 830 etiam,
868 754 911 815 ut
936 727 1246 846 promulgaretur
1272 731 1354 814 Lex
1376 757 1483 815 nova
1504 732 1634 843 gratiae
1656 731 1694 814 in

174 956 177 960 .
243 872 333 937 toto
354 848 519 945 mund0,
543 852 582 932 δι
607 874 650 932 ut
668 846 847 961 passionis
871 843 1016 930 studiis
1039 846 1221 930 omnibus
1243 839 1515 956 applicaretur.

370 1012 489 1085 1500.
518 986 652 1066 Paucis
673 981 812 1066 diebus
835 1006 926 1066 ante
957 978 1227 1064 Ascensionem
1256 981 1421 1063 Domini
1441 981 1621 1093 apparuit
1642 973 1691 1065 illi

245 1107 372 1198 Pater,
391 1105 431 1182 δι
458 1100 617 1208 Spiritus
640 1099 799 1182 Sandos
817 1099 855 1179 in
875 1092 1012 1210 aliquo
1031 1090 1204 1212 glorioso
1219 1093 1388 1183 thronos
1428 1095 1608 1179 Christus
1628 1094 1689 1178 sta·

245 1221 314 1302 tim
340 1212 436 1297 sedit
465 1217 504 1294 in
531 1212 674 1296 eodem
706 1213 884 1294 Throno.
969 1211 1074 1293 Dein
1099 1233 1175 1292 tres
1212 1204 1387 1293 Persona
1420 1204 1633 1316 jusserunt,
1653 1229 1690 1292 ut

207 1326 228 1368 ‘⁶
248 1334 362 1415 etiarn
382 1336 422 1411 B.
443 1330 566 1438 Virgo
587 1329 625 1408 in
651 1353 703 1409 eo
725 1318 793 1409 suo
816 1326 963 1409 throno
986 1318 1255 1408 collocaretur.
1312 1326 1378 1409 Sic
1399 1349 1501 1438 ergo
1525 1350 1615 1407 curn
1633 1325 1689 1407 tri·

245 1443 318 1530 biis
344 1438 516 1530 Personis
532 1445 571 1524 in
595 1440 737 1524 eodem
759 1440 905 1522 throno
927 1432 1118 1522 collocata
1141 1440 1208 1522 est.

366 1622 490 1702 ¹501·
521 1593 580 1678 lbi
602 1597 715 1677 Pater
734 1591 787 1676 ad
807 1618 890 1676 eam
909 1592 1023 1676 dixit:
1063 1590 1155 1677 Tibi
1173 1590 1349 1692 conlido,
1366 1593 1500 1689 trado,
1517 1619 1567 1677 ac
1589 1620 1686 1678 coni·

247 1714 396 1802 mendo
417 1705 634 1805 Ecclesiam,
652 1732 769 1820 quam
791 1702 889 1791 filius
907 1731 1017 1790 meus
1038 1703 1240 1804 fundavit,
1266 1733 1411 1792 novam
1437 1710 1590 1821 Legem
1611 1734 1686 1821 gri·

243 1836 322 1926 -tiae,
337 1853 465 1940 quam
491 1824 650 1933 docuit,
675 1828 714 1903 &
737 1816 957 1931 populum³,
988 1848 1108 1935 quem
1132 1823 1308 1906 redemit.
1394 1825 1500 1904 Dein
1534 1825 1686 1932 Spiritus

245 1949 406 2030 Sanetus
430 1938 480 2020 ad
504 1962 588 2018 earn
610 1935 723 2017 dixit:
755 1937 1020 2018 Communico
1043 1933 1113 2018 tibi
1134 1963 1260 2020 nicam
1281 1938 1521 2049 Sapientiam
1547 1943 1587 2018 dr
1613 1961 1687 2047 gra·

246 2061 352 2151 tiam,
375 2076 584 2164 perquam
608 2052 648 2129 in
666 2048 790 2130 corde
816 2072 887 2132 tuo
909 2048 1073 2160 reposita
1092 2049 1306 2133 manebunt
1323 2051 1528 2162 mysteria,
1552 2050 1686 2134 dodd-

245 2196 310 2265 na,
328 2191 464 2278 opera,
488 2169 527 2246 dr
544 2169 681 2247 olnnes
705 2165 952 2274 operationes
974 2161 1082 2249 fasiae
1110 2163 1134 2249 i
1159 2163 1306 2247 Verbo.
1373 2160 1490 2248 Pilius
1520 2163 1685 2275 denique

246 2283 363 2368 dixin
408 2278 526 2365 Vado
552 2276 602 2360 ad
627 2280 803 2364 Patrems
842 2270 937 2359 loco
958 2283 1092 2362 meite
1113 2273 1327 2390 relinquor
1360 2281 1399 2359 de
1428 2280 1600 2389 impono
1621 2278 1683 2359 tibi

242 2421 376 2497 curam
400 2418 496 2478 meae
515 2383 700 2486 Ecclesia,
723 2395 830 2492 cujus
848 2384 951 2474 filios
973 2415 1160 2504 tanquam
1189 2418 1299 2475 meos
1322 2388 1459 2476 fratres
1483 2392 1559 2476 tibi
1587 2417 1686 2476 coni·

246 2510 395 2598 mendo
418 2508 562 2591 eodem
582 2505 723 2607 modo,
745 2503 837 2589 sicut
860 2531 931 2589 eos
956 2507 1050 2589 mibi
1071 2505 1261 2592 commifit
1283 2510 1408 2600 Pater.
1469 2508 1578 2591 Dein
1600 2512 1686 2591 Tres

245 2627 419 2711 Persona
430 2623 619 2704 dixerunt
639 2619 689 2702 ad
708 2613 887 2731 angelos:
930 2625 1021 2703 Haec
1044 2623 1097 2704 est
1114 2623 1234 2705 vestra
1257 2623 1390 2734 regina
1417 2667 1434 2684 ·
1463 2626 1685 2734 quicunque

244 2734 349 2824 illam
369 2763 418 2819 ex
436 2734 558 2818 corde
581 2738 834 2829 invocaverit,
848 2760 930 2816 non
951 2734 1111 2844 peribitr
1159 2741 1197 2818 dc
1220 2739 1450 2847 quicunque
1469 2747 1554 2844 ejus
1577 2739 1684 2819 inter·

245 2847 452 2936 cessionem
470 2843 696 2942 consecutus
717 2845 858 2944 suerit,
874 2845 1071 2946 obtinebit
1099 2852 1215 2932 vitam
1254 2873 1446 2936 aternam.
1534 2849 1683 2946 Omnia,

183 3038 186 3043 Α
275 2962 376 3051 uaed
400 2962 517 3049 nobis
547 2963 725 3074 petierit,
764 2961 1052 3051 concedenturs
1094 2967 1134 3044 dr
1169 2961 1419 3047 exaudiendo
1442 2969 1527 3071 ejus
1559 2989 1683 3075 preces

242 2992 391 3192 semper
407 3102 646 3190 exequemur
666 3082 747 3184 ejus
768 3070 1023 3162 voluntatem.
1053 3126 1071 3143 -
1128 3079 1185 3160 Ex
1213 3103 1259 3160 ea
1273 3077 1372 3161 hora
1388 3081 1429 3159 Β.
1450 3084 1580 3191 Virgo
1597 3072 1683 3162 inlr

221 3191 402 3304 suscepit
419 3216 546 3276 curam
565 3184 749 3275 Ecclese.
778 3234 796 3252 ·
851 3194 925 3274 Per
946 3192 1046 3273 hanc
1067 3195 1107 3275 dr
1130 3186 1221 3276 alias
1242 3197 1379 3304 gratias
1408 3189 1587 3278 obtinuit
1608 3216 1681 3277 tan·

245 3333 325 3394 tam
354 3307 684 3417 participationem
709 3305 762 3389 de
781 3300 938 3387 essentia
955 3299 1010 3387 sui
1034 3303 1115 3407 filii,
1140 3306 1239 3388 utid
1261 3300 1492 3389 sufficienter
1524 3303 1680 3420 explici·

208 3503 209 3507 s
245 3448 289 3507 re
316 3445 397 3502 non
428 3415 577 3529 possim.
647 3420 751 3503 Data
778 3423 879 3501 enim
904 3413 958 3501 illi
989 3421 1043 3503 est
1072 3423 1313 3532 participatio
1338 3424 1680 3531 proprietatum&

243 3530 526 3648 perfeoionuni
557 3525 627 3617 filii
661 3536 897 3615 conveniens
920 3528 1051 3616 officio
1074 3541 1201 3617 matris
1226 3539 1266 3616 dc
1297 3536 1482 3644 magistrae
1506 3533 1679 3620 Ecclefiae.

246 3649 403 3737 Elevata
430 3649 483 3731 est
507 3647 558 3730 ad
578 3672 724 3730 novum
745 3643 821 3730 esse
845 3650 1041 3758 potestatis
1071 3651 1108 3758 dt
1131 3644 1292 3730 scientia
1303 3703 1317 3745 ,
1336 3655 1374 3730 vi
1393 3655 1503 3755 cujus
1522 3645 1580 3734 illi
1599 3642 1680 3735 nihil

244 3759 422 3851 remansit
452 3754 647 3846 occultum
674 3786 747 3842 nec
772 3761 824 3844 de
848 3763 1032 3872 mysteriis
1052 3761 1203 3857 divinis,
1219 3787 1293 3843 nec
1311 3760 1362 3843 dc
1386 3765 1681 3874 cogitationibus

243 3877 462 3979 hominum.
519 3878 639 3961 Scivit
670 3878 710 3956 dc
735 3879 919 3988 agnovit,
943 3875 1106 3989 quando
1138 3879 1175 3957 dc
1211 3876 1423 3984 quomodo
1457 3882 1515 3961 uti
1551 3878 1679 3965 debeat

241 3991 374 4079 divina
392 3991 694 4107 omnipotentia,
721 4001 827 4097 cuius
847 4012 929 4074 erat
944 3993 1158 4103 particeps,
1180 4013 1272 4102 erga
1295 3989 1501 4092 homines,
1532 3995 1677 4084 diano

1581 4129 1674 4201 ,nesi

1669 4254 1688 4297 Ι
