3796 4994
597 227 904 329 ueneratione
936 230 985 326 S.
1008 224 1261 328 ,centurn
1307 164 1315 177 ·
1500 164 1503 171 Ι
1560 247 1670 358 153'

331 463 370 521 r.
424 435 469 523 1.
502 460 539 519 r.
568 440 616 520 c.
650 434 904 532 17.dicitur,
938 434 1066 548 quod·
1087 434 1127 519 S.
1162 429 1382 518 Getutrrles
1411 426 1506 519 nihil
1543 431 1660 542 poliie

212 544 329 664 loqui
352 573 417 634 aut
438 544 553 650 velle,
577 549 642 633 nist
660 550 775 663 quod
793 543 875 634 vult
893 550 1016 649 Deus,
1032 553 1072 631 δι
1092 571 1221 632 tamen
1242 543 1334 632 alibi
1352 543 1482 659 sapius
1506 546 1661 647 dicitur,

212 663 329 778 quod
347 666 476 749 adhuc
503 668 733 774 peccaverit,
753 667 868 747 etiam
893 661 1032 747 verbis.
1077 722 1080 727 -
1115 663 1180 745 Sic
1208 663 1371 792 digitur:
1416 660 1480 756 hd
1511 687 1660 766 tantane

213 807 304 862 cum
335 781 427 862 Deo
462 782 649 865 unionem
683 781 903 888 perveniet,
936 800 979 861 ut
1008 772 1112 860 oculi
1143 783 1223 884 ejus
1256 803 1339 859 non
1367 775 1555 873 videant,
1589 774 1657 860 nili

214 891 330 1005 quod
357 919 427 1004 per
445 920 514 977 eos
539 895 650 977 Deus
670 887 763 976 vult·
781 892 928 986 videte,
951 918 1025 975 nec
1048 919 1095 974 os
1112 898 1193 990 eius
1222 886 1434 1004 loquetur,
1457 889 1523 972 nist
1541 887 1658 1003 quod

214 1033 288 1118 per
305 1003 402 1092 illud
419 1009 613 1091 Dominus
629 1001 796 1091 voluerit
816 999 944 1117 loqui.
1022 1008 1071 1089 Et
1091 1005 1265 1088 Christus
1282 1008 1360 1088 ait:
1394 997 1561 1117 Singulis
1581 1005 1659 1087 ho-

216 1122 268 1204 ris
287 1118 402 1231 quod
422 1147 499 1233 ego
520 1119 684 1205 intendo
700 1114 766 1205 illa
786 1117 955 1231 perficies
983 1120 1037 1203 est
1061 1118 1169 1234 quali
1189 1119 1348 1203 dextera
1370 1144 1486 1214 mea,
1512 1143 1592 1229 que
1611 1143 1659 1202 o·

217 1258 355 1346 perot,
378 1260 618 1347 quacunque
647 1228 757 1317 volo.
838 1235 886 1317 Et
914 1231 1060 1343 spiritus
1091 1238 1259 1344 impetus
1290 1238 1369 1340 eius
1396 1232 1451 1316 est
1477 1235 1571 1315 mihi
1590 1257 1660 1344 per

218 1346 385 1430 modum
407 1342 557 1459 lingua,
579 1374 668 1429 nam
692 1342 888 1458 loquitur,
922 1373 1008 1458 quae
1034 1372 1111 1459 ego
1142 1341 1252 1430 volo.
1310 1349 1358 1430 fir
1385 1347 1429 1430 L.
1462 1373 1497 1429 r.
1521 1352 1568 1430 C.
1600 1375 1661 1448 r4.

219 1461 415 1544 Christus:
468 1456 657 1545 Voluntas
673 1485 737 1544 tur
759 1487 854 1542 mere
874 1461 977 1542 adeo
1005 1467 1109 1544 unita
1135 1463 1217 1560 est,
1245 1485 1288 1543 ut
1312 1455 1417 1543 aliud
1440 1485 1560 1572 atque
1581 1485 1659 1574 ego

218 1599 394 1688 nequeas
420 1570 531 1658 velle.
594 1571 692 1657 Aliis
713 1578 809 1657 vero
830 1569 927 1658 locis
949 1570 1044 1688 sape
1064 1573 1108 1656 fit
1129 1579 1297 1670 mentio,¹
1317 1574 1429 1686 quod
1450 1581 1564 1658 etiam
1592 1575 1661 1659 ha·

218 1686 347 1772 buerit
366 1684 454 1770 suos
475 1684 662 1772 defertur.
720 1689 766 1772 L.
787 1717 824 1770 a.
847 1689 898 1774 C.
925 1717 985 1770 ra.
1009 1690 1049 1771 S.
1070 1688 1284 1771 Gertmdes
1307 1690 1384 1769 ait:
1424 1686 1533 1770 Cum
1557 1713 1662 1799 quo·
1830 1739 1833 1744 -

219 1799 312 1887 dam
336 1795 492 1912 vespere
510 1806 548 1884 in
577 1805 671 1884 iram
697 1823 896 1884 commota
919 1795 1081 1898 fuiilem,
1104 1796 1340 1912 &sequenti
1367 1800 1432 1884 die
1452 1822 1543 1883 ante
1565 1795 1663 1885 dilu-

220 1910 351 2002 culum
372 1915 508 1998 orandi
528 1919 797 2026 opportunitas
815 1916 994 2010 instaret,
1022 1913 1225 1999 exhibuisti
1252 1938 1292 1996 te
1315 1914 1408 1997 mihi
1430 1917 1470 1997 in
1497 1938 1575 1997 tarn
1593 1940 1662 2026 pe·

219 2033 370 2141 regrina
399 2023 522 2139 specie
536 2084 551 2124 ,
585 2052 627 2111 ut
663 2023 873 2112 secundum
909 2024 1075 2112 formam
1105 2028 1314 2134 judicarem
1343 2053 1383 2112 te
1411 2055 1489 2110 tam
1519 2055 1660 2127 rerum,

177 2150 195 2180 '
222 2144 343 2256 quim
366 2147 502 2224 virium
539 2137 673 2226 solatio
701 2145 852 2254 penims
887 2142 1119 2226 destitutum.
1203 2145 1316 2224 Tunc
1349 2138 1580 2226 conscientia
1615 2164 1665 2227 ex
1787 2160 1829 2185 ³

222 2257 456 2370 praecedenti
478 2251 585 2367 lapsu
607 2256 838 2340 emordentc
867 2248 1073 2371 querulans
1100 2259 1205 2366 coepi
1235 2249 1435 2341 revolvere
1470 2260 1544 2341 &n
1573 2279 1667 2341 tunc

225 2371 413 2456 Chriihas.
495 2370 580 2480 Ego
612 2393 741 2452 tecum
777 2369 954 2453 habitans
980 2374 1078 2453 inter
1106 2394 1244 2453 omnes
1270 2362 1459 2481 procellas
1486 2372 1667 2454 vitiorum

225 2485 278 2569 ad
304 2480 477 2568 lmcnum
499 2506 573 2567 tuae
598 2484 879 2566 emendationis
900 2483 1080 2567 intendo.
1136 2485 1184 2566 Et
1204 2484 1247 2565 L
1272 2512 1309 2565 a.
1336 2484 1387 2567 C.
1410 2512 1476 2569 ao.
1500 2487 1540 2570 8.
1565 2486 1667 2569 Get·

226 2598 361 2682 trudes
385 2600 455 2680 ait:
485 2600 591 2682 Cum
613 2624 690 2707 ego
713 2598 789 2680 heu
815 2622 894 2678 non
923 2595 1094 2681 dehllam
1120 2599 1159 2679 in
1189 2597 1397 2704 majoribus
1423 2591 1520 2708 srppe
1545 2586 1668 2709 culpis

228 2707 472 2824 delinquere,
490 2708 541 2794 iic
558 2710 679 2794 habes
702 2709 962 2808 occasionem,
981 2707 1110 2821 culpas
1130 2735 1236 2793 meas
1258 2704 1440 2817 remisiius¹
1458 2709 1670 2819 judicandi.

228 2829 274 2911 1.
294 2854 331 2908 a.
354 2827 405 2908 C.
432 2851 496 2925 23.
522 2828 562 2909 S.
583 2826 796 2907 Gertrudes
821 2823 1027 2907 confitetur
1049 2819 1242 2906 humiliter
1263 2817 1391 2934 culpas
1410 2819 1490 2911 suas
1506 2826 1564 2910 his
1579 2848 1673 2910 ver·-

229 2938 313 3021 bis:
342 2940 427 3050 Ego
445 2936 686 3050 ingratissima
708 2939 814 3019 dona
839 2960 905 3022 tua
937 2944 1193 3021 contemnens
1222 2962 1337 3048 cepas
1370 2940 1410 3020 &
1448 2934 1534 3047 allia
1558 2943 1672 3023 nimis

228 3055 483 3136 irreverenter
509 3076 581 3133 ruo
611 3046 757 3133 coelesti
776 3076 914 3133 manna
938 3042 1097 3161 pretuli,
1123 3052 1351 3135 exteriorem
1373 3046 1672 3137 delectationem

231 3190 417 3280 quarens
444 3212 463 3231 ·
520 3166 569 3247 Et
592 3164 668 3247 heu
688 3158 819 3274 saepius
835 3163 1011 3249 induravi
1040 3179 1260 3248 cormeum
1282 3161 1674 3254 eonttuvoluntatenr
1834 3234 1837 3239 .

230 3284 390 3363 tuamin
410 3302 573 3371 tantum,
596 3278 712 3388 quod
736 3304 824 3360 cum
842 3273 1035 3365 lachrimis
1056 3277 1266 3369 dicendum
1290 3273 1400 3367 elletr
1429 3280 1675 3394 quandoque

229 3391 455 3476 dissimulavi
472 3387 687 3505 intelligere
708 3386 948 3475 voluntatem
969 3416 1087 3493 tuam,
1103 3420 1155 3475 ne
1177 3410 1338 3513 cogerer
1354 3395 1555 3507 instigante
1576 3421 1672 3480 cotr-

229 3501 385 3591 leienth
405 3503 589 3617 perficere
610 3499 727 3589 illam
755 3547 772 3568 ·
829 3506 952 3615 Super
973 3505 1033 3588 his
1054 3488 1237 3591 omnibus
1263 3506 1432 3593 maxima
1454 3505 1565 3623 culpa
1588 3533 1677 3635 mea

234 3621 303 3716 eil,
321 3620 434 3731 qood
455 3621 540 3729 post
560 3611 676 3704 talem
694 3642 823 3702 tecum
845 3621 1033 3702 unionem
1056 3646 1138 3704 non
1157 3621 1337 3733 pertimui
1363 3626 1535 3709 animam
1551 3640 1684 3721 mean,
1861 3693 1865 3700 .

231 3731 430 3818 maculare
450 3726 665 3816 defeniibus
687 3726 782 3827 illis,
808 3758 913 3845 quos
928 3735 1023 3816 mihi
1045 3735 1228 3819 inherere
1256 3735 1306 3819 ad
1332 3737 1413 3820 hoc
1440 3734 1674 3848 permisceri,
1853 3743 1857 3752 '

233 3873 280 3932 ut
297 3844 482 3933 retundo
507 3871 577 3934 cos
603 3846 863 3930 devincerem.
887 3850 963 3931 &c
981 3850 1057 3932 &c
1111 3850 1200 3961 Huc
1219 3851 1406 3961 pertinet,
1433 3851 1549 3964 quod
1562 3852 1608 3936 1.
1625 3850 1678 3951 ξι.

234 3964 289 4049 C.
315 3986 352 4063 3.
369 3959 530 4054 dicatur,
555 3961 595 4041 S.
618 3959 853 4044 Gerttudem
877 3965 919 4045 itt
938 3953 1045 4047 coelo
1071 3962 1113 4045 in
1128 3956 1236 4047 sensu
1259 3968 1382 4048 tacitus
1402 3956 1679 4049 nori-habuilie

354 4066 907 4171 &annumerarent
924 4073 980 4160 ll.
1202 4079 1240 4160 u
1458 4095 1460 4100 ·
1598 4070 1681 4189 spe·
