3796 4994
192 274 317 417 ⁷212
528 309 635 440 Reg.
653 294 802 406 Prass.
825 330 882 402 ex
895 305 941 453 8
955 302 1099 442 joaa.
1128 299 1186 401 de
1203 309 1349 404 cruce,
1401 256 1407 273 „

212 523 255 603 dt
277 515 417 600 rationi
438 508 681 609 conformia,
707 537 749 597 ut
768 514 933 596 animam
964 510 1147 623 decipiat.
1204 514 1252 596 lit
1284 511 1462 625 quamvis
1486 510 1536 595 ex
1559 508 1667 598 didit

211 628 349 743 ¹colligi
371 625 499 741 possit,
526 629 671 724 Deum,
695 628 972 711 nonobstante
993 628 1108 738 quod
1129 626 1179 711 ad
1204 624 1370 733 curiosas
1393 628 1588 740 quasdam
1611 633 1668 712 in-

215 748 500 858 tcnogationes
527 738 590 825 vel
613 747 820 852 petitiones
852 739 1106 852 respondeat,
1138 737 1389 825 nihilominus
1407 766 1618 853 propterea
1640 750 1671 829 i·

216 858 323 958 rasti,
346 859 488 942 addam
511 881 641 940 tamen
661 858 738 968 pro
759 859 1056 940 confirmatione
1075 853 1204 970 aliqua
1225 850 1402 968 exempla
1425 885 1473 938 ex
1499 858 1671 968 Scriptu-

217 1005 272 1063 ta.
331 978 395 1056 Sic
420 968 590 1056 Israelitis
613 972 833 1083 petentibus
858 998 989 1054 carnes
1013 972 1111 1055 mifit
1136 973 1298 1084 quidem
1326 975 1568 1059 coturnicesr
1603 972 1672 1058 ad·

219 1093 326 1176 ditur
347 1115 476 1173 tamen
494 1091 660 1172 Numer.
687 1114 749 1173 tr.
779 1081 920 1172 Adhuc
941 1085 1025 1199 esce
1054 1093 1094 1172 sn
1119 1113 1185 1172 ore
1218 1083 1401 1200 ipfirrum,
1426 1080 1485 1180 ἅς
1510 1087 1569 1170 ira
1591 1086 1673 1175 Dei

216 1199 383 1320 astensis
404 1201 513 1313 [uper
536 1228 612 1286 eos.
671 1197 824 1285 Balaam
850 1203 1063 1314 propheta,
1088 1229 1175 1284 cum
1206 1204 1248 1285 id
1273 1224 1449 1313 peteret,
1473 1192 1590 1307 jussus
1621 1203 1673 1287 cll

215 1321 246 1409 ὲ
269 1324 363 1404 Deo
383 1345 544 1429 pergere
567 1311 693 1401 versus
717 1318 831 1411 castra
855 1311 963 1402 lstael
986 1319 1109 1411 Num.
1137 1349 1202 1401 tt.
1231 1323 1271 1400 dt
1294 1341 1423 1400 tamen
1452 1312 1614 1427 angelus
1635 1320 1674 1400 in

219 1440 283 1522 via
302 1441 506 1545 evaginato
529 1428 661 1543 gladio
686 1457 872 1544 apparens
898 1437 972 1515 aits
1001 1430 1193 1544 Perverse
1216 1429 1265 1540 ess
1290 1434 1361 1516 viu
1387 1441 1491 1545 suu,
1513 1426 1673 1544 mihique

222 1552 433 1638 contraria.
495 1552 565 1629 His
590 1551 701 1659 igitnt
730 1550 904 1631 &variis
932 1542 1013 1659 aliie
1047 1547 1175 1631 modis
1199 1549 1310 1631 Deus
1332 1542 1524 1629 consentit
1542 1548 1581 1633 in
1600 1575 1672 1632 no·
1706 1547 1711 1555 ’

223 1669 295 1751 stra
314 1663 518 1758 desideria,
545 1659 652 1744 simul
686 1687 816 1745 tamen
835 1656 1012 1745 irascitur.
1070 1659 1221 1746 Possem
1247 1657 1383 1746 afferre
1410 1658 1541 1772 plures
1564 1663 1673 1771 hujus

213 1784 391 1865 veritatis
416 1779 696 1890 probationem
732 1776 774 1867 id
801 1801 930 1861 tumen
956 1770 1089 1861 dixisse
1116 1772 1295 1883 sufficiat,
1324 1768 1675 1893 periculosissimam

101 1951 104 1955 ·
224 1924 306 1981 rem
330 1888 417 1993 esse,
447 1889 545 1975 ultra
570 1895 690 2004 quarn
715 1891 792 1976 dici
814 1889 941 2003 possit,
965 1889 1015 1976 fic
1039 1887 1141 1976 velle
1164 1911 1281 2006 agere
1304 1919 1393 1975 curn
1414 1893 1536 1990 Deo,
1562 1895 1615 1977 ita
1633 1915 1678 2004 ut

223 2013 400 2124 quisquis
430 2011 519 2091 huic
546 2006 673 2090 modo
697 2006 873 2091 aduinus
904 1997 1046 2110 fuerit,
1077 2003 1193 2092 valde
1213 2009 1257 2092 srt
1287 2031 1489 2108 erraturus,
1523 2013 1563 2091 dr
1594 2003 1677 2121 ple·

223 2152 392 2237 rumque
413 2119 566 2206 summae
597 2121 883 2235 perturbationi
911 2119 947 2205 se
978 2118 1232 2208 involuturus.
1292 2124 1434 2208 Certus
1456 2121 1572 2219 sum,
1597 2127 1677 2208 hare

222 2235 339 2326 facile
364 2237 613 2351 crediturum,
640 2241 710 2351 qui
732 2239 799 2320 dia
820 2230 1059 2350 aliquamdiu
1074 2237 1218 2324 attente
1244 2236 1567 2341 consideraverim
1589 2265 1676 2352 quae

224 2360 328 2440 enim
349 2348 511 2466 loquor,
536 2348 756 2464 ealoquot
777 2352 828 2435 ab
847 2356 1096 2465 experientia.
1151 2358 1258 2440 Nam
1279 2378 1538 2466 praeterquam
1594 2351 1677 2445 uod

99 2562 102 2567 ,
224 2465 381 2555 difficile
406 2468 463 2565 srt,
490 2471 532 2551 in
550 2471 642 2580 ipsis
678 2465 891 2553 visionibus
920 2495 1032 2553 rever
1059 2469 1198 2554 divinis
1224 2497 1310 2553 non
1344 2471 1538 2566 ertate,'
1585 2496 1680 2583 uper

161 2615 166 2623 ·
223 2585 402 2686 accedit,
432 2583 545 2696 quod
581 2578 813 2697 plerumque
842 2585 943 2668 inter
964 2586 1133 2670 visiones
1158 2579 1287 2669 multae
1312 2589 1566 2697 reperiantur,
1591 2611 1677 2699 quet

224 2696 310 2785 sunt
331 2698 353 2784 i
377 2701 583 2795 doemone,
600 2702 632 2782 is
654 2725 827 2811 namque
847 2699 990 2785 eodem
1013 2701 1141 2809 modo
1158 2696 1254 2784 solet
1270 2695 1404 2786 versati
1427 2727 1517 2786 curn
1535 2705 1677 2799 anima,

221 2843 315 2930 quo
336 2810 433 2898 solet
462 2821 595 2904 Deust
630 2813 726 2897 ideo
745 2811 986 2924 representat
1010 2820 1146 2900 animae
1178 2816 1333 2920 obsessa
1358 2811 1619 2918 verosimilia,
1638 2821 1678 2899 de

222 2931 365 3014 divinis
389 2924 542 3026 smilia,
570 2951 613 3011 ut
633 2925 683 3012 stc
706 2930 818 3011 instar
834 2924 919 3040 lupi
942 2934 1059 3016 ovina
1088 2926 1258 3016 contessi
1283 2926 1483 3033 misceatur
1498 2928 1679 3043 ‘domini-

224 3072 275 3129 to
298 3049 419 3160 gregi.
489 3046 592 3126 Hinc
620 3036 824 3126 difficulter
848 3040 1011 3129 discerni
1037 3049 1191 3158 potest,
1211 3074 1298 3161 quae
1320 3044 1392 3133 sint
1414 3045 1439 3130 i
1458 3046 1572 3160 Deo,
1591 3073 1679 3162 quae

222 3158 481 3247 idoemone3
508 3163 547 3240 δι
574 3185 663 3240 eum
681 3183 877 3270 proponat
901 3155 1022 3244 multa
1044 3189 1160 3259 vera,
1179 3165 1321 3247 rationi
1345 3157 1588 3262 conformia,
1615 3182 1680 3247 aut

222 3273 365 3371 sutura,
392 3302 479 3388 quae
501 3275 591 3356 dein
608 3299 742 3356 revera
763 3278 963 3372 eveniunt,
983 3271 1097 3360 facile
1115 3282 1241 3361 anima
1264 3280 1409 3388 poterit
1434 3278 1580 3390 decipi,
1601 3304 1681 3364 cre·

225 3376 385 3490 dendo}
420 3415 554 3472 revera
588 3394 715 3472 Deum
743 3387 818 3473 esse
844 3392 913 3502 qui
944 3385 1133 3503 loquitur.
1186 3381 1301 3475 Tales
1323 3396 1459 3475 animat
1482 3397 1677 3505 ignorant,

224 3504 408 3588 doemoni
425 3499 539 3586 sacile
558 3496 647 3600 esse,
671 3504 908 3615 cognoscere
932 3509 1046 3589 etiam
1066 3503 1193 3592 futura
1216 3511 1255 3590 in
1279 3505 1352 3591 suis
1375 3512 1512 3609 causis,
1530 3503 1680 3621 praeset-

150 3723 153 3731 Ι
224 3623 296 3702 tim
315 3613 519 3706 naturaliar
547 3623 692 3729 poterit
717 3614 780 3701 illa
804 3625 919 3731 ptoin
944 3626 1058 3704 etiam
1083 3622 1306 3732 praedicere,
1330 3618 1462 3706 saltem
1484 3622 1680 3709 certitudi-

198 3761 280 3825 rne
300 3731 468 3847 pltyfica,
494 3739 565 3816 nisi
583 3736 693 3817 Deus
719 3729 811 3818 velit
839 3761 987 3823 mutare
1020 3735 1165 3821 cursum
1196 3735 1389 3822 causarum
1419 3732 1683 3825 secundatum:

225 3875 264 3932 v.
275 3877 310 3961 g.
328 3878 375 3932 err
398 3844 647 3960 dispositione
666 3854 776 3951 aeris,
798 3854 945 3934 influxu
965 3847 1159 3962 syderum,
1179 3858 1217 3936 dt
1236 3851 1372 3937 natuti
1394 3848 1679 3941 elementorum

226 3967 354 4077 potest
374 3960 609 4075 cognoscere
634 3969 674 4047 in
696 3958 762 4047 tali
792 3959 887 4047 loeo
916 3967 1177 4077 generandam
1211 3970 1371 4080 pestem.
1427 3972 1543 4078 Quid
1569 3973 1680 4084 igitur
1713 4022 1717 4059 r

227 4084 380 4181 mirum,
402 4079 429 4164 fi
449 4081 660 4194 predicere
690 4077 820 4195 possit,
837 4084 926 4193 post
949 4107 1106 4185 annum,
1130 4108 1195 4170 aut
1227 4083 1433 4197 dimidium
1459 4110 1679 4171 eventuram

992 4244 995 4249 ¹
1513 4198 1717 4316 pellenti*
