3796 4994
33 360 39 367 ·
130 310 134 317 ’
205 211 308 426 apo
434 324 437 329 ’
588 293 790 398 aeveus.
804 291 859 394 de
880 291 1069 433 ⁴sigrada.
1094 299 1254 394 Parti.

212 582 215 587 .
325 511 420 603 376.
446 503 488 584 B.
507 501 632 612 Virgo
652 503 703 583 ad
726 526 791 585 me
810 499 930 582 dixit:
961 497 1184 583 Charilsrma
1206 493 1296 594 filia,
1320 502 1474 612 cogita,
1498 503 1656 612 quoties

82 686 87 692 .
210 618 410 699 vocaveris
434 612 509 697 hos
528 616 703 728 angelos,
718 619 758 697 δι
777 640 859 697 nou
877 604 1117 725 reliquerunt
1146 639 1185 695 te
1217 613 1295 697 stne
1320 612 1529 722 responso?
1556 630 1658 725 quo·

43 782 52 808 s
208 731 281 812 ties
300 728 437 839 petiisti
455 726 506 811 ab
527 729 585 830 iis,
605 751 647 813 ut
666 727 738 815 tibi
762 727 1017 811 monstrarent
1043 726 1202 839 insignia
1221 731 1277 808 rui
1301 723 1459 826 Dilee‘li,
1481 733 1520 810 δι
1548 752 1662 811 mon·

151 841 372 929 'struunt
390 866 435 926 ea
452 839 559 930 tibia

332 1015 426 1090 377·
453 995 496 1071 B.
515 989 641 1098 Virgo
668 991 709 1072 in
728 981 887 1070 infiutm
909 976 1035 1071 statim
1059 989 1148 1098 post
1183 989 1424 1071 nativitatem
1451 1014 1535 1071 non
1567 1013 1659 1099 pro·

37 1196 65 1211 ο
212 1121 347 1214 pterea
365 1099 490 1184 omilit
508 1095 636 1213 loqui,
651 1099 764 1213 quod
782 1126 863 1182 non
880 1104 1064 1210 potuerit,
1077 1127 1120 1184 ut
1142 1105 1271 1185 caeteti'
1287 1098 1464 1198 infantes,
1481 1098 1548 1186 led
1568 1107 1661 1215 quia

127 1257 136 1267 e
213 1208 365 1302 nolum
391 1239 480 1297 nam
497 1212 613 1326 ipsius
633 1215 799 1325 imperio
813 1208 990 1316 subjenae
1007 1239 1117 1298 erant
1136 1226 1274 1298 omnes
1296 1239 1500 1305 creatura;
1529 1211 1662 1297 conse·

215 1322 586 1440 qumter‘paruillet
604 1332 734 1411 'etiam
760 1324 969 1440 lingua‚fi
996 1324 1174 1412 voluisset
1194 1326 1319 1439 loqui.
1403 1333 1542 1412 'saeuit
1567 1354 1664 1440 ergo

216 1434 324 1524 ulttb
342 1435 594 1640 persspu'tium
610 1444 721 1526 unius
739 1447 833 1525 anni
854 1468 943 1524 cum
963 1441 1143 1539 dimidio,
1164 1466 1216 1526 ne
1239 1444 1420 1526 excitaret
1440 1443 1663 1526 admiratio·

212 1577 308 1638 uem
321 1556 388 1656 ,de
424 1581 461 1639 e.
500 1598 505 1607 v
876 1575 880 1580 ·

333 1718 433 1800 378.
460 1680 640 1813 Quando
659 1719 792 1781 tamen
821 1720 903 1780 etat
929 1688 1037 1792 sola,
1065 1718 1216 1780 utnon
1241 1691 1366 1805 pollet
1397 1692 1588 1780 observari
1612 1698 1663 1780 ab

216 1804 457 1910 bominibus,
478 1809 719 1923 loquebatur
737 1835 827 1894 cum
848 1806 1017 1921 augelis,
1041 1835 1108 1893 aut
1132 1805 1325 1891 fundebat
1347 1835 1480 1918 preces
1506 1806 1665 1894 vocales

216 1921 269 2007 ad
287 1925 419 2009 Deum
435 1954 450 2014 ς
476 1922 546 2008 sed
561 1924 604 2011 S.
621 1923 737 2010 Anna
755 1948 956 2037 nunquam
982 1918 1102 2007 filiam
1126 1917 1229 2006 suam
1247 1927 1286 2007 in
1309 1948 1355 2004 ea
1370 1947 1481 2008 aetate
1492 1918 1665 2036 loqueu-

215 2055 300 2169 tem
321 2038 484 2123 audivit.

338 2214 434 2286 379·
459 2187 523 2270 Ex'
541 2178 607 2268 illa
630 2182 779 2269 vifioue
799 2184 976 2283 intuitiva
993 2181 1094 2282 Dei,
1118 2206 1238 2293 quam
1260 2186 1302 2267 B.
1324 2184 1374 2266 Vi
1422 2209 1449 2263 0
1471 2181 1608 2267 habuit
1627 2186 1666 2266 in

220 2321 425 2395 momento
470 2300 709 2398 nativitatis,
747 2292 897 2409 semper
934 2299 977 2380 in
1011 2320 1058 2379 ea
1092 2290 1352 2380 remanserunt
1377 2209 1570 2408 rlpeciesa
1624 2300 1663 2377 ἃ

218 2407 316 2497 ideo
340 2408 504 2499 ‘fluerunt
535 2416 576 2498 in
604 2407 670 2496 illa
698 2409 865 2496 vifiones
891 2415 932 2492 δι
965 2411 1230 2520 apparitiones
1256 2403 1532 2495 intelleauales
1560 2407 1666 2521 quali

222 2529 450 2613 continua
533 2529 579 2612 ln
605 2526 667 2611 his
692 2523 903 2610 vifionibus
927 2521 1063 2628 exarsit
1096 2545 1208 2608 tanto
1234 2547 1396 2622 amore,
1440 2548 1483 2607 ut
1522 2524 1666 2607 exinde

220 2646 304 2740 elus
332 2636 599 2752 corpusculum
625 2638 743 2723 fuerit
766 2640 1018 2723 vehementer
1042 2633 1268 2748 fatigatumr
1307 2638 1411 2722 adeo
1441 2661 1485 2722 ut
1510 2634 1665 2722 debuis-

133 2796 135 2803 >
218 2748 276 2839 set
305 2757 430 2854 mori,
452 2752 523 2839 nisu
543 2749 671 2837 fuiffet
689 2747 1020 2864 supernaturaliter
1042 2750 1273 2834 conservata.

340 2919 436 3002 382.
457 2895 608 2982 Habuit
624 2892 824 2979 familiaria
848 2889 1048 3006 colloquia
1073 2920 1161 2979 cum
1187 2890 1261 2978 suis
1283 2888 1443 3008 angelis.
1507 2889 1575 2975 Ab
1603 2894 1663 2976 iit·

219 3008 316 3103 'dem
334 3010 432 3125 sape
450 3008 525 3097 fuit
540 3005 796 3123 corporaliter
818 3031 973 3121 portata
994 3010 1035 3090 in
1059 3004 1233 3122 coelum,
1257 3008 1325 3092 ubi
1348 3007 1548 3093 fruebatur
1573 3032 1664 3118 ptae·

218 3121 345 3220 sentia
357 3130 447 3213 Dei.
501 3123 679 3242 Quando
702 3121 753 3206 fic
772 3118 845 3206 fuit
864 3144 1019 3234 portata
1039 3127 1079 3205 in
1101 3115 1268 3222 coelum,
1290 3117 1499 3235 aliquoties
1519 3120 1577 3203 ibi
1598 3120 1665 3203 ha-

93 3331 95 3335 ,
219 3238 306 3325 buit
327 3239 746 3343 viliooemintuitivam
764 3237 867 3336 Dei,
886 3230 1097 3348 aliquoties
1117 3239 1214 3320 verb
1237 3259 1385 3321 tantum
1410 3263 1482 3349 per
1505 3231 1664 3346 species.

219 3361 397 3466 quamvis
416 3349 640 3439 clarissimas.

335 3520 433 3608 ⁴388.
458 3503 657 3592 Decimo·
677 3504 824 3586 orlavu
847 3493 978 3582 mense
998 3495 1086 3608 post
1115 3498 1352 3583 nativitatem
1379 3500 1501 3612 coepit
1524 3468 1665 3612 loquis

155 3718 160 3723 ,
218 3623 264 3727 ,δι
281 3640 374 3704 tunc
395 3614 532 3700 habuit
552 3612 738 3699 vibonem
761 3615 839 3700 Dei
862 3638 933 3725 per
960 3607 1117 3724 species.

35 3843 38 3848 Α
334 3777 432 3866 396.
459 3761 587 3851 Prima
609 3765 688 3874 ejus
709 3759 829 3847 verba
852 3754 1032 3856 fuerunt,
1062 3754 1176 3871 quod
1205 3753 1229 3843 a
1256 3756 1479 3871 parentibus
1514 3759 1668 3871 petierit

40 3972 44 3985 ,
112 3936 119 3963 ι
205 3877 548 4003 ὕειιεᾴἰᾶἰοηεω.
954 3915 959 3932 ·

1573 4126 1667 4206 ³99·
