3796 4994
240 370 340 490 382
607 343 1088 495 RevelarldeAgreda.
1111 343 1224 456 Pars
1246 345 1306 456 112

1 613 2 622 ι
136 604 143 612 ⁴
238 578 326 653 'non
350 554 501 646 ne‘c'else
530 558 584 646 est
607 558 804 653 revelaret
847 565 1012 649 maxime
1046 589 1134 647 cum
1155 560 1207 646 ad
1230 584 1277 645 ea
1305 547 1527 643 revelanda
1546 546 1692 638 nullum

141 675 145 682 ’
239 681 406 765 habeam
424 676 662 761 mandatum.

361 833 484 909 ¹2¹7·
512 806 720 917 Postquam
742 801 894 890 Lucifer
916 803 1086 890 obtinuit
1105 797 1297 888 licentiam
1319 799 1509 884 denoto
1530 820 1581 878 ex
1602 815 1694 876 orco

239 918 432 1004 redeundi
448 921 490 1000 in
510 941 663 1019 terram,
682 920 805 1002 statim
821 943 945 1003 turma
969 916 1201 1003 doemonum
1222 915 1448 1029 properavit
1469 910 1526 998 ad
1538 907 1692 1012 Judam

243 1056 289 1117 ut
309 1031 515 1143 impediret
542 1024 942 1144 illum-iproditionc
965 1031 1149 1142 Magistri.
1211 1101 1213 1104 Α

366 1188 490 1260 1219.
537 1161 713 1272 Quando
736 1161 907 1244 Christus
928 1163 968 1241 in
993 1153 1154 1242 oliveto
1183 1151 1221 1240 se
1247 1149 1433 1264 separavit
1458 1150 1512 1236 ab
1538 1145 1625 1234 aliis
1643 1147 1694 1234 A·

244 1270 421 1388 postolis,
438 1274 716 1359 tantummodo
741 1275 867 1356 secum
885 1270 1042 1383 sumptis
1066 1275 1213 1365 Petro,
1238 1271 1418 1368 Joanne,
1446 1271 1491 1348 δε
1513 1263 1693 1370 Jacobol

176 1431 181 1443 ,
246 1394 364 1471 etiam
383 1392 428 1470 B.
450 1390 500 1471 V.
522 1382 562 1468 se
581 1379 767 1496 separavit
789 1384 839 1468 ab
857 1382 939 1468 aliis
963 1379 1209 1479 mulieribus,
1235 1378 1459 1493 secessitque
1480 1382 1526 1464 in
1549 1374 1692 1490 separa·

246 1523 332 1583 tum
351 1498 571 1582 cubiculum
593 1525 682 1581 cum
703 1496 826 1582 tribur
847 1500 991 1581 Mariis.
1044 1497 1104 1580 Ibi
1125 1499 1278 1609 rogavit
1305 1501 1465 1591 Deum,
1486 1515 1535 1579 ut
1553 1496 1597 1576 in
1616 1494 1690 1577 sen·

247 1611 354 1698 litiva
367 1638 477 1723 parte
506 1608 701 1695 'rivaretur
721 1613 830 1694 omni
856 1606 1007 1712 solatio,
1023 1614 1062 1692 δι
1083 1634 1127 1693 ut
1147 1613 1190 1693 in
1212 1634 1378 1718 corpore
1395 1604 1541 1692 sentiat
1560 1629 1692 1690 omnes

250 1720 412 1810 dolores
434 1641 636 1809 vulberum
658 1729 698 1806 δι
721 1751 939 1838 poenarum,
961 1750 1064 1836 quos
1085 1721 1255 1834 passurus
1275 1724 1328 1805 est
1344 1717 1467 1810 filiusr
1495 1716 1690 1833 quodipfi

247 1844 367 1923 etiam
393 1834 611 1922 concellum
638 1837 703 1922 est.
787 1842 837 1923 Et
864 1841 1041 1950 quamvis
1065 1837 1107 1919 hi
1140 1831 1300 1919 dolores
1326 1836 1424 1918 tanti
1451 1831 1629 1934 fuerint,
1654 1853 1691 1916 ut

248 1947 474 2149 magnalitcr
491 1947 682 2036 debuiffet
702 1954 804 2037 mori
816 2004 831 2049 ,
853 1948 928 2035 fuit
956 1972 1087 2037 tamen
1112 1945 1443 2061 supernaturaliter
1475 1943 1695 2035 conservata

105 2137 108 2143 .
212 2091 275 2157 ta
338 2091 401 2149 eot

372 2219 498 2292 1220.
524 2197 620 2280 nes
638 2195 770 2279 Marta
794 2191 819 2281 ι
844 2200 887 2278 n.
904 2195 1065 2307 virgine
1092 2153 1427 2286 tremuerunt,
1453 2213 1498 2275 ut
1523 2190 1596 2303 ιρι
1623 2126 1692 2275 ant}

127 2299 132 2314 '
253 2305 397 2392 sterent
418 2312 459 2390 in
478 2305 543 2393 lua
561 2307 742 2422 pastione.
822 2308 997 2419 Quando
1014 2334 1109 2503 erfo
1136 2335 1225 2392 cum
1240 2308 1298 2391 his
1324 2305 1448 2389 tribus
1470 2303 1692 2390 mulieribus

40 2466 45 2479 ·
177 2446 181 2450 ’
251 2420 328 2506 fuit
348 2418 521 2534 separato
546 2427 586 2506 in
613 2419 809 2519 cubiculo,
834 2423 931 2506 dixit
955 2420 1008 2505 ad
1031 2425 1057 2506 il
1073 2449 1135 2506 at:
1178 2414 1315 2531 Tristis
1337 2415 1386 2528 est
1407 2421 1544 2506 anima
1573 2440 1693 2504 mea·

164 2635 176 2647 „
253 2542 378 2634 orate,
411 2561 458 2622 rte
483 2538 635 2623 intretis
665 2538 706 2621 in
734 2538 993 2623 tentationem·
1051 2539 1163 2621 Tunc
1189 2529 1316 2618 avulsa
1344 2533 1398 2616 est
1427 2531 1479 2615 ab
1507 2526 1587 2618 illis
1609 2557 1695 2645 pau·

223 2688 228 2701 ·
253 2642 392 2745 lulum,
410 2654 450 2732 dr
476 2653 622 2738 oravitr
650 2674 696 2735 ac
715 2673 775 2734 tet
793 2649 845 2734 ad
868 2644 1046 2734 mulieres
1067 2643 1212 2733 reversa
1229 2648 1362 2732 denuo
1385 2643 1437 2729 ad
1461 2649 1694 2748 orationem,

253 2785 298 2845 ut
323 2763 505 2861 Christus,
524 2762 651 2847 rediit.
733 2767 788 2845 Ut
815 2766 910 2847 vero
935 2768 976 2846 in
999 2761 1182 2847 omnibus
1202 2765 1409 2846 imitaretur
1427 2753 1541 2843 suum
1564 2758 1694 2857 filium,

255 2877 372 2956 etiam
389 2871 537 2956 sudavit
559 2869 740 2958 sudorem
769 2874 1026 2994 sanguineum.
1084 2875 1157 2987 Ipsr
1180 2877 1275 2960 verb
1294 2870 1422 2958 millus
1445 2876 1504 2957 est
1531 2873 1693 2960 Archan

254 2982 365 3101 gelus
391 2979 567 3083 Gabriel,
590 3009 633 3070 ut
653 3012 738 3069 eam
761 2983 1034 3073 consolaretur.
1109 2990 1208 3072 Mihi
1229 2986 1303 3072 fuit
1327 2980 1560 3089 revelatum,
1587 2984 1695 3102 quod

252 3105 300 3186 B.
319 3103 444 3212 Virgo
471 3101 512 3183 in
536 3098 640 3184 hunc
666 3096 784 3183 finem
804 3108 881 3204 jam
904 3097 1019 3186 fuerit
1038 3100 1187 3214 provisa
1210 3097 1361 3214 aliquot
1383 3097 1571 3186 linteolis.
1655 3103 1696 3186 Er

252 3215 365 3310 hinc,
391 3212 554 3327 quando
584 3218 745 3325 agnovit
765 3210 874 3298 suum
896 3211 1018 3300 filium
1054 3211 1189 3301 sudare
1225 3210 1404 3298 sudorem
1432 3210 1456 3297 s
1557 3219 1569 3234 ⁰

254 3328 389 3412 statim·
411 3323 467 3409 illi
490 3352 560 3436 per
580 3322 741 3438 angelos
760 3326 859 3412 misit
880 3324 1083 3449 linteolum
1107 3331 1158 3415 ad
1189 3325 1472 3440 detergendum
1497 3241 1697 3418 ludoremt

254 3438 374 3551 quod
391 3443 430 3520 dr
452 3433 577 3549 angeli
602 3442 726 3525 statim
754 3445 905 3525 executi
926 3437 1022 3527 sunt.

376 3595 498 3652 1221.
538 3574 579 3652 B.
597 3572 646 3654 V.
662 3568 714 3653 ad
733 3595 798 3656 me
816 3571 936 3655 dixit:
979 3571 1095 3671 Vide,
1118 3574 1254 3688 quanti
1275 3573 1471 3657 momenti
1490 3570 1538 3658 fit
1556 3571 1699 3658 Praedc·

257 3679 434 3778 stinatio,
459 3673 523 3765 vel
551 3681 790 3792 reprobatio.
875 3682 1180 3796 lmpoffibilitas‚
1209 3711 1252 3771 ut
1283 3711 1429 3785 omnes,
1450 3681 1701 3781 salvarentur,

255 3792 429 3881 reddidit
450 3800 530 3895 ejus
549 3794 760 3908 paffioncm
779 3820 858 3895 tam
882 3793 1131 3909 dolorosam
1167 3804 1205 3886 dt
1232 3798 1288 3907 ob
1314 3799 1395 3885 hoc
1417 3794 1575 3897 sudavit
1596 3798 1700 3889 ludo·

257 3902 625 4022 temlanguineum

1570 4183 1698 4278 ἰιι4ζ
