3796 4994
214 314 313 432 194
661 274 909 431 llegusr'cx
929 300 978 398 S}
999 293 1138 400 share
1156 239 1211 399 ᾗ.

206 520 332 616 vapor
361 504 528 615 propriae
556 503 838 603 aestimationis,
865 508 905 589 dc
938 507 1222 620 cogitationes,
1247 503 1361 619 quod
1392 506 1482 622 quis
1503 503 1559 592 'lit
1583 506 1695 596 aliis·

60 606 67 635 '
207 615 359 716 melior.
416 622 516 701 Dein
546 620 629 702 hac
656 645 843 733 perpetua
869 625 967 705 unio
999 624 1134 706 animae
1163 625 1400 717 cum-Deo,
1429 627 1599 737 &jugis
1626 650 1668 708 e·

101 795 105 811 .
210 731 356 820 levatio
379 738 520 817 mentis
539 735 592 839 ad
616 735 749 818 Deum
778 760 923 820 tantam
940 734 1010 847 ipsa
1029 759 1178 822 crearet
1197 730 1434 835 molestiam,
1454 763 1499 821 ut
1526 735 1670 823 etiamsi

206 844 326 936 vellet
349 845 444 931 tales
477 848 628 933 causare
647 845 839 947 effeetus,
879 878 963 935 non
994 876 1125 936 tamen
1164 847 1394 966 frequenter
1417 845 1525 938 simili
1552 852 1669 938 dece·

206 970 348 1082 ptione
367 963 522 1048 rediret.
591 969 680 1049 Nec
704 966 814 1049 Deus
840 961 930 1050 talia
959 971 1158 1079 permittet
1182 970 1224 1050 in
1253 970 1381 1053 anima
1406 964 1477 1052 stbi
1494 962 1666 1055 totaliter

207 1079 360 1181 dedita,-
381 1074 448 1162 sed
477 1080 674 1165 celerrime
702 1082 949 1192 procurabit,
971 1104 1015 1165 ut
1042 1080 1113 1192 ipsa
1139 1078 1244 1164 fraus
1273 1082 1475 1166 doemonis
1503 1082 1662 1196 detega-

205 1218 280 1282 tur.
339 1193 438 1279 lbid.
461 1197 510 1278 C.
532 1223 572 1292 9·
591 1199 660 1279 tit:
703 1190 817 1279 Tales
841 1195 1009 1280 visiones
1028 1202 1262 1309 contingunt
1285 1201 1399 1281 etiam
1423 1197 1519 1281 dum
1539 1204 1665 1284 anima

206 1303 351 1394 nullam
375 1301 528 1419 prorsus
553 1313 831 1423 cogitationem
862 1310 984 1394 babet
1008 1311 1062 1395 de
1088 1309 1328 1402 vtfiombust
1368 1336 1530 1425 repente
1561 1316 1664 1398 enim

175 1420 262 1510 -illi
299 1421 551 1507 obversantur
591 1425 784 1530 ejusmodi
818 1425 973 1532 objecta
1005 1450 1094 1508 cum
1126 1427 1347 1510 vehementi
1390 1431 1666 1513 commotione

207 1543 385 1626 omnium
402 1539 663 1648 potentiarum
683 1544 723 1621 ἃ
744 1535 917 1624 sensuum
942 1544 1233 1624 concomitante
1257 1543 1404 1654 ingenti
1424 1546 1583 1640 timore,
1614 1542 1664 1627 ad

206 1679 331 1769 quem
358 1679 489 1736 tamen
518 1647 756 1766 subsequitur
782 1682 857 1766 pax
886 1655 1023 1749 beata,
1052 1680 1094 1738 uc
1123 1660 1241 1756 enim,
1271 1658 1366 1741 dum
1394 1657 1663 1768 prosterneba-

26 1862 40 1879 ,
204 1794 268 1854 tur
290 1771 343 1851 D.
367 1763 523 1867 Paulus,
550 1793 648 1853 orta-
663 1770 718 1852 est
738 1774 779 1854 in
801 1765 909 1854 coelo
940 1770 1153 1854 vehemens
1176 1772 1410 1883 tempestas,
1437 1774 1492 1854 ita
1512 1775 1664 1857 contiu-

160 1906 165 1914 ·
205 1888 262 1998 git
281 1887 326 1969 in
346 1883 715 1997 interioremundo.
769 1887 833 1969 lit
858 1877 1106 1969 enitnvalida
1131 1889 1366 1981 commotio,
1383 1890 1425 1968 dt
1456 1886 1583 1970 statim
1604 1912 1663 1972 rc·

90 2069 98 2091 ,
204 2000 264 2084 dit
283 1993 474 2096 serenum,
502 2021 595 2082 tunc
617 2003 745 2084 anima
767 2001 1029 2097 insiruitutin
1053 2003 1239 2113 mysteriis
1265 2005 1304 2083 dc
1331 2000 1560 2085 veritatibus
1575 1997 1662 2086 sub·-

158 2130 164 2155 ⁵
204 2110 381 2214 simibus,
401 2136 445 2196 ut
473 2105 583 2217 nullo
606 2142 708 2224 opus
735 2114 877 2199 habeat
903 2115 1105 2229 magistros
1146 2117 1257 2199 Deus
1275 2119 1378 2199 enim
1403 2114 1454 2197 ab
1477 2109 1543 2198 illa
1562 2112 1663 2200 tollit

204 2255 365 2333 omnem
387 2227 614 2316 ruditatemr
642 2232 833 2311 &anima
855 2223 1094 2342 aliquamdiu
1115 2253 1290 2313 remanet
1310 2254 1434 2326 certa,
1458 2231 1561 2314 hanc
1578 2256 1662 2347 gra·

110 2408 114 2415 .
202 2349 296 2429 tiam
315 2346 523 2456 provenire
540 2339 564 2428 ai
583 2344 691 2428 Deo.
763 2345 806 2429 st
833 2338 1066 2429 Consessarii
1086 2371 1173 2430 eam
1194 2343 1366 2430 reddunt
1383 2344 1579 2445 timidam,
1597 2341 1661 2449 ulle

201 2463 321 2547 timot
349 2452 388 2543 se
413 2472 562 2542 tantum
590 2457 796 2571 habetper
823 2461 989 2543 modum
1014 2463 1237 2544 tentationis
1260 2452 1482 2557 diabolicae,
1496 2484 1542 2545 ut
1565 2454 1660 2544 cou'·

202 2578 317 2688 tingit
342 2577 380 2656 in
402 2574 681 2657 tentationibus
700 2573 807 2671 fidei,
831 2578 869 2658 in
893 2574 1037 2687 quibus
1064 2571 1157 2659 licet
1180 2573 1205 2661 a
1226 2574 1417 2659 doemone
1441 2573 1558 2686 podir
1581 2568 1660 2659 tur·

200 2688 299 2786 bati,
319 2711 493 2772 remanet
520 2683 769 2773 nihilominus
789 2688 913 2786 firma,
933 2698 1056 2772 immo
1079 2695 1245 2786 certior,
1266 2684 1402 2787 sciens,
1425 2688 1656 2774 doemonem

199 2798 292 2888 talia
313 2803 421 2888 bona
443 2830 651 2913 procurate
675 2832 756 2886 non
787 2801 920 2915 posse,
977 2801 1076 2889 ualia
1097 2808 1138 2889 in
1167 2804 1206 2889 se
1236 2808 1441 2917 experitur.
1509 2808 1657 2890 Poterit

198 2918 363 3033 quidem
403 2918 569 3003 doemon
606 2911 684 3002 tale
726 2913 875 3032 aliquid
913 2833 1089 3018 elllcere,
1128 2916 1196 3003 sed
1234 2945 1318 3002 non
1346 2943 1453 3003 tanta
1479 2925 1653 3023 ueritate,

196 3036 406 3143 majestate,
429 3037 468 3115 δι
492 3028 671 3117 efficacia.
731 3040 837 3143 Quia
864 3060 994 3117 autem
1021 3030 1253 3122 confessarii
1277 3035 1343 3118 itia
1366 3037 1552 3120 interiora
1577 3036 1654 3119 ani·

196 3176 270 3234 mae
300 3147 434 3232 videte
452 3174 534 3231 non
559 3143 729 3259 possunt,
754 3143 885 3249 duilli,
913 3149 1057 3261 quibus
1079 3148 1123 3234 sit
1151 3144 1217 3233 illa
1238 3152 1372 3262 gratia,
1393 3142 1433 3234 se
1454 3147 1563 3236 forte
1589 3176 1654 3234 ex·

98 3342 101 3347 ,
196 3261 339 3376 plicare
357 3290 438 3347 non
456 3257 621 3376 possunt,
650 3263 744 3346 ideo
760 3269 915 3361 timent,
940 3271 980 3346 dc
1004 3269 1167 3377 quidem
1189 3268 1342 3347 merito.
1402 3264 1503 3348 ldeo
1526 3256 1652 3361 neces·

80 3410 85 3419 ’
195 3377 234 3462 se
258 3379 325 3475 est,
352 3402 395 3461 ut
421 3390 509 3461 conl
532 3372 674 3461 talibus
700 3376 872 3489 personis
893 3378 1101 3463 vistonariis
1122 3377 1233 3465 caute
1258 3378 1507 3490 procedatur,
1528 3386 1568 3464 dc
1587 3407 1651 3463 ex·

193 3489 387 3604 specietur
413 3516 588 3605 tempusa
617 3487 879 3578 &successive
899 3494 1140 3592 videndum,
1165 3490 1302 3608 quales
1326 3493 1473 3577 fructus
1503 3494 1557 3579 ab
1595 3495 1653 3579 hit

146 3613 152 3623 ‘
193 3605 405 3690 vifionibus
426 3602 707 3719 relinquantur,
731 3602 857 3722 qualis
872 3603 1120 3720 implantetur
1144 3604 1362 3706 htuniliras,
1382 3632 1533 3721 quanta
1558 3635 1653 3693 cott-

191 3718 336 3806 feratur
368 3714 538 3804 soliditas
572 3727 756 3807 virtutum
773 3750 821 3811 ac
837 3722 1054 3814 fortitudos
1093 3723 1121 3811 si
1153 3727 1258 3810 enim
1282 3724 1449 3809 doemon
1473 3723 1688 3815 habuerit

136 3900 150 3915 ..
187 3859 354 3953 partem,
374 3836 484 3924 brevi
503 3832 719 3954 detegetur.
869 3843 873 3850 ’

1477 4213 1654 4346 Regula
