3690 4988
577 258 882 359 Revelationes
919 264 964 357 S.
1005 259 1248 364 Gertrudis.
1454 308 1464 325 =
1531 297 1631 400 127

181 465 265 561 ati.
356 460 483 582 Quod
503 467 637 548 merita
654 466 883 549 Sanoorutn
901 487 1123 576 augeantur,
1143 469 1183 548 δι
1200 461 1315 577 quod
1334 463 1473 565 sanai,
1495 472 1631 560 Patro-

194 580 385 680 ninollti,
409 604 541 662 coram
568 573 767 661 clientibus
794 574 865 661 suis
926 603 1024 660 enua
1048 583 1224 675 leuant,
1251 578 1485 667 absonumal
1510 593 1626 671 moti.-

200 697 259 778 bus
286 692 419 775 divinis
437 693 617 791 videtur„
678 691 757 771 Sed
785 695 871 801 quis
890 603 956 775 scit
978 686 1075 775 lusus
1100 719 1278 775 amotum
1305 690 1546 782 coelestium?
1574 702 1627 788 de

210 830 396 917 augmento
414 803 510 888 vero
529 807 752 889 meritorum
781 801 887 914 supra
904 801 1123 916 responsum
1148 807 1202 890 est
1219 809 1339 891 Num.
1361 837 1424 893 ιι.
1483 834 1491 843 ·

303 988 401 1072 xv1.
457 987 501 1070 L.
523 1013 563 1085 4.
586 985 637 1069 C.
666 1016 731 1089 53.
784 986 822 1068 S.
858 984 1070 1069 Getttudes
1104 986 1204 1071 hanc
1230 983 1255 1069 al
1285 990 1462 1073 Domino
1491 1015 1627 1100 perce·

220 1100 262 1209 pit
284 1102 546 1194 ensditionem,
570 1122 613 1182 ut
641 1100 693 1182 ad
715 1103 839 1183 minus
861 1099 1042 1211 quotidie
1065 1103 1229 1183 Matrem
1253 1100 1356 1184 luam
1380 1103 1627 1193 beatissimam

220 1236 270 1320 ptr
285 1216 341 1297 ista
361 1215 444 1295 duo
465 1213 610 1306 verba,
639 1210 800 1309 scilicet,
815 1211 901 1319 ,Eia
922 1238 1010 1329 ergo
1033 1208 1226 1298 advocata
1255 1211 1396 1324 nostra,
1418 1214 1475 1311 ΕΤ
1487 1247 1500 1303 :
1539 1217 1626 1306 Illos

221 1334 283 1408 suos
304 1321 552 1439 misericordes
579 1322 719 1420 oculos,
749 1332 961 1420 invocaret,
991 1350 1108 1421 certa,
1139 1326 1252 1437 quod
1281 1357 1351 1440 pet
1376 1331 1456 1415 hoc
1482 1337 1522 1416 in
1550 1334 1627 1419 ho·

221 1461 251 1517 ιι
266 1435 313 1524 lua
332 1437 527 1523 novissima
548 1464 630 1521 non
652 1440 850 1523 mediocre
876 1433 1051 1522 solatium
1076 1440 1282 1524 obtineret.

305 1608 420 1688 XVll.
480 1606 523 1688 1„
554 1633 594 1701 4.
624 1602 676 1686 C.
706 1621 772 1686 ει.
827 1602 1024 1687 Dominus
1054 1608 1179 1687 innuit
1202 1608 1242 1688 S.
1273 1607 1473 1706 Gerttodi,
1501 1609 1626 1700 ut'lc-
1746 1691 1748 1695 ,
1798 1635 1801 1641 ’

221 1737 298 1906 {pret
314 1718 428 1803 Pater
456 1713 578 1826 noster
600 1720 640 1799 in
665 1721 811 1799 unione
835 1711 913 1814 illa,
940 1742 1019 1829 qua
1042 1716 1180 1802 eadem
1197 1723 1324 1803 oratio
1345 1725 1383 1802 in
1411 1720 1478 1805 suo
1500 1716 1623 1823 corde

180 1878 185 1885 -
253 1829 274 1908 it
286 1827 471 1914 dulcorata
494 1834 533 1913 δι
561 1856 634 1939 pro
659 1824 777 1913 salute
800 1831 975 1911 omnium
995 1826 1167 1913 fidelium
1196 1825 1368 1940 prolatas
1397 1837 1623 1945 quodcum

220 1932 267 2019 illa
281 1938 397 2058 legens
428 1940 674 2054 complesset,
705 1945 900 2025 Dominus
923 1944 1001 2025 hoc
1030 1943 1080 2025 ab
1117 1971 1162 2026 ea
1194 1944 1394 2055 gratissime
1421 1947 1621 2063 suscipiens

222 2061 364 2142 omnibus
387 2052 544 2170 Angelis
566 2061 604 2139 δι
625 2061 770 2142 διιιίὶίε
799 2083 867 2167 per
886 2052 1001 2140 talem
1019 2064 1097 2159 eius
1115 2053 1294 2143 affecium
1314 2059 1489 2160 donavit,
1509 2066 1621 2179 quod

222 2187 286 2251 tun
298 2167 359 2256 illo
382 2171 504 2257 Pater
530 2166 651 2282 noller
685 2167 912 2281 perficerent
944 2174 1085 2267 omne,
1127 2171 1241 2283 quod
1267 2200 1437 2285 unquam
1462 2192 1533 2287 p'et
1551 2172 1622 2263 ali·

222 2299 307 2386 pam
324 2288 541 2370 orationem
565 2285 751 2396 perficere
780 2278 929 2393 possent
950 2283 1000 2365 ad
1023 2280 1179 2367 salutem
1207 2293 1324 2369 totius
1355 2286 1547 2393 Ecclesiae,
1579 2296 1621 2387 &

221 2394 302 2480 ttitn
332 2395 502 2484 fidelium
540 2395 824 2480 defunolotum.
920 2400 1022 2479 Hinc
1050 2400 1188 2482 iterum
1212 2401 1337 2484 innuit
1361 2405 1552 2487 Dominus
1580 2431 1620 2488 a·

217 2505 318 2611 ulna,
342 2535 386 2596 ut
414 2537 541 2596 oraret
567 2538 639 2620 pto
671 2504 856 2607 Ecclesta3
909 2536 1078 2620 cumque
1112 2512 1350 2596 devotissimi
1388 2541 1516 2598 oraret
1546 2546 1620 2631 pro
1700 2544 1702 2548 ’

220 2624 362 2710 omnibus
385 2619 611 2738 generaliter
633 2628 671 2705 &
690 2652 762 2734 pto
784 2620 933 2734 singulis
955 2617 1176 2731 specialiter,
1202 2629 1393 2708 Dominus
1408 2623 1510 2712 illam
1530 2642 1620 2716 ota·

218 2732 329 2822 tionem
355 2747 396 2825 in
425 2742 572 2822 unione
596 2741 770 2818 omnium
799 2742 1018 2820 orationum
1048 2743 1086 2818 &
1111 2765 1274 2848 operum
1301 2734 1525 2826 sanstiffimae
1546 2747 1619 2832 hu·

218 2857 370 2938 moinus
399 2849 470 2937 suae
495 2842 690 2935 universali
719 2845 890 2932 Ecclestae
914 2853 1209 2934 communicavit
1236 2879 1324 2934 cutn
1347 2880 1458 2940 tanto
1476 2854 1617 2956 frasu,

218 2979 348 3067 quantus
371 2992 542 3079 unquam
569 2991 638 3076 pet
665 2958 832 3074 aliquam
868 2967 1084 3045 orationem
1112 2967 1238 3073 potest
1266 2966 1434 3052 obtineri
1464 2971 1619 3058 dicens:

175 3174 178 3179 ¹
218 3074 323 3182 Oratio
347 3082 413 3164 ista
432 3082 525 3162 milti
550 3077 675 3161 inodo
696 3103 763 3188 per
785 3100 825 3158 te
846 3072 976 3158 oblata
998 3104 1072 3186 pto
1098 3073 1261 3161 Ecclesia
1284 3087 1355 3164 etit
1379 3081 1446 3191 ipst
1469 3088 1617 3167 incom·
1650 3180 1656 3194 ,

213 3191 397 3292 ptnbilitet
420 3190 515 3278 salus
543 3187 703 3274 salutum
729 3183 1038 3298 superabundans
1062 3217 1137 3299 pto
1157 3186 1209 3274 sui
1230 3189 1468 3278 sublimitate.
1504 3201 1618 3280 Man-

212 3296 277 3388 dttt
296 3300 393 3403 Dei,
415 3334 500 3420 quae
525 3308 662 3388 dantur
683 3299 843 3414 Angelis
872 3308 910 3384 &
933 3308 1096 3404 sanclis,
1119 3304 1267 3387 debent
1283 3303 1358 3389 else
1385 3309 1616 3395 determina-

206 3432 255 3512 ὓ,
282 3447 360 3505 non
390 3424 699 3532 indeterminata,
731 3440 848 3526 prout
869 3406 932 3498 hlc
951 3414 993 3501 fit
1020 3419 1060 3499 itt
1085 3417 1232 3512 verbo,
1256 3417 1472 3527 perficerent
1496 3450 1616 3511 omne.
1692 3425 1695 3429 ’

201 3524 307 3631 Dein,
328 3534 441 3647 quod
463 3559 580 3616 unum
607 3531 724 3615 Pater
746 3525 868 3638 noster
892 3534 931 3611 in
949 3531 986 3611 S.
1012 3531 1207 3614 Getttude
1229 3533 1273 3614 stt
1293 3559 1405 3618 tante
1428 3533 1616 3637 efficacia,

192 3668 231 3731 as
255 3675 390 3731 omnes
420 3652 615 3729 orationes
644 3647 756 3725 etiam
787 3638 979 3752 possibiles
1008 3650 1182 3726 omnium
1203 3647 1444 3743 Sanctorum,
1466 3653 1620 3739 videtur

183 3756 336 3855 sallum,
358 3769 451 3873 quia
469 3754 648 3869 quolibet
665 3752 776 3839 finito
801 3758 926 3864 potest
954 3757 1036 3837 dati
1060 3765 1190 3858 maius.
1277 3763 1380 3844 Dein
1406 3790 1498 3846 non.
1523 3791 1618 3849 con.

177 3883 280 3994 gtuit
308 3874 446 3957 divinae
474 3876 689 3983 Sapientis,
721 3896 765 3952 ut
791 3863 921 3980 alliget
948 3867 1105 3953 salutem
1132 3874 1252 3954 totius
1279 3870 1449 3958 Ecclestae
1478 3884 1543 3960 uni
1571 3906 1618 3961 o·

168 3993 342 4087 usioni,
370 4015 465 4102 que
491 3992 596 4096 juxta
637 3987 816 4069 metitum
851 4009 899 4068 ac
926 3985 1229 4096 condignitatem
1261 3982 1499 4184 intrinsecatp
1532 4016 1617 4075 non

897 4136 900 4142 ν
1487 4125 1621 4212 operat
