3796 4994
1627 58 1704 141 ..⁸-

221 218 330 391 17'6
524 256 728 370 'renem
746 275 793 377 o.
814 267 1067 405 rrrsoetoae
1080 266 1328 409 rebomog.

161 548 166 557 .
215 466 424 669 iffi}
444 466 569 585 prro
591 476 647 563 en
680 476 731 563 ao
761 480 906 567 eorem
932 476 1125 597 nmo,
1152 484 1224 596 qn
1249 485 1411 567 onom
1439 432 1675 572 conuun'

333 765 501 856 Addidit
531 777 647 860 ctiam
676 774 729 864 de
753 780 930 895 quodam
954 783 1139 894 Martyrt,
1164 786 1270 886 cujus
1288 771 1421 868 tiurlut
1443 801 1545 867 erato
1571 774 1674 868 San·

3 852 34 959 ²,
218 876 301 964 dus
330 881 539 998 Mourifits
567 890 778 1005 Episcopus.
861 899 968 982 Cum
989 897 1118 980 adhuc
1143 895 1276 978 Romae
1299 891 1484 992 edemus,
1507 894 1574 977 iric
1596 891 1672 977 fuit

219 988 432 1125 Episcopus
453 1005 493 1083 in
515 1005 707 1091 lavicana
726 1013 833 1093 annis
857 1009 1036 1106 duobus,
1063 1008 1212 1092 habens
1240 1005 1381 1119 &ipse
1402 1010 1597 1120 originem
1614 1006 1669 1091 dt

220 1131 346 1218 patria
369 1116 510 1214 nostra,
530 1112 632 1201 'filius
656 1124 854 1229 cujusdam
875 1125 1045 1209 Comitis
1068 1125 1284 1233 degenere
1306 1145 1538 1232 magnorum
1565 1122 1671 1231 prin·

67 1320 73 1331 .
224 1224 376 1331 cipum,
407 1256 568 1342 eratque
595 1231 807 1320 avunculus
845 1237 1008 1321 duarum
1048 1238 1236 1349 virginum
1263 1228 1405 1319 Babilae
1431 1239 1470 1316 dc
1497 1229 1673 1336 Iuliane,

224 1358 314 1465 cum
351 1342 493 1450 quibus
524 1342 693 1458 iepulrus
720 1353 899 1453 iuventus
932 1352 998 1433 est.
1079 1353 1166 1434 Fuit
1199 1371 1329 1433 autem
1355 1342 1582 1434 unuiffim
1614 1352 1673 1433 vir

224 1471 325 1580 vrtae,
351 1459 389 1533 δι
416 1463 595 1544 virtutem
627 1490 806 1577 magnam
836 1463 1007 1549 habebat
1041 1463 1263 1574 predicatio
1306 1468 1411 1565 ejus,
1440 1465 1672 1574 eratqueei

224 1589 433 1691 maxumum
465 1573 644 1677 studium,
668 1604 710 1662 ur
728 1582 956 1691 quicunque
978 1573 1144 1662 infidelis
1160 1575 1237 1660 five
1257 1576 1435 1681 Judaeus,
1453 1573 1531 1659 irre
1545 1579 1673 1687 genti·

225 1667 274 1761 las
303 1682 354 1763 ad
372 1709 459 1766 cum
479 1685 656 1791 vcniffet,
678 1719 761 1778 non
790 1688 1002 1777 discederet
1023 1693 1072 1775 ob
1095 1719 1161 1792 eo,
1180 1715 1395 1802 quousque
1419 1684 1512 1773 sacri
1531 1686 1674 1800 baptis·

228 1800 340 1878 maris
365 1823 469 1908 aqua
488 1828 577 1886 eum
604 1805 769 1903 invadet,
796 1812 836 1890 δι
852 1811 905 1891 ita
920 1807 1024 1892 redii
1047 1801 1192 1889 Officio
1214 1810 1295 1912 ejus
1311 1828 1459 1888 nornen
1481 1803 1672 1887 Lauicano

226 1913 484 2021 congruebat.
568 1922 643 2002 Hic
668 1916 794 2007 secum
812 1920 975 2005 adduxit
991 1921 1043 2004 ad
1060 1945 1134 2003 noa
1155 1921 1317 2002 Beatum
1340 1911 1553 2002 Claudiurn
1574 1918 1675 2029 Spo-

226 2011 411 2127 letanum,
438 2056 558 2142 quem
585 2033 664 2144 ipie
690 2036 732 2117 in
759 2036 980 2119 Diaconum
1013 2033 1274 2133 ordinaverat,
1295 2036 1333 2115 dt
1355 2035 1559 2116 Forcarum
1581 2029 1677 2115 udo·

228 2125 438 2222 lescenrcm
467 2140 620 2241 laicum,
646 2142 800 2231 fratrem
833 2156 933 2256 ejus,
960 2153 1031 2261 qui
1065 2147 1244 2231 nondum
1271 2145 1322 2229 ad
1347 2140 1527 2231 militiam¹
1551 2140 1677 2230 fuerat

226 2273 451 2381 promotos.
536 2261 590 2341 Hi
617 2259 701 2345 duo
727 2258 961 2346 adhaeserunt
987 2255 1185 2375 Episcopis
1211 2263 1377 2356 nostris,
1402 2263 1444 2341 dt
1473 2254 1678 2370 diligenter

235 2386 291 2446 ers
312 2368 636 2470 mimstraverunr,
670 2380 708 2457 &
725 2379 947 2489 martyrium
974 2402 1062 2459 curn
1085 2379 1139 2459 eis
1162 2370 1371 2458 subierunt.
1453 2377 1549 2461 Huc
1577 2372 1678 2458 dice·

233 2470 325 2579 bat,
356 2484 447 2594 quia
475 2490 516 2567 dc
542 2488 596 2573 de
622 2489 681 2574 his
708 2488 758 2574 ab
787 2517 835 2576 ea
869 2487 1017 2575 fueram
1053 2484 1229 2618 sciscitata
1261 2511 1422 2600 propter
1448 2480 1587 2616 titulos
1614 2513 1679 2572 to·

236 2615 458 2731 ‘⁰¹3¹’.qu95
479 2601 668 2734 videram..
715 2603 872 2710 Adiecit
889 2607 1005 2688 etiam
1019 2599 1118 2687 ultra
1138 2602 1299 2740 drcensxr
1328 2603 1470 2731 Condit
1487 2598 1676 2714 Episcopi,

237 2711 1680 2917 3333„quchqmcffigqffid3u30iffi

172 2953 180 2971 ·
237 2887 732 3149 ¹sggllqitnt,’confortantes
755 2973 830 3032 not
860 2946 997 3032 divino
1024 2939 1222 3043 sermone,
1249 2947 1289 3028 dc
1318 2944 1520 3028 Dominici
1553 2944 1681 3030 Sacra·

390 3081 682 3146 communione.

356 3214 562 3301 Habebam
604 3216 782 3332 quodam
805 3243 1004 3332 *tempore
1047 3213 1278 3302 desiderium
1329 3209 1603 3326 interrogandi
1635 3207 1683 3293 dt

177 3418 180 3423 ,
242 3332 402 3420 duobus
430 3328 649 3444 Episcopis,
713 3332 854 3416 uorum
891 3328 1024 3418 titulos
1058 3355 1307 3440 acceperam,
1341 3324 1459 3411 talem
1498 3326 1685 3410 habentes

240 3446 421 3531 formam.
504 3441 660 3532 Sardus
683 3361 878 3533 dardanus
906 3444 1077 3556 Lucenfis
1102 3442 1327 3556 Episcopus,
1367 3442 1419 3525 ab
1458 3434 1684 3554 Apostoiior

243 3560 348 3643 Sede
375 3555 514 3653 midos,
550 3558 629 3643 hoc
657 3557 752 3643 loco
780 3557 855 3644 fuit
879 3554 1038 3661 occisus,
1065 3562 1105 3640 dr
1136 3554 1243 3640 ferro
1270 3579 1508 3667 peremptus,
1536 3559 1578 3638 ἃ
1602 3576 1684 3638 cun

244 3673 322 3757 istis
346 3672 554 3781 virginibus
579 3672 677 3756 ests
721 3670 831 3758 ulmo.
892 3677 1000 3759 item.
1042 3670 1199 3761 Sardus
1222 3667 1429 3780 Simplicius
1459 3667 1684 3754 moerore

238 3785 292 3898 pis
317 3783 526 3897 Episcopus.
607 3789 656 3870 iit
723 3795 826 3871 dum
855 3788 922 3881 cst,
951 3814 1039 3870 cum
1068 3785 1240 3900 quadam
1286 3785 1352 3865 die
1377 3807 1585 3894 ageremus
1609 3803 1683 3864 me·

244 3903 407 3984 moriam
435 3904 478 3982 B.
507 3901 674 4013 Virginis
701 3903 883 3986 Domine
920 3902 1057 3984 nostrae
1082 3902 1230 3983 Sanciae
1253 3899 1397 3990 Mariae,
1426 3894 1600 3978 ostendit
1622 3894 1684 3975 coi

245 4013 289 4110 ni
318 4016 458 4105 facicm
486 4012 590 4113 suum
613 4013 825 4102 secundum
843 4010 995 4100 solitam
1021 4014 1314 4139 benignitatem.
1338 4032 1513 4122 cumque
1541 4027 1683 4205 qm

1533 4150 1562 4234 P

1532 4786 1539 4803 ·
1661 4594 1715 4936 i
