3796 4994
176 308 181 315 ’
219 296 318 411 ιἰο
481 230 501 243 Η
519 313 627 443 Reg
651 306 802 408 Perii.
824 339 881 408 ex
906 312 1113 448 syren.
1133 307 1189 407 de
1209 310 1357 436 Crpce.

215 537 302 596 mere
330 514 616 621 experientiam.
670 510 767 599 Aliis
799 513 948 597 vicibus
983 510 1133 627 inspirat
1167 511 1257 600 dias
1293 518 1545 631 cognitiones
1570 511 1663 606 forti

113 684 116 691 -
215 623 471 738 impressione,
496 630 535 708 dt
557 622 684 728 efficit,
713 655 754 713 ut
780 632 824 712 iis
846 627 1037 714 credatur.
1409 670 1413 675 ·

322 824 490 951 Regula
533 846 606 929 ιιι.
679 817 825 923 Tales
878 821 1087 925 visiones
1132 820 1518 943 intelleduales,
1562 825 1664 928 srve

216 958 310 1059 sint
349 957 379 1060 *a
415 955 581 1076 DEO,
617 960 720 1061 five
748 993 895 1078 non,
940 963 1039 1065 sine
1086 960 1188 1064 ulla
1227 958 1508 1071 adhaesione
1544 961 1659 1070 affe·

218 1092 326 1201 &vis
354 1120 454 1201 aut
495 1095 764 1205 intelleelris
807 1105 1165 1236 pretereundae
1199 1104 1326 1207 sunt.
1414 1131 1458 1213 1.
1486 1129 1586 1213 co
1611 1127 1663 1211 sie

217 1236 360 1320 habet:
397 1245 545 1323 Omnes
574 1241 764 1344 ejusmodi
792 1246 1035 1353 cognitiones
1044 1298 1063 1338 ,
1086 1241 1163 1327 save
1191 1241 1262 1327 fint
1280 1226 1313 1327 'i
1340 1247 1431 1326 Deo
1459 1239 1537 1325 five
1565 1267 1662 1340 non,

217 1344 333 1433 valde
368 1378 500 1461 parum
543 1350 700 1463 possunt
735 1360 868 1440 animae
904 1353 1088 1440 constrre
1112 1356 1163 1439 ad
1193 1359 1300 1453 hoc,
1329 1382 1371 1439 ut
1402 1348 1579 1438 ambulet
1612 1355 1662 1437 ad

218 1467 363 1559 Deum,
387 1462 415 1547 si
436 1461 561 1549 inillis
584 1466 775 1568 confidat,
797 1494 862 1551 aut
885 1496 948 1551 eas
969 1470 1134 1568 abiicere
1156 1464 1337 1581 negligat.
1404 1471 1511 1552 Nam
1531 1472 1577 1550 in
1595 1461 1662 1551 tali

58 1582 61 1587 '
219 1575 304 1660 casn
327 1575 547 1663 non-solum
569 1575 716 1664 nulium
742 1580 882 1667 referet
906 1577 1084 1682 lucrum,
1108 1579 1178 1664 sed
1214 1609 1328 1666 etiam
1358 1588 1526 1692 patietur
1550 1581 1662 1663 dam·

219 1718 332 1785 num,
361 1694 400 1772 dt
428 1688 578 1777 labetur
604 1698 645 1777 in
672 1690 819 1778 multoe
840 1723 975 1808 graves
1000 1722 1160 1780 errores.
1219 1701 1362 1779 Omnia
1388 1700 1493 1778 enim
1520 1695 1662 1777 hucus-

219 1829 301 1915 que
333 1831 553 1888 enumerata
583 1811 835 1892 incommoda
866 1815 905 1890 da
941 1806 1107 1919 pericula
1135 1814 1377 1918 reperiuntur
1400 1815 1518 1891 etiarn
1539 1814 1580 1890 in
1605 1807 1663 1889 hie

220 1919 522 2027 cognitionibus,
552 1927 589 2003 δι
616 1922 776 2033 quidem
798 1919 924 2034 longe
947 1927 1066 2034 magis
1086 1928 1124 2006 in
1149 1926 1235 2007 istis.
1295 1927 1398 2004 Hine
1414 1947 1557 2033 magna
1575 1945 1664 2004 cau·

218 2026 296 2113 tela
317 2037 355 2114 δι
377 2032 574 2144 diligentia
595 2037 819 2120 adhibenda
840 2043 905 2132 est,
934 2060 977 2118 ut
1005 2041 1245 2140 rejiciantur,
1272 2039 1313 2116 δι
1338 2063 1378 2117 ut
1399 2061 1584 2147 pergatur
1610 2033 1662 2117 ad

218 2145 349 2228 Deum
368 2140 447 2227 sola
465 2146 677 2232 directione
698 2177 742 2231 ac
763 2150 881 2233 dueiu
909 2148 1013 2233 fidei.
1070 2145 1305 2233 eonfefflrir-
1330 2149 1592 2258 provideant,
1618 2171 1663 2231 ιιι

219 2261 355 2341 anime
380 2263 421 2341 in
437 2264 481 2344 iis
503 2257 541 2344 se
567 2289 654 2346 non
681 2262 901 2362 detineant,
925 2259 991 2346 sed
1012 2256 1186 2347 celeriter
1208 2285 1444 2373 praetereant,
1468 2288 1520 2345 ιιι
1545 2263 1662 2346 inlite-

217 2397 327 2456 reant
351 2379 569 2477 memoriae,
600 2401 738 2490 utpote
759 2401 894 2490 parum
919 2379 1043 2461 immo
1076 2370 1293 2462 nussatenus
1319 2371 1431 2459 utiles
1452 2371 1512 2459 'ad
1546 2379 1663 2460 unio·

218 2511 309 2570 nem
336 2514 428 2570 cum
452 2491 562 2576 Deo.

323 2688 490 2814 Regula
536 2719 608 2815 ¹9·
681 2682 811 2789 Non
870 2681 1036 2789 soldm
1096 2679 1318 2790 absoluti
1386 2678 1658 2809 rejiciendae

215 2822 329 2923 sunt
365 2851 552 2928 omnes
585 2825 794 2928 visiones
833 2822 885 2929 dc
920 2824 1248 2931 revelationes
1283 2822 1658 2938 intelleeiuales‚

216 2992 331 3096 quae
366 2974 632 3069 continent
679 2992 978 3103 apparenter
1022 2976 1271 3072 contraria
1315 2965 1474 3071 verbo
1523 2959 1657 3080 DEI,

215 3099 296 3203 sed
331 3111 507 3221 etiam,
541 3138 655 3244 quae
690 3115 746 3211 in
778 3119 988 3213 materia
1017 3107 1128 3212 fidei
1171 3116 1437 3213 continent
1472 3103 1654 3243 aliquid

217 3250 347 3346 novi
447 3268 564 3349 nano·
588 3269 655 3364 eii,
683 3269 774 3378 qvia
803 3294 875 3350 nee
906 3267 958 3350 est
986 3265 1204 3364 necessitas,
1228 3294 1302 3350 nec
1332 3259 1471 3350 utilitas
1500 3269 1540 3347 in
1564 3273 1658 3371 ejur-

213 3383 325 3464 modi
349 3377 666 3475 revelationibus,
693 3387 734 3462 dc
766 3387 858 3492 quia
886 3382 1044 3463 credens
1074 3378 1112 3463 se
1139 3386 1299 3492 exponit
1328 3377 1532 3463 manifesto
1558 3381 1654 3490 peti·

214 3489 319 3590 culo,
341 3498 447 3576 inter
470 3491 812 3577 torrevelationes
837 3497 1049 3603 recipiendi
1081 3497 1195 3577 etiam
1228 3489 1357 3592 falsas,
1389 3520 1477 3576 cvm
1509 3493 1653 3577 conllet

214 3608 442 3690 doemonem
467 3600 563 3687 sein
587 3609 644 3687 his
668 3605 891 3719 frequenter
908 3634 952 3690 ac
974 3601 1201 3691 subtilissime
1213 3604 1437 3701 immiscere,
1450 3611 1504 3690 ita
1518 3631 1562 3689 ut
1578 3599 1655 3715 ple-

211 3749 379 3833 rumque
410 3713 558 3801 nullum
587 3720 701 3802 detur
731 3747 877 3803 certum
908 3725 1115 3816 criterium,
1143 3721 1381 3806 discernendi
1409 3748 1520 3803 veras
1548 3714 1655 3804 alfal-
1691 3816 1694 3827 Ι

210 3834 279 3929 sis,
305 3830 505 3945 prasertim
530 3827 683 3914 alienas.
749 3839 917 3945 Proprie
945 3840 1047 3916 enim
1077 3835 1322 3947 quandoque
1347 3862 1418 3943 per
1447 3836 1655 3919 indicia&

213 3945 393 4045 effecius,
435 3942 853 4059 experimentalemque
901 3952 1075 4029 notitiam
1100 3945 1281 4032 discerni
1316 3943 1482 4056 possunt.
1544 3952 1657 4031 Hunc

146 4089 149 4092 ·
213 4060 288 4148 effe
310 4056 510 4148 discursum
534 4058 738 4164 Joannisi
761 4065 800 4145 S.
818 4065 950 4146 Cruce
973 4090 1020 4145 ex
1036 4057 1286 4174 sequentibus
1310 4057 1493 4177 ‘parebir‘r¹
1509 4063 1551 4147 L
1568 4061 1660 4145 CC.

1517 4177 1567 4262 C.
1593 4203 1659 4273 ²7·
