3796 4994
529 318 532 323 ¹
604 298 807 435 Revela.
834 332 888 431 de
906 330 1097 471 Agreda.
1119 338 1233 471 Pars
1254 342 1335 459 11,
1583 369 1707 477 349,
1837 410 1841 422 ,

229 540 332 648 jado
352 562 483 622 mcum
501 531 648 629 filiumr
676 564 767 646 nam
782 547 863 647 eius
881 530 1054 654 aspectus
1069 541 1122 626 est
1136 537 1413 654 pulcherrimus
1431 538 1533 627 inter
1545 568 1684 635 omnes

231 649 332 739 filios
357 655 571 738 hominum.
627 659 744 739 Hunc
772 683 857 743 ama
880 683 927 739 ex
947 681 1038 741 toto
1062 657 1197 741 corde.
1368 668 1371 673 ’

348 813 445 885 775.
488 789 633 869 Precor
653 787 800 886 Deum,
822 766 979 870 ut‘loco
1006 789 1084 870 mei
1103 785 1307 871 constituat
1327 780 1509 900 angelum
1533 788 1584 872 ad
1600 788 1688 875 scri·
1804 779 1811 785 ’

229 896 431 986 benduma
462 922 529 983 aut
548 923 592 984 ut
607 895 768 1012 ipsemet
792 928 861 1014 per
884 928 948 985 me
967 896 1152 1014 loquatur
1175 925 1452 1015 tanquam-per
1472 929 1611 1014 purum
1628 911 1687 1015 in·

229 1017 496 1213 ibirumentum,
515 1040 567 1100 uc
588 1041 674 1101 mea
692 1014 936 1128 imperseoiio
964 1020 1007 1102 in
1038 1018 1119 1100 boc
1141 1041 1265 1130 opere
1293 1011 1409 1102 ullam
1433 1041 1582 1132 partem
1615 1021 1684 1106 ha·
1795 1120 1800 1125 ,

261 1151 334 1214 eat.
487 1183 489 1187 -
941 1152 946 1160 ·

268 1290 272 1297 ·
340 1254 444 1441 ἔ7ξ.
486 1247 528 1329 Β
552 1240 889 1357 Virgini-suerunt
915 1239 1064 1356 collata
1098 1269 1238 1333 omnes
1267 1250 1419 1359 gratiae,
1436 1274 1523 1363 quae
1544 1273 1685 1364 potue·

228 1380 317 1444 runt
369 1382 435 1442 arr.

346 1517 443 1589 777.
469 1493 513 1573 Β.
532 1490 655 1602 Virgo
673 1489 726 1571 esi
743 1487 1039 1578 instrumentum
1066 1495 1107 1575 dc
1127 1489 1237 1578 caub
1261 1489 1408 1608 gloriar,
1424 1512 1543 1610 quam
1570 1495 1684 1611 quisi·

229 1602 299 1688 bet
318 1607 547 1689 Sandorum
580 1609 622 1686 in
647 1598 782 1715 aliquo
812 1605 935 1718 gradu
968 1631 1088 1692 tenet.
1115 1657 1133 1673 ·
1192 1613 1246 1693 Ut
1272 1611 1446 1695 Christus
1467 1618 1511 1695 Β.
1531 1611 1682 1725 Virgini

224 1717 396 1803 sormam
414 1712 618 1831 completae
641 1712 842 1803 sancutaris
858 1724 1109 1836 imprimeret,
1127 1748 1210 1807 non
1227 1717 1422 1809 laboravit
1445 1722 1594 1811 tantum
1615 1730 1682 1813 tri·
1704 1716 1711 1726 ’

229 1834 317 1934 bus,
343 1829 409 1917 sed
435 1838 589 1946 triginta
611 1836 728 1915 annis.

191 2046 194 2051 .
344 1992 440 2065 779.
478 1970 525 2049 Β.
555 1969 604 2051 V.
640 1966 761 2076 prima
788 1957 885 2077 legit
908 1962 1049 2051 librum
1072 1963 1259 2080 signatum
1290 1961 1418 2081 sigillis
1441 1966 1611 2082 septemr
1639 1976 1680 2057 dr
1829 1940 1832 1945 ⁸

228 2089 448 2165 contractus
471 2085 571 2163 inter
593 2083 744 2164 Patrem
771 2083 809 2162 dt
842 2077 977 2167 Frsium
998 2083 1056 2168 ‘de
1079 2081 1313 2169 redimendo
1339 2085 1513 2170 humano
1535 2114 1681 2201 genere
1795 2142 1801 2156 ι

212 2199 269 2282 in
286 2203 324 2281 Β.
346 2196 505 2307 Virgine
526 2192 602 2279 fuit
621 2192 836 2308 depositus.

224 2386 232 2398 =
345 2332 444 2432 73οᾲ
488 2333 599 2416 Deus
629 2334 680 2415 ad
707 2339 752 2416 Β.
778 2339 833 2420 V.·
858 2332 981 2419 dixit:
1010 2329 1220 2434 Volumus,
1241 2358 1285 2420 ut
1314 2362 1424 2421 meus
1447 2342 1682 2454 Unigenitue
1746 2387 1750 2392 ·

215 2443 437 2533 ,secundum
464 2448 740 2531 humanitatem
767 2451 935 2559 reperiat
959 2453 1000 2532 in
1029 2443 1158 2561 aliqua
1194 2477 1289 2560 pura
1316 2477 1488 2537 creatura
1515 2453 1681 2568 effigiem
1720 2504 1730 2513 -
1858 2496 1866 2503 ·

225 2559 295 2666 sui,
325 2567 365 2645 δι
393 2558 608 2675 possibilem
638 2578 785 2675 quanta
809 2557 986 2648 absolute
1010 2562 1094 2646 dari
1122 2565 1262 2673 potest,
1291 2559 1591 2654 similitudinem,

347 2709 446 2790 781.
472 2691 663 2798 Quamvis
687 2680 824 2773 omnia'
842 2687 1031 2774 beneficia
1054 2691 1134 2775 Dei
1154 2696 1194 2773 in
1210 2694 1254 2774 Β.
1272 2696 1321 2774 V.
1343 2687 1487 2773 suerint
1501 2693 1680 2790 maxima,

228 2832 275 2892 ac
298 2800 471 2912 summa,
494 2804 545 2890 src
572 2828 616 2890 ut
633 2800 793 2889 cuilibet
816 2831 952 2890 eorum
973 2799 1135 2890 adscribi
1157 2807 1354 2916 potueritt
1394 2802 1492 2906 Nou
1514 2801 1600 2918 pus
1621 2803 1682 2892 us·

227 2931 307 3012 ira.
365 2914 588 3034 specialiter
616 2944 747 3004 tamen
775 2918 817 3003 id
844 2914 977 3006 locum
1006 2920 1123 3004 habet
1143 2922 1182 3003 iu
1209 2921 1504 3033 participatione
1532 2921 1681 3006 diviua·
1744 2937 1750 2944 ’

229 3064 313 3125 rum
352 3032 669 3150 perfectionum,
706 3060 750 3119 ut
783 3039 1120 3120 communicentur
1157 3032 1234 3118 fine
1261 3030 1468 3134 limitibus,
1501 3034 1569 3118 ubi
1596 3062 1679 3120 non

194 3202 197 3207 ·
230 3153 336 3238 deest
359 3153 546 3262 capacitas
559 3155 598 3233 in
615 3173 794 3234 creatura.
853 3152 959 3234 Cum
980 3177 1075 3260 ergo
1093 3153 1280 3260 capacitas
1295 3153 1334 3232 in
1346 3154 1391 3231 B.
1404 3155 1451 3236 V.
1468 3146 1584 3232 fuerit
1597 3176 1681 3233 ma·
1736 3201 1745 3211 ·

229 3295 319 3382 gna,
345 3292 472 3376 eaque
494 3269 656 3350 creverit
681 3272 769 3349 ciam
795 3260 882 3375 ipsas
909 3261 1109 3350 beneficiis
1136 3262 1299 3353 divinisr
1329 3266 1367 3346 ἃ
1395 3261 1682 3376 omnipotentia

228 3385 308 3466 Dei
336 3376 484 3464 nulium
507 3384 691 3490 repererit
713 3380 890 3477 obicem,
910 3383 1031 3492 coepit
1047 3406 1186 3464 omnes
1208 3375 1298 3465 suos
1319 3376 1515 3465 thesauros
1538 3380 1578 3471 iu
1597 3380 1680 3466 hoc

230 3495 461 3582 thesaurario
483 3501 526 3579 B.
549 3500 597 3581 V.
619 3493 832 3606 deponere.

345 3629 443 3718 782.
481 3609 720 3695 Christuade
740 3636 848 3693 novo
872 3604 1086 3695 manifestat
1117 3611 1161 3693 B.
1185 3610 1357 3720 Virgini,
1391 3607 1504 3719 quod
1529 3610 1567 3693 in
1591 3634 1683 3696 exe-

229 3728 388 3809 cutione
409 3750 607 3810 tantorum
631 3726 911 3835 mysteriorum,
933 3750 1078 3834 nempe
1096 3728 1135 3806 in
1154 3724 1428 3834 redemptione
1443 3728 1592 3835 generis
1608 3726 1682 3810 hu·

221 3846 332 3925 mani
355 3846 391 3921 δι
410 3846 451 3924 in
471 3845 670 3926 erectione
682 3834 855 3923 Ecclesia
875 3837 977 3923 socia
998 3844 1036 3921 δι
1058 3837 1273 3946 coadjutrix
1287 3839 1355 3925 sibi
1376 3832 1451 3919 esse
1468 3837 1623 3924 debean

349 3988 444 4070 786.
489 3968 629 4070 Causa,
651 3998 718 4056 cur
742 3971 850 4053 Deus
876 3965 1004 4079 posuit
1032 3965 1216 4052 summam
1248 3965 1560 4052 conformitatem
1582 3974 1682 4054 inter

229 4110 404 4173 naturam
438 4089 645 4173 humanam
670 4085 812 4177 Christi
836 4089 875 4168 δι
902 4091 948 4172 Β.
972 4087 1160 4287 νὲςίηἰι,
1189 4108 1295 4184 erat,
1322 4085 1428 4170 utin
1451 4086 1493 4166 B.
1516 4086 1677 4194 Virgine

255 4221 260 4230 ·
1052 4229 1077 4284 x
1108 4229 1127 4309 3
1318 4240 1324 4251 =
1561 4221 1683 4311 agno·
