3796 4994
586 225 754 358 Regula
779 251 836 322 ex
862 225 907 319 S.
939 196 1291 352 Thoma'dquin.
1554 179 1652 354 aas
1798 352 1800 356 μ

525 662 530 669 .
639 422 708 636 'c
741 438 800 635 A
839 502 908 635 r.
995 498 1212 631 XVn.

353 789 613 966 Regula
658 794 692 921 ai
734 787 791 921 S.
852 784 1105 916 Thomu
1172 716 1493 994 Aquinate

774 995 900 1102 Ord.
938 995 1091 1102 Praed.

369 1335 524 1465 figula.
611 1320 970 1428 Revelationes
1021 1352 1150 1426 vera
1198 1339 1257 1423 ut
1298 1320 1649 1460 dignoscantur
1788 1260 1794 1271 .

211 1329 367 1693 R
404 1468 432 1573 a
472 1465 624 1584 falsis,
678 1461 938 1568 necessaria
982 1464 1051 1567 est
1088 1463 1308 1565 discretio
1368 1466 1648 1597 spirituum,

402 1632 493 1716 aut
521 1602 872 1744 exspectandus
905 1602 1041 1723 finis,
1073 1632 1229 1740 quem
1266 1602 1503 1710 ultimato
1534 1639 1647 1736 cau7

222 1752 352 1869 lant,
399 1773 576 1854 utrum
632 1746 803 1851 bonus
857 1746 935 1850 vel
986 1743 1151 1850 malus
1195 1744 1267 1847 fit.
1336 1773 1378 1851 in
1410 1799 1445 1853 ι.
1473 1772 1524 1853 ad
1550 1772 1646 1858 cor.

227 1889 266 1973 (ἰ
291 1919 352 1973 rr.
376 1892 482 1974 Led.
507 1920 542 1991 3·
561 1887 612 1973 ad
637 1881 702 1969 illa
729 1885 866 1970 verba:
909 1882 989 1997 Ipse
1014 1887 1110 1971 enim
1146 1880 1309 1970 Satanas
1334 1882 1581 1998 transfigurat
1602 1885 1646 1997 se

231 1999 1106 2200 l“lissinisillial‘llll'r
1120 1997 1416 2194 qlsslitffllt‘,
1433 1994 1646 2198 ῗῖἓέῗΜὲ

235 2140 446 2313 lolagsoso
476 2222 618 2311 multos
644 2168 811 2337 declepit.
863 2171 944 2309 sed
973 2225 1025 2307 ad
1051 2166 1131 2307 hoc,
1161 2219 1264 2307 valet
1300 2138 1568 2308 leneceffaril
1592 2230 1645 2312 est
1749 2268 1757 2282 ·

236 2336 396 2426 Discretio
428 2338 646 2453 spirituum,
677 2366 793 2452 quam
827 2332 1038 2450 specialiter
1070 2341 1180 2420 Deus
1212 2331 1373 2420 contulit
1392 2339 1431 2421 S.
1453 2338 1642 2423 Antonio.

237 2449 351 2539 lnhoc
375 2481 505 2539 tamen
523 2456 649 2564 potest
671 2448 864 2563 cognosci,
888 2449 1001 2564 quod
1022 2453 1205 2536 Sathanas
1232 2450 1288 2545 srr,
1319 2455 1410 2562 quia
1433 2450 1561 2533 bonus
1580 2482 1645 2536 an·
1773 2456 1776 2461 ’

235 2564 320 2670 gelus
332 2574 371 2653 in
390 2570 583 2679 principio
598 2568 773 2650 hortatur
787 2565 840 2649 ad
860 2564 980 2663 bona,
1002 2560 1270 2675 &perseverat
1289 2567 1328 2647 in
1347 2569 1411 2646 eis.
1468 2565 1546 2646 Sed
1564 2594 1645 2651 ma-

232 2668 278 2762 lus
302 2687 338 2765 in
368 2686 560 2793 principio
587 2679 747 2792 quidem
770 2676 972 2788 praetendit
1003 2672 1208 2775 bona,.sed
1231 2676 1482 2789 postmodum
1506 2675 1644 2766 volens

230 2792 363 2901 explere
398 2786 766 2877 defideriumiiuum
795 2791 944 2874 inducit
973 2795 1013 2873 δε
1039 2790 1189 2903 instigat
1213 2790 1263 2873 ad
1292 2786 1401 2873 mala.
1477 2795 1525 2875 Et
1551 2795 1646 2878 ideo

227 2901 324 2997 Josue
363 2935 451 2990 cum
496 2907 646 2989 videret
685 2901 862 3016 angelum
902 2908 942 2987 in
976 2929 1116 3014 campo
1142 2899 1233 2998 suo,
1277 2903 1395 2986 dixit:
1453 2901 1646 3014 taolieres

225 3040 270 3103 an
299 3012 634 3134 adverfirriorum?
671 3013 792 3102 Aliud
817 3021 929 3102 etiam
960 3014 1106 3128 fignum
1137 3018 1201 3116 est,
1226 3016 1339 3129 quod
1368 3018 1497 3101 bonus
1528 3046 1647 3133 ange·

225 3117 289 3231 lus,
313 3133 377 3217 etfi
403 3157 544 3218 terreat
574 3136 615 3214 in
646 3135 858 3244 principie,
893 3156 1022 3215 tamen
1050 3131 1170 3215 statim
1206 3125 1446 3229 consolatur,
1475 3135 1513 3214 dr
1554 3161 1647 3217 con·

227 3236 351 3342 sonat,
387 3245 482 3328 sicut
520 3247 739 3329 Zachariam
773 3248 867 3328 Luc.
905 3271 941 3330 1.
984 3242 1052 3329 Ne
1083 3247 1214 3330 slmeas
1236 3239 1451 3329 Zacharia.
1522 3249 1571 3330 Et
1598 3248 1647 3332 ad

228 3352 265 3439 B.
287 3363 479 3471 Virginem
513 3358 635 3440 dixit:
681 3355 748 3445 Ne
769 3360 901 3444 timeas
928 3356 1085 3443 Maria.
1119 3382 1122 3387 ·
1156 3352 1295 3441 malus
1325 3383 1453 3441 autem
1486 3359 1647 3474 angelus

232 3467 423 3579 stupefacit,
457 3477 497 3553 δι
532 3467 747 3554 desolatum
785 3470 968 3562 dimittitr
1010 3476 1051 3553 δε
1075 3470 1152 3552 hoc
1175 3469 1298 3567 ideo,
1327 3495 1370 3553 ut
1398 3472 1648 3585 stupefactum

236 3576 359 3667 facilius
384 3587 565 3693 decipiat,
593 3590 633 3666 δι
656 3581 879 3696 persuadeat
902 3583 984 3667 fibi.
1039 3580 1268 3696 Aliquando
1300 3608 1426 3668 autem
1457 3582 1496 3668 sc
1527 3615 1649 3672 trans·
1831 3652 1838 3667 .

239 3688 352 3804 figurat
387 3692 639 3793 invisibiliter,
673 3703 709 3779 δι
743 3699 834 3796 hoc,
865 3697 1027 3809 quando
1060 3724 1126 3791 ca,
1165 3725 1251 3808 quae
1278 3701 1319 3779 in
1348 3693 1387 3781 se
1419 3703 1517 3783 mala
1553 3700 1650 3800 sunt,

245 3801 505 3922 licitapparere
530 3809 659 3906 bona,
686 3811 946 3921 pervertendo
976 3808 1100 3894 sensus
1131 3811 1320 3905 hominia,
1350 3817 1388 3892 &
1413 3816 1651 3896 inflamman-

248 3914 669 4033 inconcupiscentiam.
752 3925 815 4006 Sic
861 3924 1016 4038 decepit
1053 3925 1294 4009 Monachum
1328 3923 1548 4035 quendam,
1582 3930 1652 4035 qui

332 4031 929 4143 D.13‚A.de1teve1ar.1²ars1.
1184 4040 1259 4148 §g
1565 4063 1653 4120 cum
