3772 4988
566 311 1057 446 registetensem.
1086 308 1139 410 de
1166 303 1347 442 Haffie,
1577 345 1674 452 159
1818 298 1822 303 ⁵

210 547 352 609 eorum
393 544 464 634 pet
497 515 719 602 diuturnam
747 514 1031 629 cogitationem
1053 542 1120 603 aut
1141 515 1355 606 «sollicitam
1385 519 1677 636 indagationem

211 637 374 739 alicujus
396 639 589 734 oriuntur,
618 638 657 716 dc
690 657 899 716 occurrunt
926 626 1046 717 multa
1078 631 1266 719 mirabilia
1291 636 1588 749 imperceptibili
1611 666 1677 724 ve·

213 750 377 837 locitate
397 775 585 863 tanquam
613 742 823 862 abaliquo
851 742 981 857 spiritu
1007 753 1060 831 eis
1087 755 1363 849 immittantur,
1394 778 1435 838 ut
1458 750 1543 837 sunt
1568 781 1677 864 pata-

215 865 331 963 boia,
359 868 546 961 historiar,
566 858 634 948 vel
656 856 778 976 passus
803 864 984 972 Sripturae
1012 867 1155 962 Sacrae,
1180 870 1218 948 in
1244 893 1322 978 qua
1350 869 1543 979 phantafia
1565 866 1677 952 labo·

215 1011 284 1069 rat.
344 985 445 1066 Item
480 980 710 1064 hominibus
750 975 950 1090 speciebus
986 972 1142 1090 plenam
1173 981 1406 1067 habentibus
1442 984 1677 1097 phantasiam

216 1092 341 1184 multa
363 1118 574 1180 occurrunt
596 1121 644 1176 eii
663 1088 880 1204 improviso
902 1118 973 1203 pei
994 1096 1175 1178 accidens
1197 1101 1236 1179 δι
1263 1091 1468 1182 casualiter.
1526 1095 1678 1186 Volen·
1747 1130 1751 1147 ¹

216 1214 322 1300 tibus
352 1214 455 1296 enim
485 1208 686 1293 intendere
715 1213 753 1291 de
785 1211 957 1318 cogitare
985 1208 1107 1295 dere
1136 1205 1279 1324 aliqua,
1307 1239 1468 1325 propter
1496 1214 1679 1303 ordinem

218 1333 258 1412 δι
289 1329 580 1411 connexionem
610 1319 941 1435 phantasmatum,
985 1350 1195 1431 occurrunt
1248 1322 1379 1440 aliqua
1419 1327 1514 1441 saepe
1552 1355 1679 1414 extra·
1846 1379 1849 1382 ·

217 1470 291 1527 nea
318 1432 617 1552 imperceptibili
647 1434 875 1533 velocitate,
915 1438 1020 1551 quasi
1057 1434 1214 1524 aliunde
1243 1442 1472 1528 inducantur
1502 1450 1681 1555 cogitati·
1809 1529 1812 1532 ,

216 1587 273 1643 vae
295 1557 442 1640 nostrae.
472 1582 509 1639 v.
533 1583 568 1667 g.
597 1551 621 1638 a
643 1547 751 1647 simili
775 1547 924 1636 volenti
944 1557 1001 1636 ire
1027 1558 1196 1639 Romam
1231 1562 1399 1641 occurrit
1432 1562 1680 1675 quandoque

218 1666 418 1760 casualiter
442 1665 582 1784 aliquis
608 1670 737 1752 homo
764 1663 827 1751 vel
851 1662 977 1764 aliud,
1010 1668 1062 1752 de
1089 1674 1195 1777 cujus
1221 1667 1381 1755 occursu
1406 1680 1586 1773 miratur,
1614 1670 1679 1761 vel

216 1785 370 1901 aliquid
391 1789 427 1869 ei
441 1784 596 1881 accidit,
615 1785 668 1866 de
688 1810 773 1897 quo
792 1812 875 1867 uon
902 1780 1131 1869 credidisset.
1186 1789 1249 1869 Sic
1272 1783 1340 1870 suo
1364 1788 1491 1873 modo
1518 1787 1678 1901 possunt
1759 1846 1762 1851 <
1823 1858 1830 1866 .

217 1902 399 1988 accidere
420 1895 585 1984 casuales
601 1894 779 1982 occursus
803 1895 1007 2011 phantasia
1026 1899 1196 1985 bominis
1216 1895 1380 2008 solliciti,
1403 1908 1441 1986 δι
1468 1908 1567 1991 circa
1593 1932 1682 1992 cet.-

216 2044 297 2106 tam
327 2022 526 2101 materiam
551 2017 701 2099 intenti.
756 2020 804 2100 V.
833 2016 883 2100 C.
907 2028 956 2101 a.¹

223 2207 230 2215 ·
327 2171 498 2304 Regula
538 2200 582 2292 ³·
655 2161 783 2268 Non
820 2163 890 2267 est
938 2157 1080 2268 facile
1133 2161 1444 2272 credendum
1491 2132 1677 2276 revela·
1719 2168 1727 2181 ²
1804 2145 1849 2242 ='

219 2318 356 2420 tioni
398 2307 479 2416 vel
511 2311 849 2445 inspirationi,
895 2307 1087 2412 etiamsi
1127 2330 1362 2415 occurrat
1396 2342 1457 2415 ex
1486 2322 1678 2451 impro-

220 2462 346 2574 viso,
367 2450 576 2594 quando
612 2446 782 2554 homo
820 2483 909 2586 per
947 2449 1450 2589 contemplationem
1487 2458 1557 2560 est
1591 2465 1680 2565 cit·

219 2631 281 2705 ca
317 2597 471 2705 aliam
522 2603 794 2701 materiam
830 2603 1070 2698 intentus.
1142 2623 1255 2707 Paret
1280 2651 1328 2707 eir
1354 2622 1464 2708 dietis
1487 2631 1538 2712 v.
1563 2626 1614 2711 C.
1638 2655 1677 2714 2.
1844 2699 1850 2704 .

218 2742 290 2842 ubi
319 2742 462 2824 author
488 2737 618 2823 addit:
661 2743 796 2846 Quare
821 2738 890 2848 qui
918 2729 1059 2818 talibus
1089 2729 1226 2829 leviter
1253 2739 1388 2842 credit,
1418 2742 1572 2826 videtur
1600 2737 1676 2828 else

216 2854 328 2969 quasi
345 2856 446 2939 vane
463 2853 625 2966 cupidus
642 2845 981 2963 supernaturalium
1001 2844 1285 2938 revelationum
1304 2860 1342 2939 dc
1365 2852 1677 2944 miraculosatum
1833 2896 1840 2907 ·

217 2966 382 3057 circase
415 2993 650 3054 motionum.

326 3087 497 3240 Regula
532 3140 580 3233 4.
653 3100 777 3220 Non
829 3097 898 3203 est
949 3096 1293 3220 credendum,
1342 3102 1674 3218 revelationes

218 3245 317 3361 vel,
352 3248 697 3384 inspirationes
750 3239 843 3355 esse
889 3242 1117 3360 divinas,
1162 3247 1352 3352 etiamsi
1400 3275 1674 3360 occurrant

218 3391 336 3531 post
375 3384 982 3525 devotionem-quando
1021 3386 1276 3492 versantur
1319 3397 1447 3497 eirca
1479 3390 1676 3521 objecta
1839 3396 1842 3401 ’

220 3563 451 3671 quotum
493 3539 722 3671 cognitio
767 3529 904 3672 aliter
955 3525 1127 3633 haberi
1174 3533 1374 3666 potest,
1419 3533 1579 3672 quam
1613 3569 1679 3645 ex

222 3675 594 3792 Revelatione,
640 3696 730 3780 aut
772 3703 886 3810 quae
929 3674 1146 3775 nonest
1198 3671 1472 3785 necessaria.
1546 3706 1597 3792 c.
1629 3738 1674 3811 4.

225 3817 271 3902 fic
292 3818 431 3902 habet:
468 3811 601 3928 Aliqui
631 3812 931 3909 considerantes,
962 3812 1175 3926 quomodo
1199 3813 1437 3916 abstineant,
1471 3817 1674 3922 abstracte,

226 3934 448 4048 devoteque
474 3955 554 4043 ptae
582 3923 663 4014 aliis
692 3934 846 4026 vivant,
876 3922 1094 4040 efficiuntur
1121 3926 1225 4013 dura
1253 3936 1436 4031 cervicis,
1467 3938 1508 4016 dc
1533 3940 1677 4022 immo·
1733 3931 1739 3944 '

226 4043 318 4132 biles
336 4051 376 4134 in
400 4043 662 4155 conceptibus
690 4041 789 4142 suis,
819 4047 859 4125 dc
883 4042 1071 4140 credam,
1096 4042 1391 4159 quodpropter
1423 4050 1541 4132 vitam
1570 4045 1677 4134 suam

230 4164 471 4252 homnibus
498 4161 583 4248 Del
606 4156 900 4276 inspirationem·
925 4156 1119 4265 habeant,
1141 4166 1216 4245 uec
1242 4162 1512 4273 permittantur
1539 4187 1678 4250 errare.
1729 4235 1739 4258 ,

1571 4270 1679 4397 ⁴iiiii
