3796 4994
547 275 655 424 Reg}
680 275 831 387 Praei.
855 313 912 385 ex
934 288 978 384 S.
991 274 1136 426 Joanss
1152 282 1206 387 de
1230 278 1374 429 Caute.
1586 317 1682 392 211

221 493 286 602 lia,
329 496 419 585 ho}
457 498 536 607 jam
565 498 621 584 est
656 494 791 611 egredi
825 490 1063 610 prescriptos
1102 489 1256 582 limites.
1331 498 1470 612 Itaque
1497 495 1564 582 bic
1597 523 1690 582 rno-

220 615 287 700 dus
313 612 593 729 interrogandi
619 618 750 698 Deum
769 637 851 697 non
877 614 934 700 est
958 612 1103 712 bonus,
1129 639 1204 697 nec
1232 607 1404 711 sandius,
1431 640 1505 698 nec
1522 612 1685 712 decens,

218 755 288 815 nec
312 735 433 818 Deus
455 734 496 815 in
520 726 592 814 illo
621 726 854 841 complacet.
914 731 1054 819 Dices3
1081 726 1110 812 sr
1139 731 1232 815 Deo
1257 730 1322 814 hic
1343 730 1489 813 modus
1518 734 1685 813 interro·
1746 767 1752 793 ι

218 847 336 959 gandi
362 874 447 930 non
475 841 625 959 placet,
661 871 728 930 cur
761 871 858 958 ergo
880 839 1099 956 aliquando
1141 840 1386 958 respondet?
1425 839 1682 957 Responde03

216 964 416 1048 interdum
451 956 689 1075 respondete
719 959 977 1046 doemonem3
1017 958 1165 1043 srverd
1197 960 1445 1074 quandoque
1472 957 1684 1072 iespondet

201 1076 344 1173 Deus,
374 1078 419 1161 id
443 1073 535 1160 facit
562 1074 676 1179 causi¹
694 1071 925 1160 consolandi
946 1076 1131 1174 animam,
1164 1102 1215 1158 ne
1236 1070 1545 1188 pusrllanimitate
1564 1075 1681 1158 duda

217 1187 450 1302 prolabatur
471 1196 510 1275 in
534 1191 723 1279 deteriuss
752 1213 819 1275 aut
837 1214 888 1274 ne
910 1189 1069 1286 credat,
1107 1185 1147 1274 se
1176 1182 1232 1274 illi
1254 1186 1330 1273 elle
1360 1196 1522 1292 iratum,
1546 1215 1615 1274 aut
1637 1187 1681 1273 id
1778 1252 1781 1257 -

216 1303 305 1392 facit
325 1335 380 1391 ex
403 1301 484 1390 alio
504 1305 596 1403 fine,
618 1304 767 1419 semper
790 1328 922 1390 tamen
942 1302 1108 1390 fundato
1125 1311 1167 1389 in
1187 1302 1408 1415 insumitate
1425 1311 1471 1390 -δι
1496 1301 1681 1417 imperfe-
1818 1400 1821 1405 ,

218 1426 348 1507 dione
387 1416 491 1506 illius
518 1424 678 1526 animat,
713 1425 919 1527 conjunda
945 1416 1185 1534 simplicitati.
1240 1417 1353 1506 Solet
1379 1426 1490 1507 Deus
1518 1445 1678 1506 eatenus

217 1533 454 1636 schabest,
476 1560 519 1622 ut
541 1537 674 1626 bonus
701 1533 988 1636 Paterfamilias,
1015 1541 1086 1649 qui
1114 1532 1267 1633 filiolo,
1288 1541 1349 1622 cui
1379 1538 1542 1623 destinat
1565 1536 1676 1620 cibos

219 1656 406 1766 optimos,
427 1651 659 1738 defideranti
678 1676 808 1736 tamen
833 1651 963 1736 cibum
985 1657 1113 1736 minus
1131 1656 1433 1737 convenientem
1464 1655 1570 1737 bunc
1591 1676 1676 1735 tan·

220 1767 306 1853 dem
327 1768 530 1870 concedit,
557 1793 608 1854 ue
628 1763 850 1881 relinquere
869 1794 962 1851 eum
985 1791 1148 1881 cogatur
1172 1764 1324 1881 prorsus
1340 1763 1575 1852 famelicum.
1611 1770 1677 1851 Sic
1757 1826 1763 1841 .

222 1878 446 1969 &Israelitis
470 1885 615 1969 invitus
634 1880 815 1969 concelsrt
834 1909 979 1996 regern.
1009 1911 1045 1968 1.
1068 1887 1163 1998 lieg.
1183 1901 1220 1976 8.
1247 1881 1373 1987 Audi,
1392 1887 1520 1998 inquit
1541 1881 1591 1967 ad
1608 1884 1677 1967 Sa·

225 1995 401 2100 muelem,
421 2026 555 2086 vocem
571 1995 726 2111 populi3
754 2002 949 2086 nonenim
972 2007 1010 2085 le
1028 1996 1262 2113 abjecerunt,
1276 1996 1344 2112 sd
1363 2026 1431 2098 me,
1457 2026 1503 2086 ne
1526 2023 1674 2117 regnem

220 2109 322 2225 snper
349 2139 428 2200 eos.
486 2116 543 2198 Ita
562 2116 672 2199 Deus
697 2115 945 2229 quandoque
976 2114 1178 2200 animabus
1211 2117 1423 2217 concedit,
1447 2115 1562 2229 quod
1590 2141 1673 2198 non

229 2230 274 2312 tii
291 2228 380 2343 ipsas
408 2234 627 2341 optimum,
657 2234 752 2344 quia
778 2223 921 2316 nolunt
953 2254 1022 2316 aut
1052 2225 1224 2315 nesciunt
1247 2227 1358 2327 aliam
1383 2237 1483 2317 viam
1507 2229 1674 2344 ingredi.

229 2343 372 2431 Censeo
395 2368 543 2442 tamen,
567 2341 688 2457 longe
713 2350 821 2458 pejus
852 2340 952 2445 else,
979 2345 1006 2431 sr
1031 2350 1118 2461 quis
1148 2344 1339 2431 defideret
1364 2351 1543 2432 notitiam
1576 2368 1674 2460 qua-

231 2462 380 2546 rundam
399 2486 530 2544 rerum
559 2463 619 2543 via
644 2457 930 2574 supernaturali,
954 2459 1074 2577 quim
1103 2461 1345 2547 srdesrderet
1381 2453 1671 2548 consolationes

233 2571 475 2661 &suavitates
494 2571 715 2689 spirituales,
741 2580 934 2691 quianon
956 2578 1092 2676 video,
1120 2580 1335 2692 quomodo
1363 2582 1490 2664 anima
1519 2576 1673 2663 deside-

233 2691 339 2776 undo
361 2692 558 2799 ejusmodi
591 2696 767 2777 notitiam
800 2720 869 2807 per
889 2688 1167 2779 revelationem
1196 2694 1309 2808 polsrt
1343 2693 1510 2781 excusari
1537 2688 1669 2780 saltem
1725 2776 1729 2783 .

234 2798 421 2917 ipeccato
446 2803 764 2906 veniali‚·etiamfi
782 2812 956 2922 optimos
977 2807 1076 2893 fines
1099 2811 1254 2913 habeat,
1268 2816 1308 2894 dc
1329 2816 1535 2896 constituta
1558 2809 1600 2895 fit
1628 2812 1668 2893 in

233 2911 364 3008 sublimi
387 2923 510 3038 gradu
539 2919 799 3036 persediionis.
864 2927 973 3010 Idem
1003 2925 1150 3010 didam
1186 2921 1283 3010 volo
1315 2927 1367 3011 de
1400 2925 1671 3011 Direuoribus

234 3030 350 3122 alum
369 3044 595 3136 animarum,
622 3043 693 3154 qui
716 3034 790 3123 illis
812 3045 1022 3153 imponunt
1062 3040 1288 3126 mandatum
1321 3040 1373 3127 fic
1403 3040 1671 3155 interrogandi

233 3146 361 3252 Deum,
382 3170 450 3240 a'ut
471 3149 601 3238 saitem
625 3151 881 3240 consentiunt.
935 3150 1058 3240 Nulla
1084 3162 1187 3240 enim
1215 3162 1426 3271 excogitati
1448 3163 1578 3271 potest
1602 3181 1670 3239 ne·

176 3320 179 3355 r
232 3266 370 3370 cmm,
396 3269 448 3355 lic
465 3271 734 3384 interrogandi
756 3273 901 3371 Deum,
921 3299 1009 3356 curn
1027 3268 1241 3356 habeamus
1263 3270 1395 3357 lumen
1414 3276 1587 3370 rationis,
1612 3268 1670 3354 le·

176 3388 180 3499 ξ
230 3402 318 3492 gon,
343 3388 386 3467 δι
412 3385 629 3470 dodrinam
662 3382 952 3500 evangelicam,
987 3414 1035 3470 ex
1067 3389 1211 3501 quibus
1236 3383 1404 3502 quilibet
1424 3389 1668 3501 abundanter

228 3504 357 3605 poterit
378 3500 521 3613 dirigis
559 3527 633 3584 nec
654 3510 842 3616 reperitur
865 3498 943 3586 ulla
968 3499 1190 3600 difficultas,
1211 3531 1306 3617 ,qua
1338 3506 1397 3588 bis
1426 3505 1565 3588 mediis
1586 3531 1667 3588 non

224 3611 323 3723 posit
339 3611 482 3700 resolvi
498 3614 591 3699 cum
612 3642 751 3730 magna
771 3622 906 3703 animae
931 3613 1094 3703 utilitate
1115 3622 1154 3700 de
1172 3615 1454 3731 complacentia
1472 3623 1670 3707 Numinis.
1765 3630 1768 3635 ’

221 3727 346 3845 loque
368 3732 584 3845 dirigamur
604 3726 726 3815 solim
748 3731 772 3818 i
796 3737 948 3818 ratione
968 3737 1007 3815 dc
1027 3733 1204 3817 dooirina
1221 3733 1466 3849 Evangelica‚
1487 3736 1604 3835 adei),
1625 3756 1669 3817 ut

220 3838 374 3932 inobis
396 3854 519 3932 etiam
544 3873 628 3929 non
645 3845 948 3933 desrdetantibus
965 3843 1097 3960 aliqua
1126 3846 1365 3948 revelentur,
1389 3878 1435 3935 ea
1459 3852 1669 3935 accuratius

176 3958 178 3971 '
218 3967 491 4066 stamineorum,
520 3969 700 4073 quamvis
732 3965 938 4050 videantur
968 3963 1188 4049 conformia
1218 3969 1383 4062 rationi,
1411 3971 1452 4048 dc
1483 3965 1669 4050 dodrinae

210 4072 455 4203 iungenda
525 4077 708 4164 Doemon
730 4083 834 4165 enim
861 4074 1104 4280 multhqicit
1121 4106 1233 4184 vera,
1252 4074 1367 4165 facile
1392 4082 1668 4272 contingenti}Z

1067 4223 1089 4277 Ζ
1352 4240 1354 4244 ,
