3796 4994
225 324 323 435 248
591 274 836 449 tthrllciutn
869 307 915 405 S.
945 297 1138 435 Phihppi
1162 280 1307 401 Neris.

246 504 270 529 ”
474 516 478 525 ’
617 522 1228 693 -·εΑΡ.’,ΧΙΧ.
1421 520 1434 549 ·

256 728 264 743 ’
403 718 757 990 ’Ῑιιαῑεῑιιιη
824 814 888 948 s.
952 812 1221 989 Philippi
1289 757 1466 961 uem

722 1063 814 1217 D‘
848 1061 1150 1168 Vifionibus.

191 1300 194 1305 ⁸
222 1264 286 1451 Ν
311 1351 346 1408 ι.
369 1321 482 1700 ΙΝ
509 1326 590 1425 ejus
618 1322 709 1406 Vita
736 1318 903 1407 authore
942 1310 1130 1403 Gallonio
1162 1313 1215 1400 ad
1249 1329 1315 1403 26.
1345 1315 1441 1428 May
1466 1316 1516 1398 c.
1546 1324 1589 1416 4'
1624 1310 1677 1399 fic

466 1434 656 1517 habetur:
684 1424 786 1517 Illud
804 1430 862 1515 fre
896 1453 1030 1515 uenter
1052 1430 1241 1515 monebat
1258 1424 1469 1525 Alumnos,
1495 1453 1548 1511 ne
1562 1424 1677 1511 vifio·

322 1572 329 1589 ·
379 1572 384 1583 ·
468 1574 537 1630 nes
556 1556 744 1641 curarent,
757 1461 1083 1656 quandoquidem
1103 1545 1273 1655 quisque
1290 1536 1402 1625 facile
1417 1540 1530 1623 in'his
1545 1539 1673 1641 rebus,

468 1686 557 1743 curn
579 1652 738 1771 angelus
759 1661 934 1740 Sathanae
955 1656 1052 1737 boni
1068 1652 1197 1769 angeli
1219 1652 1343 1767 specie
1364 1655 1592 1737 hominibus
1608 1678 1674 1765 ap·

217 1788 364 1889 pareat,
393 1763 470 1855 labi
499 1770 705 1885 turpissime
721 1772 878 1882 'poteib
919 1774 1022 1853 Hinc
1047 1764 1114 1852 ille
1136 1773 1190 1853 ita
1217 1767 1267 1852 ab
1291 1770 1399 1852 omni
1422 1764 1613 1851 visionum
1629 1790 1674 1848 ac

222 1883 504 1975 revelationum
533 1881 679 1968 lubrica
702 1884 904 1997 quadarn,
922 1908 967 1966 ac
983 1877 1235 1995 spiritualibus
1264 1880 1487 1978 hominibus
1509 1880 1674 1964 maximi

133 2042 137 2049 ·
220 1994 436 2114 periculosa
461 1997 676 2083 curiositate
699 1997 948 2094 abhorrebat,
981 2019 1024 2080 ut
1039 1999 1109 2097 qui
1129 1990 1269 2081 talibus
1291 1990 1586 2090 delectarentur,
1599 1997 1674 2079 acri

109 2116 122 2137 “
221 2110 400 2199 sermone
421 2116 644 2221 corriperet,
664 2106 819 2221 liquido
841 2107 1042 2209 affirmans,
1063 2102 1158 2192 nihil
1188 2105 1262 2192 esse
1291 2113 1330 2191 in
1359 2103 1508 2220 laqueis
1535 2107 1675 2190 diabo-

222 2222 253 2310 li
276 2229 349 2335 piis
370 2224 592 2323 hominibus
612 2221 872 2332 pernitiofius,
896 2246 1013 2334 quam
1036 2219 1170 2306 vesana
1203 2225 1283 2305 haec
1313 2223 1549 2306 doemonum
1573 2217 1674 2305 ludi·

220 2337 317 2423 bria.
390 2336 431 2417 ln
461 2334 698 2446 corrigendis
728 2334 924 2431 moribus,
961 2340 1061 2419 vitiis
1094 2336 1342 2446 extirpandis,
1364 2334 1567 2418 virtutibus
1593 2361 1673 2417 am·

222 2447 471 2566 plectendis,
507 2442 761 2531 moderandis
798 2443 1023 2544 affeuibus,
1064 2452 1103 2530 δι
1143 2443 1325 2532 fimilibus
1360 2447 1540 2532 assrduam
1577 2475 1684 2561 ope-

212 2583 308 2650 'ram
338 2561 563 2676 ponendam
592 2558 834 2648 inculcabam
876 2587 970 2672 ergo
999 2560 1165 2645 visiones
1193 2561 1423 2674 respuendas
1451 2560 1527 2646 eise
1555 2563 1703 2647 doce-

221 2675 316 2776 bat,
347 2702 421 2761 nec
450 2675 650 2790 dedignari
679 2676 911 2787 Dominum,
933 2674 1019 2760 srid
1037 2679 1118 2773 fiat,
1143 2675 1286 2762 etiamsi
1302 2671 1367 2790 ille
1385 2675 1464 2793 ipse
1487 2677 1579 2762 vere
1607 2703 1714 2789 ap·-

224 2811 371 2903 pareat.

159 3092 167 3106 ,
341 2999 397 3084 Ν.
424 3024 462 3083 2.
515 2999 560 3083 In
582 3002 659 3083 vita
680 2998 776 3085 verb
799 2998 823 3085 ai
846 3004 891 3087 P.
912 2998 1125 3087 Bernabaeo
1145 2994 1280 3114 scripta
1298 3000 1440 3087 eadem
1464 3002 1515 3087 C.
1542 3001 1729 3088 adfiae

224 3108 453 3200 referuntur.
509 3113 615 3197 Cum
637 3107 762 3226 longo
779 3121 855 3222 jam
875 3119 1141 3226 experimento
1160 3117 1340 3201 divinitus
1360 3112 1560 3215 didicisset,
1578 3124 1646 3231 qui
1659 3109 1735 3193 «1

223 3231 327 3313 inter
349 3250 458 3310 veras
481 3221 673 3340 salsasque
694 3226 858 3313 vifiones
884 3224 1086 3330 interesset,
1112 3232 1269 3343 quoties
1293 3227 1344 3310 de
1362 3231 1408 3312 iis
1432 3226 1558 3314 sermo
1583 3228 1735 3316 inci·

226 3338 361 3433 debat,
392 3365 601 3422 commune
623 3336 720 3423 illud
742 3343 970 3426 Sannorum
991 3348 1145 3427 Parrum
1170 3338 1329 3425 effatum
1350 3339 1590 3433 inculcabats
1619 3341 1737 3429 vi·

226 3448 398 3536 sronibus
418 3479 499 3534 non
517 3478 664 3538 temere
680 3454 799 3538 fidem
824 3452 1150 3553 habendameile.
1207 3460 1252 3539 lit
1275 3460 1452 3567 quamvis
1468 3455 1547 3569 ipsc
1567 3479 1738 3542 men·

64 3558 73 3576 ‘
114 3630 123 3645 .
226 3568 276 3653 tis
314 3559 624 3649 illustrationibus
663 3590 784 3680 atque
827 3570 867 3650 in
905 3571 1058 3654 DEUM
1100 3564 1331 3653 elationibus
1374 3561 1737 3685 frequentina-:i

226 3670 441 3773 frueretur,
480 3701 609 3762 tamen
647 3706 734 3763 curn
772 3686 812 3766 in
854 3705 991 3793 aperto
1016 3685 1098 3767 haec
1121 3685 1283 3779 fierent,
1325 3687 1450 3767 minus
1476 3678 1735 3770 laudabas,

226 3786 440 3900 squidem,
469 3814 512 3873 ut
538 3789 618 3903 ipse
645 3793 783 3899 ajebat,
809 3792 968 3904 periculi
995 3794 1110 3906 plena
1135 3825 1196 3880 res
1224 3794 1338 3882 esset(
1403 3803 1733 3906 Quamobrem

229 3900 439 3994 eademst
470 3902 495 3987 a
523 3907 636 3988 DEO
666 3910 940 4003 immittantur,
971 3916 1132 3993 remotis
1159 3912 1306 3995 arbitris
1332 3914 1504 4021 optanda
1535 3908 1608 3996 esse
1655 3908 1729 3989 in

226 4010 441 4125 urbisalo,
470 4020 509 4103 dr
537 4016 658 4130 quim
695 4018 942 4107 occultissime
969 4024 1150 4138 tegenda
1263 4019 1366 4109 Illud
1406 4052 1574 4139 quoque
1592 4051 1642 4225 ba
1651 4013 1723 4099 d·

326 4154 336 4167 ·
1508 4145 1591 4247 licie
1624 4149 1714 4231 ata
