3772 4988
203 279 310 394 400
556 251 759 363 Revelai.
781 249 835 359 de
856 259 1045 396 Agreda
1076 264 1200 364 Pars.
1218 268 1275 362 sl.

207 489 252 552 ra
272 457 376 549 sexta
386 460 518 578 usque
537 464 590 549 ad
608 489 751 550 nonam
770 464 813 550 id
836 464 911 563 est5
935 463 958 551 ai
982 467 1143 551 meridie
1166 493 1293 579 usque
1308 460 1536 557 ad'ilola'ns
1560 462 1650 553 Ter·

207 583 301 664 tiam
323 579 642 692 pomeridianam,
670 579 795 664 secuta
811 577 894 665 sunt
910 607 977 679 ea,
999 608 1087 694 quae
1106 606 1302 666 narrantur
1314 582 1379 665 'ab
1395 578 1653 694 Evangelistit.

210 689 285 779 Sol
312 689 521 776 occultavit
538 689 641 777 suam
662 689 804 780 lucem.
877 690 1044 779 Planetae
1078 718 1272 780 mutarunt
1301 692 1411 780 suum
1446 700 1652 784 influxunt

210 807 323 894 [una
345 812 385 888 δι
404 801 517 890 stellte
531 830 727 892 mutarunt
744 804 851 893 suum
871 807 1031 893 cursum.
1086 806 1287 894 Elementa
1299 806 1653 895 confundebantur.

210 923 331 1006 'serra
347 924 516 1053 trernuin
567 917 685 1056 Multi
707 945 862 1056 montet
884 921 973 1006 scissi
1000 924 1097 1007 sunt.
1154 918 1278 1007 Multa
1296 917 1499 1034 sepulchra
1528 943 1653 1034 aperta

210 1029 375 1347 {llll
395 1027 831 1237 insufflans
858 1030 1654 1236 {lusistislsssuffllss

243 1287 298 1347 us·
1400 1295 1404 1300 .

330 1400 454 1479 1391&
493 1375 636 1465 Milites
661 1375 916 1465 sortiebantur
942 1375 995 1462 de
1025 1376 1260 1464 vestimentis
1283 1350 1414 1481 Jssiu.
1482 1373 1655 1478 Palliumi

196 1485 279 1575 seu
309 1497 477 1577 exterior
502 1516 621 1607 toga,
657 1495 772 1608 quod
802 1494 977 1577 Christus
1006 1492 1057 1575 ad
1077 1487 1270 1576 lotionem
1295 1493 1442 1603 pedum
1467 1497 1508 1577 in
1529 1499 1654 1581 eoem

149 1710 152 1718 Ι
216 1600 408 1716 deposuit,
438 1606 567 1691 divina
587 1607 830 1720 pemiiflione
854 1610 895 1690 in
912 1627 1089 1690 montem
1112 1601 1336 1694 Calvarium
1356 1608 1574 1694 addudum
1595 1609 1657 1696 esi.

215 1720 308 1802 Hoc
321 1714 461 1805 milites
485 1717 693 1807 diviserunt
712 1727 754 1839 in
777 1732 946 1835 q'uatuor
967 1743 1107 1831 partes.
1349 1751 1352 1756 ·
1647 1771 1651 1780 -

335 1891 460 1970 1³9⁸·
499 1870 609 1952 Unus
633 1863 828 1952 latronum
850 1862 1041 1965 duorum,
1059 1865 1221 1948 nomine
1238 1860 1416 1969 Dismas,
1439 1869 1537 1983 quia
1556 1862 1656 1955 nmu

217 1983 450 2093 operabatur
475 1979 686 2067 intercessio
719 1985 764 2065 B.
790 1981 958 2090 Virginis
991 1972 1199 2062 conversus
1225 1980 1289 2063 esi
1357 1985 1533 2066 Primum
1568 1988 1657 2068 Ver·

216 2093 334 2225 bum⁰
354 2092 492 2178 Christi
521 2097 563 2178 in
594 2096 726 2228 §nice
758 2114 864 2179 erati
891 2091 1055 2223 ,Putem
1083 2090 1225 2224 inuste
1255 2089 1342 2178 illis.
1392 2094 1655 2228 ''Secundum

219 2202 753 2430 Zsssnlfmln‘s‘nin
788 2208 1005 2403 sulz.
1077 2201 1445 2428 ‹illiuffioeslll'
1467 2214 1657 2410 ‘stili

222 2430 520 2550 Gonfirmmaium
542 2432 601 2546 est.
654 2435 885 2550 Septimum.
924 2432 970 2518 ln
996 2453 1130 2518 manus
1150 2440 1238 2551 tuas
1260 2438 1336 2518 dte.

342 2593 466 2684 1396.
495 2577 670 2691 Quando
690 2579 864 2667 Christus
890 2571 1080 2677 clamavit,
1100 2574 1213 2685 filio,
1235 2577 1360 2683 Judaei
1376 2575 1657 2667 obtuleruntin

222 2693 328 2778 hasta
355 2690 555 2807 spongiam
581 2698 779 2779 inrinsiam
802 2697 842 2777 in
863 2686 942 2777 fele
975 2694 1014 2773 de
1038 2712 1165 2775 acero.
1238 2690 1412 2777 Christus
1438 2721 1576 2806 parum
1599 2719 1659 2807 gu·

224 2806 345 2891 stavit.
400 2809 507 2891 Dein
538 2808 634 2892 verb
657 2805 855 2920 spongiam
875 2802 1014 2890 dimisit
1041 2808 1094 2887 ita
1142 2827 1272 2890 etente
1294 2811 1337 2889 B.
1364 2811 1436 2893 Vir
1464 2811 1552 2898 inei
1579 2810 1660 2922 quir

224 2915 305 3032 ipsa
326 2942 404 3005 erat
422 2916 550 3031 futura
570 2919 770 3008 mediatrix
789 2924 828 3004 δι
852 2942 969 3033 porta
986 2944 1062 3032 pro
1088 2923 1095 2936 '
1129 2921 1171 3017 '‚
1197 2917 1341 3033 quibus
1362 2949 1438 3036 pto
1486 2925 1570 3009 tura
1591 2941 1660 3008 erat

223 3033 344 3148 paffio
371 3034 526 3126 Christi.

345 3207 469 3284 ¹397·
499 3178 675 3293 Quando
706 3177 879 3266 Christus
900 3180 1164 3292 pronuntiavit
1188 3170 1322 3264 ultima
1339 3176 1482 3269 verber
1524 3177 1574 3266 ln
1594 3203 1660 3264 na·

228 3319 302 3382 nus
323 3303 411 3382 tuas
439 3289 653 3389 commendo
669 3296 845 3414 spiritum
874 3319 1022 3390 meum,
1052 3319 1139 3377 cum
1173 3286 1307 3376 ultima
1340 3287 1514 3377 litterula
1552 3287 1660 3379 eniiit

228 3403 411 3519 spirirum.
463 3415 576 3493 Tunc
599 3406 751 3496 Lucifer
777 3434 866 3493 cum
883 3432 967 3492 rota
989 3403 1052 3492 sua
1071 3408 1235 3491 cohorte
1258 3410 1298 3488 in
1326 3401 1524 3492 infernum
1546 3407 1662 3519 preci·

143 3552 165 3591 >
229 3524 371 3632 piratus
395 3520 506 3603 &ibi
524 3517 661 3634 ligatus
688 3524 752 3608 est.
804 3527 849 3608 B.
877 3525 1015 3636 Virgo,
1036 3545 1220 3633 tanquam
1242 3517 1457 3603 coad'utrix
1479 3520 1660 3632 passionis,

228 3632 338 3719 sensit
360 3659 496 3719 omnes
523 3632 697 3735 dolores,
723 3661 829 3750 quos
844 3637 1012 3721 christus
1033 3638 1073 3718 in
1095 3654 1299 3718 momento
1327 3549 1400 3717 suae
1420 3641 1659 3746 mortis'pu·

230 3743 290 3832 sus
317 3751 381 3835 en
437 3751 565 3860 Quod
590 3776 719 3835 autem
747 3773 839 3835 tunc
865 3777 951 3833 non
979 3771 1131 3833 mortua
1156 3745 1292 3842 suerit,
1318 3744 1360 3827 id
1390 3751 1558 3860 contigit
1609 3771 1660 3833 to

230 3887 384 3975 pterea,
414 3871 506 3976 quia
530 3870 569 3948 in
596 3867 768 3959 instanti,
798 3889 882 3975 quo
911 3888 1016 3948 mors
1035 3856 1161 4058 sepui
1202 3858 1405 3961 debuerat,
1440 3778 1660 3948 miraculosi

230 3975 372 4068 servata
392 3979 458 4067 est.
514 3980 670 4088 iit-hoe
695 3971 920 4064 miraculum
947 3981 1065 4084 majus
1113 3978 1179 4077 uit,
1207 3998 1326 4086 quam
1353 3976 1489 4088 priora
1515 3981 1661 4069 miracu·

1617 4083 1659 4183 lu
