3796 4994
235 309 333 424 186
463 454 465 458 Ι
667 308 840 442 Regula
864 334 921 405 ex
941 227 991 408 ¹8.
1018 297 1227 440 Tbereste.

226 516 336 605 novo
349 515 462 599 vivax
480 539 591 598 amor
602 512 694 599 Dei.
749 518 842 598 Hae
864 509 973 613 viso,
988 517 1164 624 quemvis
1183 508 1227 596 fit
1243 513 1478 627 imaginaria,
1491 517 1532 600 de
1546 540 1670 631 quan-

228 656 314 720 tum
339 632 392 714 cst
412 629 464 715 de
487 625 547 724 se,
573 625 735 717 inferior
754 622 1013 722 intellectuali,
1040 622 1284 738 summopere
1303 653 1433 712 tamen
1456 630 1673 721 aestimanda

228 747 296 841 cst,
320 748 361 828 de
388 742 648 849 meoiudicio
667 766 772 827 caret
791 736 1115 851 omnipericulor
1146 765 1234 825 nam
1253 767 1301 824 ex
1324 737 1525 827 effectibus
1550 769 1672 857 patet,

227 856 343 973 quod
367 855 536 941 doemon
560 861 600 941 in
624 884 669 940 ea
703 849 848 940 nullam
870 854 1194 963 lrabeat‘pattem.
1250 858 1331 940 Ter
1356 880 1423 940 tut
1447 880 1608 971 quater,
1628 882 1671 943 ut

224 995 339 1085 puto,
367 969 533 1054 doemon
561 968 629 1055 sub
656 965 722 1054 tali
749 967 870 1082 Quia
897 968 1114 1052 conabatur
1138 966 1232 1053 mrlri
1266 965 1529 1081 representare
1556 971 1671 1061 Chri·

225 1088 323 1172 stum
349 1081 496 1169 visione
520 1081 629 1172 falsat
656 1083 783 1167 induit
804 1107 903 1166 tunc
932 1082 1094 1194 quidem
1119 1076 1285 1166 sormam
1319 1109 1578 1195 corpoream,
1603 1081 1669 1169 sed

226 1224 309 1285 non
334 1200 628 1310 potestimitari
660 1192 765 1282 illam
789 1191 985 1310 gloriam,
1018 1220 1104 1308 quae
1128 1199 1316 1305 reperitur
1339 1201 1379 1281 in
1399 1195 1546 1283 vifione
1567 1225 1670 1285 vera.

223 1315 329 1399 Facit
347 1306 444 1397 talea
458 1308 822 1423 tepmsentanones,
846 1333 889 1393 ut
906 1311 1071 1392 animam
1095 1308 1296 1420 perturbet
1311 1313 1352 1393 in
1371 1308 1581 1397 vifionibus
1602 1339 1669 1398 ve-

225 1432 294 1514 riat
322 1418 389 1508 sed
409 1429 534 1507 anima
550 1452 620 1536 pet
646 1421 684 1509 se
711 1417 768 1508 illi
796 1423 926 1507 restitit
951 1418 1155 1506 sentiendo
1182 1421 1369 1511 toediumr
1399 1429 1439 1506 dc
1468 1426 1667 1535 perturba·

187 1550 190 1554 ’
222 1567 298 1634 tur,
317 1544 535 1653 amittitque
557 1563 716 1620 omnem
738 1538 888 1648 gustum
911 1535 964 1619 ad
986 1538 1216 1620 orationem
1272 1539 1375 1620 Hinc
1396 1539 1531 1639 credo,
1585 1539 1665 1624 uod

225 1657 350 1739 anima
369 1657 486 1737 etiam
515 1652 695 1735 nondum
722 1672 879 1762 experta
907 1648 1073 1734 visiones
1105 1669 1241 1746 veras,
1271 1647 1337 1733 sed
1368 1646 1493 1733 solum
1578 1677 1664 1737 ueta

222 1760 543 1876 contemplationi
560 1790 608 1848 ac
632 1766 769 1847 unioni
794 1790 883 1848 cum
909 1765 1024 1859 Deo,
1050 1762 1297 1848 hunaudo
1320 1763 1433 1875 possut
1452 1764 1665 1853 advertere.

224 1886 305 1995 Qui
322 1886 417 1962 vero
434 1874 553 1963 semel
561 1875 749 1973 ,habuerit
763 1876 929 1962 visiones
943 1902 1076 1972 veras,
1104 1880 1220 1961 etiam
1242 1875 1266 1963 i
1283 1872 1403 1990 longe
1424 1880 1492 1962 has
1507 1877 1661 1964 sraudea

220 1991 369 2078 sentiet.
426 1994 532 2076 Nam
550 1994 731 2104 quamvis
753 1983 840 2075 talis
859 1994 1050 2102 apparitio
1078 1989 1275 2075 doemonis
1295 1994 1452 2101 incipiat
1474 2018 1564 2076 cum
1583 1989 1662 2078 sua·

218 2113 337 2193 vitate
365 2111 405 2187 δι
442 2100 646 2216 voluptate
680 2105 851 2223 quadam
888 2109 1066 2201 intema‚
1105 2109 1232 2188 anima
1268 2127 1398 2188 tamen
1426 2108 1550 2191 statim
1579 2132 1661 2191 eam

218 2214 440 2304 suavitatem
463 2215 614 2328 respuit,
644 2222 683 2300 δι
701 2243 793 2302 meo
818 2217 964 2325 judicio
986 2217 1067 2301 haec
1085 2212 1159 2302 alia
1183 2221 1257 2319 est,
1293 2244 1411 2330 quam
1428 2214 1495 2302 illa
1512 2215 1661 2316 coelica,

219 2360 307 2447 quae
327 2326 454 2417 secum
472 2334 587 2416 trahit
611 2356 785 2417 amorem
799 2355 938 2443 purum
955 2353 1001 2415 ac
1028 2332 1184 2417 callum.
1239 2333 1329 2417 Nec
1348 2333 1425 2416 dici
1444 2335 1589 2443 potest,
1606 2356 1661 2417 ta·

217 2442 296 2537 lem
324 2447 604 2561 apparitionem
633 2449 841 2557 provenire
864 2444 917 2528 ab
961 2447 1262 2556 imaginatione,
1289 2448 1383 2557 quia
1408 2441 1659 2559 pulchritudo

215 2555 281 2644 vel
306 2566 415 2645 unius
437 2585 572 2645 manus
593 2556 827 2643 transcendit
854 2584 1015 2645 omnem
1036 2563 1363 2672 imaginationem.
1423 2560 1470 2644 Et
1489 2554 1659 2673 supposi-

216 2694 262 2756 to
288 2678 403 2756 etiam
430 2673 542 2785 quod
565 2674 789 2784 imaginatio
817 2674 868 2756 ad
895 2673 995 2757 hanc
1024 2672 1315 2772 contribueret,
1346 2669 1574 2784 sequeretur
1603 2697 1657 2757 ta·

6 2834 8 2845 ν
115 2868 124 2888 ,
186 2810 323 2880 men,
344 2787 458 2896 quod
483 2811 564 2866 non
587 2781 711 2868 soldm
739 2780 835 2867 nulli
861 2786 1002 2870 exinde
1022 2782 1263 2871 nascerentur
1282 2780 1440 2870 effedlus
1459 2785 1573 2884 boui,
1593 2783 1658 2870 sed

215 2902 330 2983 etiam
361 2900 487 2991 anima
514 2893 728 2980 afficeretur
753 2894 916 3007 positive
942 2898 1086 2984 toedio.
1151 2903 1320 2984 Econtra
1343 2900 1385 2982 in
1413 2901 1484 2985 illa
1509 2904 1658 3012 appari·

212 3012 338 3107 done,
366 3007 420 3093 de
446 3034 528 3125 qua
553 3036 660 3123 ago,
688 3011 815 3092 anima
847 3011 988 3096 ditatur
1009 3008 1136 3096 valde.
1193 3015 1299 3095 ilinc
1325 3012 1490 3126 quando
1519 3009 1655 3129 alique

213 3121 383 3238 persouae
403 3119 551 3222 sancte,
579 3150 677 3236 quas
701 3148 833 3231 tamen
850 3125 965 3210 Deus
983 3152 1066 3207 non
1084 3124 1253 3209 ducebat
1273 3126 1342 3209 isla
1366 3129 1451 3221 via,
1475 3128 1573 3217 milri
1596 3132 1656 3213 'n-

194 3239 392 3345 ·licitbant
408 3241 590 3326 timorem
607 3238 658 3322 de
674 3233 862 3338 illusione,
874 3235 1155 3349 respondebam
1178 3240 1253 3322 hac
1273 3242 1447 3352 paritate.
1505 3241 1549 3327 Si
1570 3242 1655 3353 quis

211 3344 488 3467 amicomm'iii
516 3340 755 3438 allocutione
789 3355 883 3435 milri
911 3350 1091 3436 donasset·
1108 3348 1313 3461 pretiosam
1338 3378 1549 3464 gemmam,
1576 3378 1655 3439 non

267 3462 358 3553 ilem
378 3464 608 3579 persuaderi,
630 3448 734 3550 illam
755 3459 1032 3550 allocutionem
1056 3461 1132 3551 elle
1150 3466 1257 3551 mere
1281 3467 1572 3576 phantasticam,
1590 3490 1655 3557 ant

200 3614 203 3621 ·
255 3566 437 3715 usonqm
463 3576 515 3665 fic
530 3581 627 3665 dum
644 3584 684 3664 in
708 3602 917 3664 momento
938 3575 1037 3662 'senfi
1064 3583 1230 3663 animam
1261 3578 1475 3673 traducitur
1499 3574 1578 3665 else
1604 3578 1654 3665 alt

206 3718 345 3801 amore
368 3696 552 3781 vitiorum
579 3692 631 3777 ad
654 3718 831 3781 amorem
858 3696 1064 3789 virtutum,
1091 3691 1266 3804 mihique
1290 3698 1474 3778 virtutum
1493 3686 1655 3790 solidam

208 3802 521 3894 immobilitatem
547 3801 725 3891 collatam
754 3802 842 3909 elle,
871 3818 916 3890 ut¹
940 3826 1135 3890 noverunt
1159 3809 1239 3889 mei
1265 3801 1501 3891 Conseslatii
1527 3809 1569 3889 dt
1598 3804 1656 3891 ft-

207 3917 385 4020 niliares,
411 3948 492 4005 non
514 3916 668 4033 possum
690 3920 849 4005 credere
873 3920 1103 4004 doemonem
1121 3917 1201 4001 hoc
1227 3918 1365 4005 medio
1393 3923 1449 4002 uti
1476 3913 1656 4007 vullerd

203 4062 271 4124 me
291 4031 619 4152 supplantsndam.
733 4036 786 4122 C.
808 4062 872 4134 ²9·
893 4035 933 4116 S.
952 4029 1131 4118 Tlterefia
1154 4034 1282 4146 pergit
1303 4027 1537 4129 asseruere,
1556 4035 1653 4164 imn-

213 4174 218 4186 ·
1542 4173 1653 4260 gma-
