3796 4994
188 216 275 420 '78'
571 258 878 423 Revelatio'nes
912 291 959 385 S.
999 286 1243 386 Gertrudis.

235 530 239 543 ·
308 492 351 577 1„
378 520 413 596 5.
441 478 584 578 C.1'a.
638 486 744 578 Cum
768 487 951 577 Monialit
977 516 1283 607 conquereretur
1305 489 1411 604 apud
1439 489 1652 590 Christum,

195 609 311 724 quod
333 611 501 691 animam
526 603 719 690 defunclai
735 611 889 692 Sotoris
914 635 996 691 non
1022 611 1145 692 statim
1161 603 1351 691 liberasset
1368 608 1389 690 ὲ
1407 613 1655 721 purgatorio,

197 722 399 835 respondit
421 722 618 809 Christus:
668 723 755 833 Ego
786 723 920 807 audivi
945 750 1080 834 preces
1105 717 1348 806 familiarium
1370 749 1549 805 meorum
1578 749 1654 832 pro

194 845 322 924 anima
345 832 423 932 illa,
448 841 488 918 dc
523 837 716 948 benignus
753 836 946 933 exaudivi,
971 841 1011 920 dc
1044 842 1179 920 animae
1206 832 1261 918 illi
1300 842 1420 948 magis
1459 834 1656 932 benefeci,

196 951 318 1068 quim
347 950 416 1062 ipsr
445 951 605 1035 credere
634 947 810 1060 possunt,
839 950 984 1034 etiamst
1021 947 1196 1035 vidissent
1223 956 1388 1034 animam
1418 949 1440 1032 ὲ
1467 975 1653 1063 purgato·

196 1072 259 1163 rio
280 1064 332 1147 ad
358 1061 508 1149 coelum
537 1061 729 1148 transtisse.
742 1094 777 1130 ·-
832 1066 914 1150 Sed
951 1065 1290 1151 remunerationem
1323 1066 1546 1150 meritorum
1582 1066 1654 1148 de·

198 1180 322 1268 bitam
336 1184 501 1292 gratuita
520 1182 642 1293 pietas
668 1205 755 1263 mea
753 1175 1000 1376 supereroget
1022 1183 1138 1264 etiam
1159 1178 1407 1293 quandoque
1429 1204 1592 1292 propter
1607 1177 1655 1263 fi-

100 1301 118 1319 ”
199 1289 347 1380 delium
401 1319 531 1385 retest
573 1289 748 1377 &secun
781 1295 948 1378 umboc
975 1300 1050 1401 jam
1091 1291 1274 1379 benefeci
1307 1298 1383 1396 isti,
1406 1298 1501 1411 quia
1522 1290 1655 1407 super·
1697 1295 1700 1301 ’

92 1430 96 1436 ·
198 1408 362 1496 addidi·
397 1412 404 1431 ’
429 1404 643 1496 secundum
657 1403 769 1493 snum
791 1412 983 1494 meritum.

231 1588 234 1593 ’
314 1588 359 1676 L.
386 1591 491 1692 nc.
510 1544 580 1691 ξφ
635 1548 752 1677 Tudc
774 1590 973 1699 de.·corde
998 1591 1121 1694 JESU
1149 1595 1191 1677 de
1217 1592 1423 1693 Gettrudis
1462 1586 1655 1703 congluti-

200 1709 300 1791 natis
318 1705 492 1791 effloruit
511 1709 628 1792 arbor
649 1708 753 1791 mitae
769 1709 976 1791 venustatis
996 1707 1145 1791 habens
1174 1702 1273 1790 folia
1293 1703 1393 1795 clari
1413 1700 1654 1820 splendentia'

200 1814 310 1905 velut
357 1814 550 1907 erlusitata
573 1816 687 1907 solari
705 1821 818 1907 radio
843 1825 1052 1919 Trinitatis,
1075 1822 1371 1936 quae.omnibus
1396 1817 1571 1913 coesieolis
1595 1826 1655 1905 in-

118 1992 145 2023 .
201 1918 317 2037 iffab·
336 1961 398 2019 em
418 1931 863 2050 mimstrabanifitsuiern.
925 1996 928 2001 -

218 2126 221 2131 '
320 2117 365 2202 L.
387 2142 423 2218 5.
441 2118 496 2202 C.
522 2144 587 2220 31·
646 2122 741 2205 llaec'
772 2112 905 2225 dicens
932 2114 1139 2227 Dominus
1161 2114 1259 2202 visus
1287 2115 1342 2203 est
1368 2119 1484 2203 tantis
1515 2112 1657 2203 delitiis

169 2332 182 2341 ,Ι
203 2225 530 2346 superabundare,
550 2232 665 2344 qu'od
691 2260 740 2318 ex
768 2212 951 2329 odinibui
968 2226 1134 2317 sensibus
1156 2238 1236 2340 ej'us
1255 2233 1502 2318 humanitatis
1524 2227 1657 2345 liquor

204 2352 407 2433 nectareus
426 2347 650 2443 emanabat5
662 2372 710 2432 ex
732 2372 817 2460 quo
835 2373 974 2431 omnes
995 2347 1124 2432 Sanili
1144 2351 1401 2432 communiter
1417 2370 1559 2435 novum
1573 2344 1658 2465 glo·

203 2463 287 2560 ria,
317 2460 462 2577 gaudii,
490 2455 832 2547 &delectationis
866 2456 1074 2577 hauserunt
1086 2459 1350 2577 suavitatem
1378 2466 1417 2546 δι
1439 2466 1493 2569 ait
1514 2458 1657 2546 Domi·

162 2669 164 2672 ⁴
204 2596 281 2662 nus
305 2613 333 2667 e,
373 2580 415 2662 in
436 2570 512 2662 illa
549 2574 742 2675 die‚'cum
769 2600 809 2660 te
833 2570 1187 2672 totam'inttaxeto,
1207 2578 1300 2662 mibi
1324 2571 1519 2662 stillabunt
1542 2604 1656 2661 mon·

143 2708 149 2715 '
207 2713 281 2789 tes,
307 2692 436 2788 idest,
460 2695 590 2777 Sandii
611 2692 712 2775 hanc
736 2687 1000 2775 dulcedinem.
1073 2690 1142 2778 Ad
1169 2691 1243 2776 hos
1269 2719 1408 2776 omnes
1430 2702 1557 2774 textus
1578 2688 1659 2774 fot·

206 2828 249 2891 te
265 2801 491 2918 responderi
511 2806 658 2919 potest:
682 2830 808 2903 tentus
832 2803 882 2889 src
897 2799 1020 2911 intelli
1049 2803 1250 2903 eudo‚s,=ut
1271 2809 1407 2895 merita
1427 2807 1660 2903 Sanctorum

205 2914 384 3033 dicantur
410 2920 543 3034 augeri
562 2948 646 3003 non
677 2914 799 3034 infe,
823 2913 890 3005 sed
918 2921 999 3008 ine
1028 2916 1132 3016 eliu,
1153 2919 1297 3035 nempe
1313 2914 1366 3005 'in
1387 2906 1517 3035 aliqua
1531 2915 1658 3032 gloria

206 3028 464 3123 accidentalia
491 3061 624 3149 neque
647 3030 721 3121 csse
743 3041 947 3119 erroneum
973 3035 1015 3119 in
1035 3030 1139 3131 fide,
1163 3034 1190 3120 st
1210 3034 1380 3133 dicatur,
1401 3033 1553 3120 sandios
1575 3062 1657 3119 non

207 3144 334 3235 solum
353 3148 508 3249 habere¹
520 3149 705 3265 gaudium
730 3174 879 3241 novum
908 3174 956 3235 ex
980 3149 1101 3235 bonis
1127 3176 1154 3233 o
1184 3150 1312 3243 eribus
1339 3149 1570 3246 hominum,
1591 3142 1658 3232 scd

215 3269 327 3349 ''am
351 3254 632 3381 incremifntum
648 3260 868 3393 tgloriari<
903 3259 1152 3382 lberalit'am
1203 3269 1252 3377 ei.
1334 3265 1375 3351 Si
1401 3266 1506 3361 enim
1532 3265 1660 3349 Sancii

207 3286 279 3501 {fr
305 3400 429 3477 totam
452 3366 701 3493 'aetppjn'ltat'em
731 3366 816 3483 sunt
844 3377 1011 3463 habituri
1032 3372 1321 3493 novag'audia,
1343 3406 1410 3464 cur
1433 3404 1517 3463 non
1542 3383 1658 3462 varia·

207 3498 361 3601 tionem
383 3470 543 3607 glorie?
571 3492 619 3613 &f
634 3490 664 3579 fi
681 3487 806 3607 gloria
827 3486 1074 3579 accidentalis
1094 3488 1222 3605 potest
1251 3487 1326 3579 esse
1345 3519 1463 3591 nova,
1482 3519 1551 3577 cut
1574 3518 1658 3576 eam

208 3611 463 3695 novationem
483 3604 789 3707 uel'au'diionem
812 3604 898 3693 non
925 3608 1100 3720 potuerit
1119 3606 1235 3693 ‘Deus
1255 3602 1411 3722 alligare
1438 3634 1556 3692 novo·
1581 3600 1659 3703 culss

207 3710 267 3806 t'ui
293 3726 332 3804 δὲ
360 3710 614 3807 in'terceffiot'ri
639 3719 827 3823 fidelium,
843 3718 975 3808 saltem
995 3726 1036 3823 in
1056 3715 1142 3805 casu
1157 3725 1373 3836 particulari
1393 3725 1506 3809 unius
1524 3716 1590 3808 vel
1609 3715 1659 3806 al·

208 3838 325 3923 terim
345 3839 419 3952 piae
439 3837 659 3937 Gettrudis,
679 3837 730 3923 ad
748 3839 828 3926 boc
846 3830 1057 3952 specialiter
1082 3834 1240 3923 it'rotaed
1261 3833 1386 3924 Deo?

222 4160 240 4225 t
296 4151 300 4161 ·
1535 4120 1658 4227 xru.
