3796 4994
214 306 257 441 '4
683 306 860 443 Regula
887 339 945 407 eu
969 306 1206 445 Scriptura.

220 534 299 607 nott
320 519 473 629 precepi
495 511 573 617 ihi,
597 519 642 601 ut
666 509 831 614 diceret,
857 515 1120 624 interficietur.
1200 515 1322 647 Qod
1340 520 1372 630 β
1392 523 1511 608 tacita
1532 525 1675 617 conita-

221 637 326 723 tione
351 628 607 748 retpomleris:
637 658 710 742 quo
729 627 839 716 modo
858 635 1000 744 poffum
1016 632 1221 753 intelligere
1246 635 1433 731 uerbum,
1463 632 1568 747 quod
1586 636 1677 723 Do-

220 750 346 834 minus
370 773 447 833 non
471 741 521 859 etl
549 742 732 832 locutus?
767 747 863 834 Hoc
900 742 1054 835 hahehis
1077 750 1235 861 hunum.
1323 748 1442 869 Qud
1464 755 1504 838 in
1527 755 1676 839 nomine

220 862 388 954 Domini
406 856 597 974 Propheta
618 856 679 945 ille
697 857 942 973 predixerit,
965 860 1023 960 Θ*
1052 861 1129 953 uuit
1157 870 1354 964 evenerit,
1378 862 1449 953 hoc
1481 866 1677 953 Dominus

221 1006 298 1066 nou
319 973 368 1088 est
395 972 562 1073 locutus,
576 970 652 1089 fied
664 996 735 1087 per
758 987 941 1062 tumorem
965 983 1081 1065 animi
1095 978 1162 1095 fiai
1184 982 1228 1064 P·
1241 978 1373 1093 opheta
1394 980 1602 1089 confinxit,
1617 978 1676 1075 Θ*

220 1090 409 1180 ideonum
441 1088 586 1178 timebis
611 1116 707 1176 eum.
793 1094 850 1175 Fur
882 1093 941 1175 his
965 1094 1094 1179 verbis
1126 1089 1351 1209 colligitur,
1382 1125 1430 1180 ex
1460 1124 1538 1181 una
1565 1123 1675 1209 parte

219 1208 480 1322 praedictionis
502 1231 570 1290 aut
590 1198 838 1290 revelationis
857 1201 946 1290 falsa
966 1208 1070 1293 bene
1090 1206 1219 1294 inferii
1230 1268 1243 1308 ‚
1274 1214 1388 1327 quod
1413 1213 1606 1323 propheta
1632 1209 1676 1296 fit

220 1326 435 1437 impostor,
452 1326 522 1437 qui
541 1345 606 1405 aut
630 1320 688 1403 ob
711 1319 816 1405 luant
829 1327 1086 1435 arrogantiam
1111 1331 1292 1409 meruerit
1307 1324 1418 1410 illudi
1432 1327 1455 1412 a
1471 1326 1675 1424 doemone,

221 1447 288 1523 ‘aur
317 1439 435 1550 impii
457 1432 552 1521 velit
575 1430 752 1520 illudere.
809 1436 1062 1524 Aurhoritate
1083 1465 1212 1524 autem
1234 1437 1406 1553 persona
1432 1436 1577 1524 lublata
1598 1434 1675 1524 tol·

221 1551 311 1639 litur
328 1547 565 1639 fides'criam
590 1544 748 1665 reliquis
773 1557 851 1658 ejus
867 1546 1196 1639 Revelationibus.
1269 1561 1362 1640 Haec
1386 1561 1552 1640 intentio
1576 1558 1675 1641 Scri·

220 1696 343 1784 ptura
367 1663 505 1753 clarius
533 1660 727 1779 colligitur
748 1694 796 1749 ex
821 1665 1000 1750 versione
1021 1668 1403 1783 Septuagintavirtli,
1426 1669 1674 1755 ubidicitur:

221 1784 466 1901 Quicunque
490 1778 639 1869 locutus
668 1784 793 1893 fuerit
813 1775 1010 1893 Propheta
1039 1785 1080 1869 iu
1116 1788 1264 1872 nomine
1286 1785 1479 1888 Domini,
1507 1782 1566 1882 Θ*
1595 1812 1674 1874 nou

221 1902 351 1986 evenit
372 1908 494 1987 totum
512 1894 608 1983 illud
624 1924 670 1983 ac
695 1922 824 1999 omae,
848 1899 887 1983 in
924 1899 1114 2011 impietate
1142 1901 1218 2013 stra
1243 1897 1390 1987 lacertus
1412 1898 1461 2013 est
1483 1897 1676 2014 Propheta

223 2012 313 2125 illt3
340 2010 609 2124 nonabfllut’at
632 2022 813 2113 (manus)
835 2009 884 2098 ab
909 2038 964 2097 to,
1024 2010 1092 2094 hau
1118 2017 1175 2099 ius
1195 2016 1334 2099 hominu
1359 2016 1589 2128 inparium,
1614 2021 1679 2097 aui

221 2131 272 2230 ui
290 2136 407 2228 erudi
427 2135 517 2210 niteo
537 2127 580 2208 ei
606 2128 725 2233 iimo,
750 2128 780 2210 ἓν
797 2126 944 2231 dandulo
975 2128 1143 2217 ἶλόλησυ
1173 2131 1386 2245 o‘llpopn'ene
1416 2135 1540 2237 iustior.
1628 2135 1675 2213 titt

221 2246 375 2351 α’φέξεθε
400 2250 469 2328 aim‘
493 2249 599 2327 duri.

328 2387 496 2519 Regula
531 2416 572 2504 3.
645 2373 805 2483 Facile
830 2407 919 2510 per
943 2379 1275 2485 revelationes
1301 2373 1439 2485 falsas
1461 2379 1676 2488 illudun-

220 2553 304 2634 tur
334 2525 364 2629 ὲ
389 2524 663 2636 doemone,
689 2528 774 2658 qui
798 2543 1058 2659 metentur
1081 2522 1242 2642 illudi,
1266 2520 1488 2662 eoquod
1506 2524 1674 2635 nolint

219 2668 475 2776 contulere
498 2662 727 2768 Verbum
748 2660 847 2766 Dei
880 2694 940 2765 ex
980 2663 1259 2801 Scriptura,
1294 2668 1587 2785 traditione,
1618 2665 1675 2777 ἃ

219 2816 354 2919 sensu
382 2806 639 2915 universali
667 2804 902 2910 Ecclellae.
969 2817 1037 2900 ‘ld
1065 2814 1260 2931 colligitur
1291 2846 1338 2902 ex
1364 2822 1555 2919 Historia,
1585 2848 1674 2933 qua

219 2980 392 3041 narratur
416 2982 434 3055 3
464 2950 555 3065 Reg.
575 2975 607 3032 c.
624 2978 687 3032 η.
742 2943 924 3056 Josaphar
960 2965 1201 3058 pugnaturus
1238 2967 1373 3025 contra
1403 2942 1553 3055 Syriam
1581 2972 1672 3031 cum

218 3076 347 3183 impio
367 3071 475 3181 Rege
495 3063 633 3147 Achab
659 3061 821 3174 rogabat
848 3089 958 3158 eum,
981 3083 1023 3143 ut
1059 3061 1163 3168 prius
1198 3051 1415 3142 consuleret
1452 3062 1672 3145 Dominum

220 3187 274 3271 de
297 3208 439 3269 eventu
477 3173 584 3265 belli.
674 3182 748 3260 Hic
774 3202 927 3272 autem,
970 3201 1059 3257 cum
1086 3166 1212 3281 posset
1244 3166 1442 3257 consulere
1468 3179 1673 3261 Michaeam
1713 3218 1715 3223 ·

217 3300 479 3412 Prophetam,
503 3295 526 3379 a
548 3296 641 3377 Deo
663 3287 900 3376 eletlumac
925 3291 1149 3373 ordinatum
1166 3287 1217 3369 ad
1238 3283 1511 3400 cognoscenda
1535 3316 1673 3375 arcuna

217 3417 322 3510 Dei,
343 3408 593 3497 nihilominus
619 3402 807 3490 consuluit
836 3401 1045 3493 &securus
1080 3406 1133 3483 eu
1164 3405 1401 3512 Prophetas,
1428 3405 1671 3491 adherentes

218 3532 290 3618 luo
316 3532 541 3620 Schismati,
569 3523 593 3608 it
620 3522 764 3636 quibus
799 3527 837 3603 dc
867 3522 1055 3631 deceptus
1078 3519 1143 3599 est.
1229 3522 1422 3628 Scriptura
1448 3517 1498 3603 stc
1526 3521 1668 3606 habet:

219 3645 475 3776 Congregauit
491 3666 578 3755 ergo
596 3636 782 3740 (Achab)
805 3637 890 3720 Rex
913 3629 1030 3735 ltiael
1045 3624 1253 3742 Prophetas
1278 3631 1571 3750 quadringentos
1594 3640 1672 3721 air·

218 3765 316 3851 riter
337 3783 469 3853 varos,
484 3753 542 3851 ἐφ’
558 3756 616 3840 ait
631 3749 685 3838 ad
701 3777 793 3838 eos:
822 3751 888 3837 ire
908 3747 1021 3835 deheo
1041 3742 1096 3830 ad
1121 3740 1354 3844 bellandum,
1375 3776 1426 3838 art
1452 3746 1670 3863 quiescere?

217 3883 282 3991 qui
305 3869 597 3990 responderunt:
626 3863 822 3981 Attente,
840 3862 899 3961 θ’
912 3861 1020 3951 dabit
1035 3890 1116 3948 eam
1133 3859 1330 3949 Dominus
1351 3867 1391 3949 in
1417 3889 1531 3950 mauu
1557 3867 1670 3984 regis.

216 3993 343 4081 Dixit
365 3997 490 4075 autem
515 3978 704 4098 Jotaphat
722 3986 831 4078 (Rex
856 3980 983 4086 Juda)
1011 3977 1109 4064 Nou
1130 3972 1179 4082 eti
1204 3970 1266 4061 hic
1291 3971 1481 4089 Propheta
1502 3978 1671 4069 Domini

214 4109 421 4223 quispiam,
442 4110 488 4189 ut
504 4105 778 4215 interrogemus
796 4118 866 4207 per
887 4090 1004 4180 eum?
1063 4092 1114 4177 Et
1141 4094 1198 4177 ait
1229 4091 1319 4177 Rem
1340 4089 1456 4208 israel
1480 4091 1535 4182 ari
1546 4096 1664 4211 Jupit-

208 4219 335 4340 phat:
392 4214 585 4329 Remaupit
602 4216 671 4304 uir
690 4236 814 4317 unus,
834 4233 1036 4329 perquem
1054 4207 1242 4324 postumus
1263 4210 1502 4331 interrogare
1524 4209 1670 4319 Domi·

659 4370 666 4381 ·
786 4372 790 4377 ·
1547 4350 1669 4445 num3
