3796 4994
226 355 245 429 t
257 349 319 464 58
391 386 396 393 -
517 332 744 473 §negata
770 363 827 436 ex
853 341 905 438 P.
934 341 1071 442 Henr.
1090 336 1143 439 de
1160 324 1331 469 HafflaJ

720 578 970 723 CAP.
1058 579 1189 723 XI.

375 830 649 1016 Regulae
712 835 781 976 P.
847 837 1109 973 Heurici
1160 835 1242 970 de
1311 830 1521 978 Haffia
1647 878 1653 885 ·

664 1026 789 1139 ord.
828 1028 995 1140 Erem.
1024 1033 1072 1139 S.
1105 1033 1231 1175 Aug.

76 1319 81 1322 ·
229 1298 234 1310 '
277 1281 320 1367 ln
341 1283 385 1371 L
407 1281 459 1370 de
477 1280 721 1373 Discretione
745 1287 969 1399 spirituum.
1025 1283 1210 1402 lmpttiso
1241 1287 1465 1406 Antverpiae
1496 1305 1544 1380 16
1554 1317 1619 1398 μ.

679 1403 794 1489 tradit
818 1399 1024 1519 sequentes
1050 1395 1215 1521 regulas.

381 1639 524 1770 ligula
568 1670 608 1741 r.
682 1633 838 1776 Latge
884 1638 1092 1772 sumpto
1147 1636 1467 1745 revelationis
1524 1668 1675 1746 voca·

12 1851 15 1854 -
111 1864 114 1869 .
221 1636 379 2008 R
417 1775 542 1883 bulo
579 1789 752 1884 omnis
788 1777 1133 1889 manifestatio
1172 1791 1301 1899 veri,
1335 1814 1449 1920 quae
1488 1777 1547 1887 fit
1583 1779 1673 1887 ho·

415 1930 544 2025 mini
575 1922 655 2029 va
691 1956 752 2028 ex
788 1932 1025 2030 creaturis
1066 1923 1147 2032 vel
1177 1958 1241 2029 cx
1276 1927 1561 2060 scripturis,
1605 1958 1674 2031 re·

217 2064 409 2175 velatio
430 2061 565 2174 ,DEI
602 2059 655 2170 ἅ
691 2067 798 2196 ejus
836 2065 1079 2173 allocutio
1109 2065 1219 2172 >dici
1253 2069 1436 2204 potest.
1509 2094 1676 2207 Loquor

223 2233 353 2296 autern
377 2202 443 2290 hic
465 2207 518 2291 de
539 2206 761 2292 immediata
783 2203 1054 2320 supernaturali
1076 2205 1320 2296 revelatione
1341 2210 1485 2306 divina,
1503 2202 1677 2319 respeslu

77 2421 86 2445 Ι
185 2392 193 2407 .
222 2331 330 2434 cujus
359 2320 542 2408 sehabet
569 2349 680 2406 mens
707 2319 1022 2408 humanasolirm
1051 2322 1205 2438 passive,
1237 2352 1316 2439 qua
1345 2325 1464 2409 DEus
1492 2323 1675 2437 quando·

217 2460 451 2554 quepraettr
471 2464 531 2536 ea,
550 2463 637 2550 quae
655 2434 866 2524 secundum
885 2465 1135 2548 communem
1155 2437 1301 2526 cursum
1322 2433 1533 2524 naturalem
1556 2444 1597 2522 δι
1620 2436 1641 2521 s
1661 2486 1676 2504 ·

220 2547 508 2754 ponaturalem
533 2551 811 2654 manifestavit,
837 2548 1049 2668 specialiter
1076 2549 1232 2670 aliquos
1258 2554 1506 2664 informat&
1536 2553 1678 2670 dirigit.

218 2748 226 2761 .
260 2678 340 2758 .C.
368 2694 435 2756 ιο.
1283 2680 1292 2691 “

328 2815 498 2945 Regula
539 2846 581 2914 2.
655 2805 733 2912 nd
766 2935 769 2945 Ι
791 2803 1199 2948 distinguendum
1257 2806 1507 2946 Spiritum
1536 2804 1677 2915 DEI

176 3006 185 3017 -
224 2953 256 3059 a
290 2951 485 3092 Spiritu
517 2960 694 3059 erroris
730 2953 963 3056 rimanda
1008 2952 1077 3056 est
1113 2960 1329 3058 varietas
1366 2961 1570 3093 originis
1607 2962 1675 3059 in·

40 3172 43 3177 -
220 3093 471 3204 tetio'rum
520 3105 826 3203 motionum
871 3091 1337 3232 &impulsionum
1386 3097 1675 3204 nostrarum

221 3238 504 3348 secundum
546 3271 753 3347 carnem
791 3235 844 3346 ὃ(
880 3235 1171 3377 Spiritum..
1218 3263 1376 3351 nonunt
1405 3269 1506 3351 enim
1534 3293 1675 3379 prove·

109 3408 115 3415 ·
223 3387 307 3470 nire
328 3384 456 3497 primo
482 3412 531 3468 ex
557 3381 805 3496 passionibus,
830 3386 924 3496 quia
947 3383 1067 3471 timor
1092 3410 1129 3467 v.
1153 3410 1190 3495 g.
1218 3378 1312 3464 facit
1336 3380 1475 3464 crebro
1498 3384 1540 3464 in
1568 3387 1675 3495 cogi·

223 3504 414 3584 tationem
443 3502 575 3584 venire
595 3497 651 3595 id,
683 3498 733 3581 de
756 3494 844 3611 quo
867 3503 1035 3581 timetur.
1099 3496 1286 3599 Secupdh
1322 3491 1489 3579 excessus
1522 3490 1675 3606 alimjus

183 3686 194 3695 ,
222 3616 412 3711 humoris,
439 3610 504 3699 vel
532 3608 829 3701 melancholias
869 3620 959 3697 nar'n
982 3606 1092 3695 bona
1124 3604 1186 3695 vel
1213 3605 1313 3695 mala
1340 3608 1540 3723 dispositio
1572 3637 1675 3696 cete·

224 3731 307 3828 bri,
331 3752 397 3814 aut
417 3725 614 3841 spirituum
646 3722 866 3812 animalium
902 3726 1016 3851 veptit
1053 3722 1214 3811 occulto
1249 3750 1360 3810 motu
1396 3729 1677 3836 cogitationem

103 3848 116 3856 '
224 3843 438 3956 improvisi
465 3844 516 3929 ad
543 3843 623 3929 haec
649 3839 713 3928 vel
742 3837 808 3929 illa
833 3844 1050 3945 objecta·
1108 3844 1262 3952 Quarti)
1291 3867 1338 3924 ex
1363 3834 1677 3925 multitudine&

223 3959 408 4045 varietate
431 3959 733 4073 phantasmatum
763 3955 826 4041 seu
850 3952 1059 4070 specierum
1093 3950 1383 4064 objenabilum
1416 3948 1544 4068 longo
1582 3980 1679 4042 retn-

222 4102 323 4189 pote
349 4068 599 4159 collectarum
627 4077 668 4157 in
688 4066 883 4187 aliquibus
917 4065 1206 4155 melancholicis
1234 4074 1378 4154 tenacis
1405 4074 1444 4151 &
1464 4099 1573 4184 vagat
1596 4099 1695 4157 nro.

226 4194 365 4313 mopiae‘
379 4186 578 4277 multoties
607 4184 735 4274 subito
762 4192 802 4293 ὃς
829 4181 1063 4301 velocissime
1089 4188 1179 4298 post
1201 4187 1452 4302 agitationem
1473 4185 1677 4300 phantasia

215 4325 227 4352 ⁴
307 4320 342 4358 ¹⁴·
387 4318 407 4363 -“
785 4326 790 4353 ·
854 4314 859 4331 ’
1011 4350 1014 4355 ·
1437 4338 1440 4342 ’
1537 4329 1678 4392 eorum
