3796 4994
490 268 492 273 =
614 340 816 442 amur.
842 282 1102 474 ddAgreda.
1124 347 1238 441 Pars
1257 350 1359 469 ΙΙΙ.
1588 385 1687 482 4ιι

227 568 230 575 ·
251 537 478 633 thesauraria
496 547 543 631 ¹ac
569 539 822 658 dispensatrin
876 547 963 628 Fuit
979 544 1074 630 mihi
1095 541 1320 648 revelatum,
1349 548 1463 664 qnod
1484 545 1556 636 iliis
1573 558 1694 656 annis,

254 660 398 774 quibus
420 655 498 772 ipsa
526 662 641 754 vixit,'
660 661 774 771 pauci
796 655 940 742 suerint
964 657 1157 750 damnatis
1185 665 1224 744 dr
1250 662 1363 774 quod
1386 664 1512 774 piures
1531 688 1625 750 tunc
1650 665 1697 755 is-

248 769 296 860 lis
316 776 449 887 paucis
470 776 578 857 annis
603 770 745 856 fuerint
768 766 908 870 salvati,
923 770 1044 885 quim
1067 798 1222 859 centum
1240 780 1349 860 annis
1368 771 1696 891 subsequentibus.

370 920 436 999 89.
466 907 615 986 Omnes
632 893 770 986 fideles
797 899 1063 988 difflnmuime
1079 906 1121 987 in
1138 925 1270 989 mente
1292 901 1441 1007 habuit,
1462 932 1537 992 nec
1555 907 1696 1010 omisit,

248 1045 324 1134 pto
341 1039 591 1130 unoquoque
606 1016 647 1098 in
667 1008 884 1126 particulari
903 1019 1042 1129 gratias
1069 1041 1198 1131 agere,
1227 1020 1267 1101 dt
1289 1041 1413 1104 orare.

260 1147 265 1155 ’
369 1178 436 1253 9ι.
463 1145 606 1236 Nullus
627 1144 702 1232 fuit
726 1147 928 1234 damnatus
945 1176 994 1234 ex
1008 1153 1068 1247 iis,
1092 1173 1196 1264 quos
1213 1145 1292 1263 ipsa
1311 1152 1496 1255 instruxit,
1518 1156 1696 1267 quamvis

249 1259 361 1354 inulti
382 1264 537 1350 fuerint.
591 1265 699 1348 Nam
728 1288 802 1374 pro
824 1262 1004 1348 omnibus
1020 1268 1159 1359 oravit,
1186 1266 1226 1345 dr
1249 1290 1389 1349 omnes
1406 1263 1509 1353 libro
1529 1272 1615 1355 vita
1636 1273 1697 1357 in·

248 1378 375 1495 scripti
402 1376 567 1463 fuerunt
620 1373 757 1462 Filium
784 1369 892 1460 suum
915 1404 990 1489 pro
1015 1377 1259 1489 impetranda
1275 1381 1352 1474 hac
1373 1384 1492 1493 gratia
1514 1384 1586 1468 hac
1609 1409 1696 1469 ora·

248 1500 361 1582 tione
376 1493 596 1580 obstrinxit:
623 1491 735 1576 Deus
759 1514 891 1589 meus,
908 1515 1068 1603 propter
1088 1514 1129 1577 te
1150 1495 1192 1577 in
1214 1490 1404 1578 mundum
1428 1496 1539 1580 redii.
1605 1499 1694 1586 Cot

247 1637 380 1696 meum
407 1633 489 1691 non
517 1605 645 1720 potest
669 1599 852 1714 perferte,
875 1627 918 1689 ut
936 1601 1083 1690 studim
1104 1608 1164 1691 tui
1189 1601 1379 1718 sanguinis
1405 1611 1446 1692 in
1467 1611 1525 1694 his
1545 1636 1692 1722 pereat,

245 1727 322 1922 {¹3¹}
344 1713 1153 1919 “iiumiz‘ffiitsssiffisi
1175 1715 1694 1926 iissiiiis‘ba

248 1891 453 2061 do,’quod
474 1945 581 2030 idem
606 1947 774 2028 nunciis
794 1860 996 2058 obtsstgat,
1022 1948 1092 2059 qui
1113 1971 1385 2059 promerentur
1405 1954 1484 2056 ejus
1510 1896 1694 2037 isnerces·

245 2062 407 2149 sronem.
461 2060 500 2142 Si
522 2061 625 2142 enim
652 2062 697 2140 B.
720 2061 843 2170 Virgo
861 2057 1083 2161 hujusmodi
1111 2058 1290 2172 precibus
1313 2061 1463 2147 accedit
1485 2064 1537 2147 ad
1555 2061 1692 2166 filium,

240 2176 337 2291 'quis
355 2171 510 2270 credat,
523 2197 631 2341 'epm
653 2169 856 2286 quidpiam
882 2169 992 2286 poiie
1013 2172 1207 2290 denegare
1227 2168 1305 2275 illi,
1330 2171 1356 2262 i
1377 2201 1456 2291 qua
1475 2200 1599 2267 totam
1624 2205 1694 2294 na·
1866 2261 1872 2269 .

247 2315 372 2380 turam
400 2312 492 2373 acce
519 2310 572 2370 ιι.

215 2412 218 2417 ’
363 2429 430 2502 95·
458 2315 518 2484 lap
516 2405 569 2487 V.
589 2396 641 2482 ad
662 2422 729 2484 me
744 2397 863 2484 dixit:
890 2402 1037 2490 Animae
1054 2396 1138 2486 filio
1160 2425 1253 2487 meo
1273 2403 1523 2493 constiterunt
1544 2401 1694 2524 sangui·

204 2587 208 2594 .
248 2544 319 2610 ner
343 2517 436 2600 mihi
464 2513 565 2599 verb
582 2505 707 2607 multo
727 2507 879 2598 labore.
946 2544 950 2552 ·
1319 2605 1320 2608 ¹
1428 2548 1432 2555 ·

366 2664 433 2747 98.
459 2647 582 2731 Maria
601 2640 651 2728 fic
696 2665 824 2729 recata
835 2642 941 2728 estin
957 2634 1022 2726 illa
1042 2639 1205 2728 vifione:
1234 2643 1452 2749 Peto‚utA
1482 2645 1597 2737 ostoli
1615 2659 1695 2764 jam

248 2787 352 2850 nunc
369 2763 556 2873 incipiant
579 2669 800 2842 consecrare
820 2756 990 2843 Carnem
1013 2759 1053 2840 δι
1078 2758 1311 2869 Sanguinem
1333 2674 1511 2854 meifisi

363 2919 432 2993 99·
473 2893 597 2976 Etiam
625 2890 705 2974 hoc
731 2868 966 2974 beneficium
988 2883 1109 2974 debet
1135 2884 1300 2975 Ecclcfia
1320 2893 1365 2974 B.
1381 2895 1556 3007 Virgini,
1578 2895 1693 3011 quod

246 3007 304 3094 ob
329 3011 408 3114 ejus
428 3030 561 3118 preces
583 3004 670 3114 post
693 2996 966 3088 Ascensronem
989 3001 1251 3106 consecratum
1275 3000 1391 3090 fuerit
1413 3031 1555 3120 corpus
1574 3015 1690 3099 Chri·

244 3123 304 3220 sti,
325 3125 366 3204 δι
386 3118 500 3234 quod
517 3113 617 3202 sebia
637 3113 752 3200 fuerit
781 3117 904 3227 prima
920 3111 1042 3201 Missa.

325 3268 327 3273 ⁴
365 3275 460 3332 100.
488 3249 623 3327 Petrus
639 3240 854 3337 ordinavit,
874 3263 917 3323 ut
938 3242 987 3342 ii,
1010 3239 1078 3352 qui
1108 3239 1148 3323 in
1173 3238 1425 3327 hebdomada
1443 3245 1690 3334 Pentecossea
1859 3273 1862 3279 ·

242 3358 399 3447 fuerant
423 3353 609 3452 conversi,
631 3352 696 3437 die
718 3347 914 3466 sequenti,
939 3356 1008 3466 qui
1023 3349 1158 3437 incidit
1183 3355 1224 3437 in
1249 3357 1497 3441 Dominicam
1521 3364 1686 3448 Trinita-

240 3479 308 3570 tis,
335 3475 590 3584 baptizentur.
676 3473 817 3551 Ottum
847 3488 974 3551 autem
996 3454 1070 3550 suit
1092 3464 1277 3566 dubium,
1293 3495 1350 3581 an
1378 3473 1689 3562 introducendus

240 3584 336 3673 ciset
350 3582 555 3697 baptismus
569 3584 742 3684 Ioannis,
755 3606 804 3665 an
832 3583 927 3665 verb
953 3575 1159 3691 baptismus
1183 3580 1355 3667 Christi?
1383 3581 1520 3699 Aliqui
1541 3589 1688 3678 stabant

241 3727 320 3811 pto
336 3693 525 3812 baptismo
546 3698 717 3799 Joannis.
784 3689 866 3778 Alii
891 3720 985 3778 vero
1008 3688 1235 3791 censebant,
1260 3691 1335 3781 eise
1357 3700 1686 3790 introducendum

238 3809 470 3923 baptismum
491 3809 644 3897 Christi.
702 3812 812 3893 Hanc
828 3801 1034 3892 secundam
1049 3809 1278 3916 opinionem
1297 3816 1421 3897 tenuit
1437 3817 1553 3897 etiarn
1567 3821 1688 3919 Joan·

239 3952 312 4014 net
330 3929 371 4010 δι
395 3922 544 4022 Petris,
565 3949 693 4037 eaque
719 3918 792 4006 fuit
814 3923 1038 4006 confirmata
1065 3916 1090 4004 i
1118 3926 1160 4006 B.
1185 3926 1354 4035 virgine.
1437 3930 1541 4014 Hinc
1561 3930 1685 4035 statim
1744 4036 1750 4049 .

238 4032 466 4140 conclusum
483 4034 571 4144 fuit,
589 4063 634 4146 ιιι
652 4035 917 4151 introducatur
934 4026 1141 4258 bqptismus
1163 4035 1316 4148 Christi.
1348 4064 1443 4129 ιοι.

265 4226 271 4239 ·
962 4256 982 4278 .
1013 4188 1133 4281 ιιι
1590 4178 1687 4285 ιοιέ
