3796 4994
556 208 832 391 Regularum
859 253 1171 357 Summurr'um
1490 261 1591 399 269

14 464 24 474 “
137 468 260 553 Νιιι.
285 490 354 564 24.
384 464 509 563 75.&
533 487 633 577 part.
651 493 687 550 ι.
706 466 832 553 Num.
856 474 980 567 1306.
1007 484 1132 565 1308,
1191 462 1297 553 Vide
1320 460 1419 553 insta
1436 470 1539 558 Part.
1556 504 1594 565 a.

138 586 303 697 Propoe
332 593 394 663 16.
415 582 512 693 Reg.
530 608 572 682 4.
1544 628 1560 637 ··

251 790 310 878 Re
334 790 411 878 ula
445 824 509 898 34.
566 790 665 876 Non
693 764 816 875 'd‘atnr
839 813 986 875 certum
1018 791 1229 877 Criterium
1254 789 1497 883 discemendi
1525 828 1594 887 vo·

136 938 198 999 ras
218 818 520 995 revelationesi
548 902 647 989 salsas
669 904 749 990 nifi.
811 933 844 993 t.
871 914 925 990 Ex
955 901 1095 992 effeliu
1134 905 1435 1021 supernaturali,
1469 940 1592 1027 quem

138 1051 359 1138 operantur.
419 1053 457 1108 a.
495 1025 553 1107 Ex
581 1024 720 1105 notitia
740 1017 1030 1131 experimentali
1053 1051 1123 1136 per
1151 1050 1240 1107 com
1270 1030 1482 1111 arationem
1510 1056 1592 1115 cer·

137 1168 222 1226 tam
242 1136 493 1225 revelationi's‘
518 1136 568 1222 ad
593 1135 876 1250 praecedentem
898 1131 1058 1223 fimilem
1082 1132 1151 1221 ves
1162 1054 1454 1253 subsquentem
1477 1145 1593 1231 indu·

137 1258 262 1345 bitato
293 1256 474 1339 divinam.
537 1284 572 1356 3.
602 1257 675 1336 Per
702 1248 833 1334 lumen
863 1245 1145 1361 supernaturale
1177 1254 1522 1345 demonstrativum
1547 1286 1593 1345 e-

138 1374 316 1457 videnter
346 1376 460 1475 hujus
493 1370 691 1462 veritatis,
728 1364 792 1449 seu
822 1393 891 1477 per
931 1364 1201 1453 discretionem
1228 1368 1438 1481 l'pirituutn.
1497 1378 1593 1465 Hoc

136 1486 272 1572 sumen
295 1513 377 1568 non
398 1481 580 1597 relinquit
603 1476 819 1565 libertatem
847 1480 1052 1566 dubitandi
1067 1487 1108 1566 in
1131 1484 1370 1596 oppofitum,
1391 1493 1484 1601 quia
1506 1516 1590 1577 non

136 1602 285 1688 tannim
310 1596 499 1685 illuminat
529 1593 783 1692 inteflee'tum,
807 1596 873 1679 sed
902 1603 1018 1681 etiam
1047 1596 1240 1683 neceriitat
1271 1597 1514 1687 voluntatem
1539 1606 1593 1691 ad

138 1715 332 1803 assensum.
385 1721 468 1801 Par.
495 1710 1036 1829 Rrg.13.oers·.neg..3.4.
1061 1717 1592 1823 14.Laur.R.6.Cast.R,5‚=
1713 1754 1722 1783 -.

142 1860 212 1923 ιο.
234 1846 303 1921 16.
323 1832 435 1917 Lana.
455 1838 503 1915 R.
522 1861 541 1915 2
549 1858 588 1926 9.
615 1831 697 1912 Pie.
717 1830 762 1916 R.
784 1857 820 1910 2.
843 1858 880 1925 9.
901 1854 965 1924 19.
981 1832 1083 1914 Bon.
1097 1832 1144 1914 R.
1158 1857 1193 1912 ι.
1213 1831 1332 1943 Thyr.
1341 1832 1437 1945 Reg.
1451 1865 1486 1924 2.
1495 1867 1536 1941 4.
1550 1864 1593 1939 7.

138 1952 176 2035 δ.
199 1952 318 2034 Ther.
340 1951 382 2033 R.
399 1978 438 2048 4.
462 1954 544 2032 Par.
566 1946 612 2031 R.
640 1971 681 2044 5.

249 2160 343 2241 Hac
367 2180 497 2240 tamen
514 2148 660 2266 Regula
685 2151 736 2238 fic
759 2142 957 2239 limitanda
982 2153 1056 2253 est,
1070 2176 1114 2238 ut
1137 2149 1313 2266 persona,
1336 2156 1479 2273 quaese
1501 2156 1594 2249 fun·
1641 2164 1648 2181 “

138 2274 206 2361 dat
232 2276 272 2355 in
302 2276 439 2356 notitia
462 2264 765 2381 experimentali,
792 2267 836 2353 srt
862 2269 928 2353 diu
952 2273 1158 2354 exercitata
1187 2274 1228 2354 in
1254 2273 1463 2359 visionibus
1496 2280 1592 2367 vere

139 2391 300 2486 divinis,
335 2414 381 2471 ae
415 2383 738 2474 revelationibusr
780 2389 819 2466 bc
855 2409 899 2468 ut
925 2377 999 2467 illae
1028 2380 1286 2473 revelationes
1298 2452 1316 2489 ,.
1344 2392 1395 2475 ad
1425 2418 1525 2504 quas
1543 2392 1590 2479 fit
1628 2384 1633 2391 ’

138 2507 394 2615 compa-ratio,
422 2500 591 2585 habeant
626 2500 878 2583 distinctivum
916 2492 1159 2583 intrinsecum
1196 2500 1356 2588 evidens
1389 2502 1415 2591 ιὶ
1443 2504 1592 2593 revela:

86 2691 91 2698 .
137 2625 248 2706 tione
272 2611 446 2714 naturali,
473 2643 522 2699 ex
545 2617 628 2726 ipso
654 2610 836 2698 videlicet
857 2615 984 2698 modo
1027 2616 1240 2704 tendendit·
1278 2623 1317 2701 δι
1351 2643 1394 2703 ut
1425 2618 1589 2731 persona

136 2734 280 2821 habeat
310 2733 495 2839 judicium
523 2730 675 2813 bonum
704 2755 775 2813 atu
797 2725 936 2813 lumen.
959 2724 1247 2841 supernaturale
1280 2734 1501 2820 necessitans
1536 2737 1590 2841 ad

138 2848 406 2961 distinguenda
432 2843 634 2932 intrinsece
665 2839 849 2929 naturalia
878 2843 901 2928 ai
930 2839 1287 2955 supernaturalibus.
1369 2849 1612 2939 Deficiente¹

138 2992 215 3051 una
256 2971 391 3048 harum
433 2962 705 3047 conditionum
744 2986 816 3045 aut
853 2988 899 3044 ea
933 2987 1015 3045 non
1055 2955 1281 3046 sufficienter
1327 2964 1602 3055 demonstrata*
1737 2992 1751 3025 ·'

137 3079 276 3195 quoad
306 3106 392 3178 nos,
423 3082 569 3190 poterit
595 3076 758 3191 quidem
787 3074 963 3187 persona,
993 3080 1056 3159 cui
1084 3076 1129 3159 iit
1155 3071 1356 3181 revelatio,
1383 3074 1458 3165 esse
1485 3108 1590 3191 certa

137 3194 277 3309 quoad
304 3196 355 3290 se,
383 3188 565 3277 videlicet
594 3220 664 3304 per
693 3187 826 3275 lumen
853 3186 1074 3280 neceliitans
1104 3190 1154 3273 ad
1186 3188 1390 3293 assensum,
1420 3223 1507 3285 non
1529 3222 1588 3283 ra.

137 3338 226 3395 men
247 3313 391 3421 poterit
413 3302 527 3392 facile
550 3332 675 3390 certos
699 3306 866 3391 redibere
884 3299 980 3390 alios
989 3333 1006 3395 t·
1030 3305 1096 3389 nist
1124 3306 1202 3389 lroc
1224 3304 1359 3417 ipsum,
1384 3312 1503 3422 quod
1520 3338 1588 3397 ve—

138 3428 180 3510 re
201 3426 379 3508 habuerit
412 3423 491 3507 boc
514 3419 673 3517 lumen,
710 3421 853 3530 probet
886 3448 955 3532 per
984 3414 1142 3505 effecius
1182 3420 1382 3511 manifesti)
1413 3421 1592 3538 superna·

138 3534 292 3633 turales.
349 3532 581 3650 Gers'Reg.
603 3566 668 3621 ιι.
692 3540 804 3622 Laut.
831 3541 881 3622 R.
904 3565 996 3653 ιι..
1046 3536 1152 3649 vide
1183 3540 1300 3620 etiam
1327 3536 1438 3653 supra
1465 3540 1593 3657 Regu.

138 3653 214 3741 lam
252 3682 318 3736 ιι.
590 3664 594 3675 ’
1583 3660 1588 3669 “
1691 3676 1694 3683 ·

253 3867 411 3987 Regula·
445 3897 508 3973 35.
567 3862 735 3952 Elseeius
771 3858 975 3951 manifesto
1030 3857 1332 3976 stpernaturales
1371 3860 1481 3970 sunt,
1524 3874 1595 3983 qui
1731 3852 1734 3857 '
1830 3870 1835 3880 ’

138 4018 201 4077 aut
227 3985 440 4073 secundum
469 3982 506 4068 se
534 4010 735 4095 nunquam
769 3989 809 4067 in
841 3977 927 4066 ullis
965 3982 1250 4064 circumstantiis
1277 3980 1594 4089 producunturi

138 4110 345 4201 doemone,
371 4126 412 4185 ut
438 4102 495 4186 est
512 4092 744 4185 resuscitatio
775 4122 1045 4299 mnrppprum²
1069 4088 1201 4180 totalis
1224 4095 1446 4180 immutatio
1464 4101 1594 4297 ιιιΞιίιιι

954 4238 977 4313 3
1520 4224 1593 4309 ¹¹¹1·
