3772 4988
590 334 697 515 Reg.
720 374 948 484 Passer
967 330 1261 485 Protinus.
1580 334 1664 520 59·

210 584 317 671 ιιιιιιῐι
343 580 537 683 vivebat,
584 582 857 699 pauperculam
899 614 1064 704 propter
1105 578 1304 677 Christum
1349 591 1470 675 vitant
1514 614 1647 703 agenr.

209 706 302 812 Quia
323 702 431 785 verb·
448 703 609 813 ingenio
628 696 719 785 satis
731 697 878 787 subtilis
901 710 997 802 er'at,
1024 709 1068 787 δι
1094 700 1235 789 affeua
1256 692 1646 799 divinu·vrrbo,‘in·

207 816 353 901 ludus
372 818 572 927 quosdam
592 819 632 897 dt
650 810 908 903 revelationes
923 814 1094 903 babebat
1102 816 1343 931 specietenus
1356 814 1442 901 saris
1455 814 1649 929 pulchras,

209 932 241 1011 dr
268 926 467 1041 scripturae
491 923 601 1014 sacrat
637 926 854 1027 consonas,
887 926 955 1015 sed
987 930 1014 1017 al
1040 960 1127 1045 quo
1151 931 1283 1043 spiritu
1316 932 1648 1045 proficiscerentur

210 1040 342 1131 nescio.
401 1042 638 1127 indubium
664 1044 708 1127 id
727 1070 890 1143 revoco,
915 1048 1009 1157 quia
1035 1072 1080 1129 ut
1135 1046 1358 1129 ostnrodurn
1384 1044 1519 1141 didici,
1546 1038 1670 1127 clam*

210 1162 338 1251 uinum·
363 1160 416 1259 &¹
434 1152 653 1241 libertatern
688 1161 800 1241 nimis
832 1154 1031 1272 diligebat.
1086 1075 1287 1245 (lredulus
1313 1154 1400 1243 satis
1430 1160 1553 1243 statirn
1580 1150 1648 1239 all·

210 1270 366 1381 quando
392 1298 470 1383 pro
487 1294 582 1355 tunc
600 1266 659 1353 sui
676 1266 833 1369 talibus}
854 1296 898 1355 ut
914 1300 1049 1359 uerum
1064 1270 1203 1370 fatear,
1229 1278 1273 1357 dc
1290 1300 1419 1357 urtam
1436 1266 1647 1357 iuvenilem

210 1380 411 1471 ilultitiam.
469 1384 615 1471 Verum
627 1388 721 1497 quia
739 1384 919 1496 pradidla
935 1392 1046 1497 virgo
1064 1382 1134 1471 sub
1150 1380 1291 1473 nullius
1308 1382 1381 1469 suit
1402 1384 1647 1477 obedientia,

212 1493 322 1585 libere
344 1494 519 1597 incessat,
547 1524 631 1611 quo
656 1494 847 1597 lubebat,
872 1495 1049 1612 semper,
1075 1512 1207 1587 tamen
1233 1496 1302 1583 sub
1334 1502 1481 1584 uirtutis
1504 1492 1644 1608 specie,

212 1610 278 1699 line
295 1640 381 1727 qua
397 1640 520 1697 nemo
539 1606 737 1724 religiosus
756 1614 958 1725 decipitur,
985 1618 1028 1696 dt
1042 1614 1186 1699 exinde
1205 1608 1330 1699 uoluit
1350 1614 1583 1725 peregrinati
1603 1612 1647 1693 in

212 1720 306 1811 suurn
332 1721 481 1811 malum
507 1724 560 1809 ad
583 1726 785 1838 quendam
810 1732 856 1811 B.
884 1732 1052 1840 Virginis
1077 1724 1239 1827 locum,
1266 1732 1308 1809 δι
1335 1728 1520 1811 obtinuit.
1578 1724 1648 1807 Vi·
1738 1766 1744 1775 ·

213 1842 316 1929 ttbat
338 1840 491 1925 eodem
512 1863 694 1953 ternpore
717 1845 760 1925 in
781 1835 876 1925 loco
897 1840 1075 1954 quodam
1098 1836 1318 1953 religiosus,
1338 1840 1437 1930 heu!
1461 1834 1547 1921 solo
1572 1861 1648 1921 no·

215 1959 304 2039 nine
329 1962 372 2039 δι
403 1950 582 2039 sacerdos
604 1960 645 2037 δι
667 1954 797 2039 verbis
816 1960 1012 2041 amatoriis
1043 1960 1084 2039 dt
1108 1956 1389 2041 incontinentia
1411 1948 1575 2065 plenus,
1605 1954 1646 2031 dr

214 2076 417 2155 animarum
443 2066 727 2178 perdendarum
749 2073 921 2179 aucupiis
946 2096 1101 2181 gnarus,
1115 2074 1188 2182 qui
1208 2074 1247 2153 in
1264 2073 1401 2153 itinere
1421 2071 1649 2173 conjunctus

214 2186 339 2299 rugini
369 2183 426 2267 de
452 2182 581 2265 verbis
607 2188 714 2267 venit
740 2182 792 2265 ad
820 2178 1021 2296 obsequia,
1046 2182 1100 2267 de
1126 2178 1324 2295 obsequiis
1351 2180 1404 2265 ad
1430 2183 1652 2277 amicitiant}

214 2300 297 2385 &in
320 2294 394 2383 tali
418 2290 676 2405 familiaritate
700 2300 813 2408 virgo
833 2294 971 2381 misera
992 2304 1070 2405 jam
1098 2322 1181 2383 erat
1198 2302 1238 2382 in
1263 2294 1438 2379 saucibus
1462 2291 1500 2377 se
1521 2293 1649 2377 devo·

213 2420 316 2501 nutis
344 2412 608 2495 doemoniacae
630 2402 868 2497 Philomelae,
922 2411 1074 2497 Exinde
1096 2416 1200 2497 enirn
1223 2408 1302 2523 ipsa
1321 2405 1495 2493 totaliter
1517 2400 1649 2519 philo·

216 2554 312 2641 ctpra
334 2528 393 2611 est
411 2528 540 2609 annua
553 2528 595 2607 in
613 2524 742 2609 verbis
763 2530 804 2607 δι
826 2523 995 2637 gestibus
1020 2528 1090 2609 viri
1112 2528 1305 2637 primurn,
1335 2522 1481 2607 deinde
1502 2550 1551 2605 ex
1571 2516 1651 2637 fge-

213 2645 363 2757 quentia
394 2638 525 2723 aditus
551 2665 622 2749 per
648 2664 738 2721 eum
765 2642 930 2749 stuprata
955 2641 1020 2723 est.
1088 2642 1155 2725 De
1180 2668 1265 2753 quo
1293 2636 1472 2721 thesauro
1507 2640 1651 2719 irrecu-

213 2752 429 2867 perabiliter
448 2748 641 2837 subtrasio
667 2777 746 2836 tarn
762 2748 964 2839 indiscrete
986 2750 1129 2851 doluit,
1151 2778 1193 2837 ut
1216 2748 1349 2867 gladio
1374 2748 1412 2834 se
1437 2744 1650 2847 occidisset,

214 2870 269 2956 nii
287 2876 328 2959 ui
355 2860 513 2965 ablatus
542 2864 635 2949 tlltt
664 2866 841 2949 manibus
874 2872 1124 2986 corruptop‘s.
1186 2868 1255 2951 Ad
1277 2893 1342 2950 me
1365 2870 1480 2979 igitur
1503 2858 1653 2947 consilii

213 2991 321 3097 prtia
343 2986 475 3079 venit,
502 2980 597 3063 dedi
619 2976 833 3082 confilium,
876 3006 920 3065 ut
943 2984 1030 3067 viro
1051 2981 1136 3067 non
1155 2984 1503 3095 appropinquaret,
1533 2980 1652 3061 etiarn

212 3102 308 3205 julio.
368 3093 505 3297 (god
521 3120 596 3177 nec
610 3089 738 3179 secura
765 3096 832 3179 est.
890 3093 1100 3181 Crescente
1121 3123 1255 3180 amore
1280 3094 1406 3179 amasti
1434 3093 1572 3177 divinar
1593 3084 1654 3172 ul-

213 3220 318 3302 tonis
349 3220 385 3299 ir
458 3234 647 3321 -experta
683 3211 737 3293 cst
760 3213 801 3293 in
828 3208 1036 3321 phraenesrn
1064 3210 1314 3295 incurrendo.
1379 3206 1525 3320 Aqua
1549 3204 1655 3315 post·

212 3330 366 3415 modurn
384 3324 568 3424 liberata,
581 3350 656 3407 nec
679 3318 730 3405 fic
755 3328 851 3408 meis
877 3327 1036 3408 monitis
1064 3318 1351 3438 acquiescendo
1371 3324 1489 3405 vitam
1520 3344 1655 3403 emen-

212 3442 290 3531 date
314 3436 469 3537 voluit,
491 3442 533 3520 u
558 3433 646 3521 satis
676 3438 742 3520 diu
769 3432 853 3522 luto
879 3440 1079 3541 inlinens,
1092 3466 1159 3523 me
1184 3434 1348 3549 aliisque
1371 3438 1424 3519 ad
1451 3429 1657 3519 meliorent

212 3554 347 3676 fingent
374 3550 684 3643 adhortantibus
711 3548 928 3649 derelictis,
955 3556 996 3635 in
1020 3548 1165 3637 malitia
1191 3548 1458 3665 perseveravit.
1515 3550 1657 3632 Deilo-

211 3698 299 3763 ntnr
323 3674 431 3763 uero
455 3671 569 3782 gravi
593 3664 817 3751 infirmitate
840 3664 1035 3778 perculsus
1058 3666 1232 3753 facinora
1258 3664 1470 3778 agnoscens
1495 3662 1587 3747 vere
1614 3679 1657 3741 ut

212 3792 313 3878 credo
336 3786 540 3905 poenituit
560 3785 600 3863 dr
623 3808 706 3865 non
734 3779 905 3893 vulgaria
932 3780 1037 3893 figur
1062 3780 1136 3867 surr
1165 3781 1506 3893 predestinationis
1533 3774 1657 3869 dedit,

212 3902 321 4016 qualia
345 3922 568 4014 nunquam
592 3898 634 3983 in
663 3922 908 4012 quocunque
932 3902 1124 3985 morituro
1145 3896 1400 4013 deprehendi.

955 4278 1014 4391 H
1052 4317 1080 4389 2
1188 4224 1192 4229 .
1515 4282 1660 4403 Regu-
