3796 4994
457 296 463 304 ⁶
625 320 828 420 Revelut.
842 317 896 419 de
909 317 1100 458 Agraria.
1116 327 1231 421 Pars
1245 299 1305 425 Is.
1569 323 1674 455 '329

336 540 434 638 566.
459 527 507 616 In
525 520 958 641 hospitioliethsemico
979 553 1056 616 tres
1073 531 1200 644 Reges
1224 522 1504 643 colloquuntur
1527 525 1686 620 defen
1740 526 1743 530 ’

191 652 348 822 νοτε,7
378 674 499 763 quem
533 641 728 732 senscrunt
762 652 805 735 in
840 646 913 734 suis
949 648 1314 777 animisxdicentts:
1371 640 1508 763 Qasis
1536 640 1586 757 esi
1612 639 1688 734 bic.

213 788 336 886 agnis.
372 812 391 831 ·
577 861 583 877 Ι
1588 791 1602 804 '-

340 914 446 1006 567·'
463 902 570 985 Inter
588 898 671 986 haec
695 894 899 1016 colloquia
928 899 1236 1007 recordabantur
1267 921 1449 985 extremae
1472 921 1678 1011 pauperta-

213 1022 288 1121 tis,
311 1045 429 1132 quam
451 1016 697 1128 patiebantur
725 1020 767 1101 Β.
787 1023 837 1103 V.
859 1022 901 1101 ἃ
923 1020 964 1105 S.
985 1016 1178 1132 Josephus
1204 1042 1294 1100 eum
1323 1010 1498 1104 infantes
1539 1018 1676 1127 itaque

213 1139 428 1222 statuerunt
448 1127 524 1221 illis
546 1130 701 1217 mittere
725 1127 858 1247 aliqua
878 1124 1107 1236 honoraria,
1130 1160 1219 1247 quae
1240 1137 1279 1215 δι
1303 1124 1483 1215 miserunt
1499 1157 1571 1243 per
1586 1122 1677 1214 su‘os
1794 1134 1811 1205 ζ

214 1244 401 1450 suspiriosos.
482 1252 596 1333 Tunc
627 1249 891 1353 dormierunt,
927 1255 968 1336 δι
999 1253 1042 1336 in
1065 1247 1205 1413 spmno
1235 1243 1395 1364 angelus
1425 1248 1480 1332 eis
1507 1247 1678 1361 praecipit

219 1393 265 1451 re
308 1387 403 1449 tum.
786 1392 791 1421 ·-
836 1402 839 1406 ·

190 1590 196 1601 ,
340 1504 435 1593 568.
463 1486 605 1578 Altero
621 1487 687 1576 die
707 1490 875 1580 redeunt
894 1494 945 1583 ad
970 1436 1205 1612 Prassepo&
1224 1489 1395 1581 offerunt
1407 1516 1557 1594 aurum,
1572 1489 1676 1590 thus,

216 1612 259 1697 δι
283 1611 493 1725 myrrham,
517 1603 606 1692 suos
629 1606 840 1730 thesauros,
1511 1638 1515 1647 ·

349 1755 443 1848 569·
472 1737 675 1831 Volebam
698 1745 815 1827 etiam
840 1746 886 1828 Β.
909 1744 1060 1856 Virgini
1094 1743 1246 1831 donare
1271 1739 1456 1857 pretiosas
1479 1766 1675 1856 gemmass

216 1853 285 1947 sed
304 1861 373 1944 has
396 1851 522 1943 noluit
547 1861 733 1969 accipere.
816 1861 895 1943 Pro
919 1878 1019 1944 auro·
1040 1884 1196 1958 autem,
1228 1861 1363 1957 thure,
1388 1864 1428 1942 δι
1451 1858 1606 1972 myrrha
1630 1860 1676 1940 iis
1835 1901 1838 1905 ·

216 1973 377 2060 vicissim
406 1972 570 2081 donavit
605 1969 738 2057 fascias
774 1967 945 2088 aliquas,
976 1977 1018 2058 in
1046 1974 1191 2088 quibus
1223 1968 1442 2060 involverat
1473 1970 1675 2059 infantem.

175 2186 194 2193 „
216 2094 292 2174 Hae
315 2113 465 2174 tantum
487 2082 690 2199 sparserant
717 2088 900 2186 odorem,
928 2111 973 2172 ut
1004 2087 1028 2175 i
1052 2087 1173 2205 longe
1189 2093 1474 2204 percipereturr
1504 2112 1676 2174 attamen

209 2200 287 2289 ‚ille
309 2205 416 2288 odor
435 2203 720 2316 percipiebatur
741 2203 893 2289 tantiam
910 2204 962 2290 ab
982 2202 1290 2319 exspectantibus
1308 2204 1496 2308 Messinm,
1520 2231 1603 2289 non
1622 2202 1675 2287 ab
1794 2237 1798 2245 ⁴
1856 2234 1859 2243 ·

217 2315 442 2405 incredulis.
513 2321 610 2404 Tres
632 2321 758 2435 Reges
773 2346 844 2434 pet
869 2320 937 2407 has
955 2313 1153 2437 Reliquias
1175 2346 1375 2439 patrarunt
1400 2349 1541 2438 magna
1564 2325 1718 2407 mira··
1836 2373 1841 2383 ·

214 2429 307 2521 'cula
325 2439 364 2520 in
382 2435 447 2520 sua
469 2438 601 2547 patria.
1739 2468 1742 2473 ·

341 2596 434 2672 570.
472 2571 569 2654 Tres
598 2571 724 2682 Reges
757 2562 987 2652 obtulerunt
1010 2560 1050 2652 se
1079 2565 1132 2652 ad
1163 2565 1432 2654 edificandam
1459 2573 1504 2673 Β.
1526 2569 1679 2682 Virgini
1776 2637 1777 2640 a

223 2682 388 2771 domum
410 2692 515 2795 juxta
535 2682 724 2797 Praesepe;
766 2680 832 2768 sed
854 2711 936 2767 non
957 2685 1182 2797 acceptavit.
1239 2681 1436 2770 Reversuri
1459 2690 1499 2770 in
1518 2688 1680 2796 patriam
1823 2729 1831 2748 ··

223 2797 429 2914 perusiam
450 2805 575 2897 viam,
599 2805 885 2914 quamprimum
908 2799 1207 2911 egrediebantur
1227 2828 1275 2884 ex
1303 2801 1401 2884 urbe
1428 2796 1679 2898 Bethlemica,

225 2912 470 3024 ducebantur
492 2915 517 3000 i
540 2916 659 3029 priori
681 2912 743 2999 vel
762 2911 836 3001 alia
854 2909 960 3000 stella
985 2942 1112 3031 usque
1134 2913 1186 3001 ad
1206 2909 1356 3016 locum,
1379 2921 1418 3003 in
1440 2943 1526 3031 quo
1548 2915 1680 3030 primo
1769 2924 1771 2929 ’

223 3027 294 3118 sibi
309 3037 477 3118 invicem
500 3055 760 3117 occurrerant.

349 3194 443 3268 571.
485 3167 530 3250 in
551 3161 617 3251 sua
646 3168 768 3279 patria
793 3165 1029 3254 instruebant
1057 3162 1147 3254 suos
1176 3165 1301 3253 verbo
1327 3172 1368 3253 δι
1402 3159 1610 3280 exemplo,
1640 3171 1679 3277 δι
1743 3168 1750 3189 ’

224 3285 272 3371 Β.
296 3287 423 3397 Virgo
440 3282 513 3367 suit
531 3281 618 3393 ipfis
637 3287 677 3369 in
697 3285 776 3366 vita
792 3286 831 3367 δι
849 3307 978 3370 morte
999 3286 1195 3400 propitias
1222 3311 1310 3398 quae
1327 3288 1416 3399 post
1434 3309 1572 3372 eorum
1597 3280 1681 3369 tbi·

182 3436 188 3443 ·
225 3396 321 3485 tum'
335 3427 424 3484 cum
441 3399 480 3484 S.
503 3393 676 3509 Josepho
703 3402 807 3482 διο.
1032 3479 1039 3488 x

234 3557 237 3562 ·
351 3556 447 3632 574·
502 3533 546 3615 Β.
574 3532 625 3615 V.
655 3523 853 3617 thesauros
888 3526 914 3616 i
939 3530 1062 3617 tribus
1090 3531 1260 3645 Regibus
1289 3525 1459 3616 oblatos.
1476 3528 1616 3615 dividit
1642 3534 1683 3615 in

229 3665 308 3730 tres
346 3671 488 3756 partes.
573 3650 701 3730 Unam
735 3644 859 3729 donat
878 3642 1031 3758 templo
1062 3643 1405 3752 Jerosolimitanor
1433 3638 1591 3730 alteram
1616 3647 1684 3731 Sa·

231 3759 409 3860 cerdon,
442 3763 513 3876 qui
552 3763 792 3846 circumcidit
824 3757 1041 3860 infantem,
1077 3785 1120 3846 ut
1157 3789 1242 3846 earn
1270 3756 1483 3877 applicaret
1509 3789 1583 3875 pro
1608 3758 1685 3857 set·

228 3877 342 4076 vitici)
355 3879 597 3993 Synagogae,
625 3901 695 3964 aut
716 3872 872 3965 alterius
899 3881 1072 3965 Oratorii
1095 3874 1311 3965 Bethlemii.
1392 3878 1563 3965 Tertiam
1589 3903 1711 3991 pau-3

229 4020 315 4113 pen
346 4020 400 4079 us.

348 4158 1015 4315 &annuntiarant
1111 4176 1114 4181 ⁶
1213 4225 1286 4312 Tt
1596 4249 1750 4332 5750·
