3796 4994
607 255 915 360 retentiones
948 258 994 352 S.
1034 184 1301 355 Gaetulis..
1575 294 1671 393 117

228 488 308 579 qua
330 454 536 547 liberaliter
556 461 686 571 partiri
704 456 850 571 poteris
881 455 1082 555 universis,
1112 483 1460 576 quantumcunque
1484 459 1667 556 volueris.

228 583 340 664 Tunc
359 574 574 661 Gettrudes
595 596 780 684 tanquam
805 596 919 654 manu
942 573 1120 658 hauriens
1146 571 1295 683 aspersit
1318 578 1356 658 in
1379 574 1665 666 multitudinem

227 689 548 780 adversariorum,
574 689 646 797 qui
668 709 761 767 tunc
780 687 891 766 minis
914 681 987 767 suis
1009 685 1331 769 conturbaverant
1358 683 1500 772 villani.
1568 701 1666 801 Quo

225 800 330 886 sado
357 803 566 912 cognovit,
597 798 709 910 quod
743 823 1020 906 quemcunque
1045 792 1200 880 illorum
1230 794 1362 911 aliqua
1392 798 1541 909 guttula
1566 803 1670 892 illius

226 911 446 1023 aspersionis
469 910 658 1022 attigisset,
679 913 784 993 bunc
805 914 842 991 in
871 905 954 1018 ipso
979 910 1204 1019 operabitur
1223 907 1424 1009 effectum,
1450 942 1533 1026 quo
1556 944 1665 1002 vern·

223 1032 622 1224 librasse-⁸3:
642 1050 713 1219 li
732 1021 1534 1222 limialimilliimesslelii‘v‘i'„0⁰¹⁰
1553 1057 1667 1226 25:¹²

226 1258 317 1336 niat.
398 1256 454 1334 Ar
480 1163 575 1333 νεὲὸ
600 1163 870 1356 noclepidiin
903 1163 980 1344 est?
1000 1254 1092 1358 quia
1114 1164 1321 1359 affiplicatio
1349 1169 1551 1362 gratianitl'i
1578 1171 1664 1343 noeti

223 1366 352 1482 potest
373 1360 539 1471 relinqui
569 1354 720 1471 legibus
751 1363 1092 1468 contingentium,
1129 1361 1196 1445 sed
1224 1364 1372 1448 debent
1398 1365 1664 1454 determinatae

224 1475 393 1589 personae
407 1475 610 1585 applicari,
628 1474 693 1556 nisi
718 1477 805 1584 quis
827 1469 1000 1582 expresse
1018 1469 1210 1587 relinquat
1225 1473 1523 1587 applicationem
1545 1485 1663 1595 Cliti·

223 1596 282 1674 ilo
296 1586 359 1674 vel
375 1585 486 1673 alicui
504 1585 647 1685 sancio,
667 1584 784 1697 quod
805 1589 846 1666 in
864 1588 942 1667 boc
960 1585 1044 1669 casii
1063 1615 1147 1670 non
1166 1593 1342 1700 contigit.
1398 1592 1479 1673 Sed
1500 1591 1667 1704 respon·¹

223 1704 306 1789 deri
332 1705 471 1813 potest,
495 1697 787 1783 suennideui
814 1697 1119 1783 disbibutionem
1140 1701 1255 1785 taciti
1273 1698 1463 1814 reliquisse
1487 1706 1660 1806 Christo,

222 1842 265 1902 ut
282 1816 564 1899 distribueretur
585 1815 705 1922 gratia
731 1812 990 1896 conversionis
1016 1821 1122 1917 juxta
1136 1822 1418 1926 congruitatem
1445 1812 1516 1901 soli
1543 1821 1659 1906 DEO

187 2006 191 2011 .
219 1953 366 2015 uotam.

331 2153 470 2239 XXVI.
525 2153 569 2237 L
603 2175 635 2248 5·
678 2149 728 2236 C.
760 2176 824 2233 ii.
880 2155 982 2234 cum
1019 2149 1252 2235 Conventus
1288 2147 1444 2265 legeret.
1472 2180 1659 2277 magnum
1774 2218 1781 2226 .

217 2260 436 2354 Psalterium
466 2264 540 2371 (id
563 2266 639 2363 est,
673 2290 765 2363 iio.
795 2257 996 2370 Psalmos)
1025 2290 1098 2374 pro
1123 2264 1345 2362 animabus,
1370 2268 1413 2352 S.
1435 2271 1656 2357 Genrudee

214 2377 976 2578 issliissiillbnisissss
992 2376 1259 2599 silisis
1285 2373 1507 2575 3033?ss
1527 2408 1655 2599 ili}

216 2608 367 2716 instigat
390 2630 468 2698 me,
488 2601 602 2714 quod
630 2603 680 2684 ad
704 2609 1002 2712 uniuscujusque
1024 2628 1155 2711 preces
1177 2610 1336 2684 nimium
1355 2631 1556 2688 numerum
1582 2608 1653 2689 ab·

214 2715 327 2806 solvo
364 2723 587 2800 animatum.
665 2716 850 2797 Attamen
879 2716 931 2796 ad
957 2709 1173 2825 quemlibet
1200 2717 1347 2799 versum
1379 2711 1548 2801 Psalterii
1574 2743 1653 2806 tres

213 2836 359 2918 animas
387 2827 581 2941 assignabo
608 2825 865 2910 redimendas.
935 2831 1049 2910 Tunc
1076 2829 1289 2911 Gerttudes
1313 2823 1521 2938 specialiter
1546 2858 1652 2944 quae·

215 2944 300 3030 fivit
321 2969 402 3055 -pru
424 2938 475 3038 se,
498 2963 600 3053 quot
629 2939 698 3022 sibi
726 2940 909 3022 tribueret
943 2944 1098 3023 animas.
1157 2943 1237 3024 Cui
1268 2942 1463 3025 Dominus
1491 2941 1651 3054 respon·

216 3059 293 3141 diti
330 3058 554 3139 Animarum
583 3077 644 3136 tot
670 3047 931 3134 multitudines
950 3050 1093 3162 assigno
1115 3052 1380 3138 adorationes
1402 3078 1487 3137 tuas
1505 3051 1650 3165 persol-

214 3171 388 3263 vendas,
413 3191 516 3280 quot
546 3165 690 3249 vicibus
714 3163 883 3276 linguam
912 3170 1170 3248 commoveris
1201 3166 1250 3247 ad
1281 3161 1446 3275 aliquod
1487 3166 1649 3255 verbum

211 3277 392 3368 Psalterii.
473 3282 553 3363 Sed
584 3283 662 3362 noc
690 3280 815 3360 modo
830 3352 833 3356 .
849 3273 1000 3388 singulis
1028 3277 1166 3359 diebus
1195 3302 1441 3362 evacuaretur
1466 3307 1650 3391 purgato·

213 3401 327 3490 rium,
350 3401 472 3476 immo
504 3388 607 3476 nulla
630 3396 753 3474 anima
780 3388 1028 3472 descenderet
1052 3391 1101 3473 ad
1130 3394 1391 3503 pavimentum
1422 3401 1647 3505 purgatorii,

212 3509 336 3594 sedin
354 3502 533 3589 descensu
557 3514 631 3612 jani
652 3504 883 3615 exspesiaret
903 3529 946 3586 ac
967 3507 1213 3586 interveniret
1235 3500 1373 3616 aliquis
1404 3505 1531 3589 versus
1550 3498 1658 3592 Psilss

212 3627 298 3706 tetii
319 3647 395 3729 pro
416 3627 493 3726 ejus
521 3615 759 3701 liberatione.
830 3619 924 3699 ilem
948 3614 997 3697 fic
1019 3616 1197 3704 deducor
1241 3643 1420 3729 ternpore
1443 3622 1646 3707 Gertrudis

212 3760 356 3842 nempe
383 3738 483 3815 circa
509 3759 652 3815 annum
684 3759 806 3829 1300.
842 3724 1002 3812 Ecclesia
1031 3730 1360 3842 constringebatur
1387 3729 1470 3816 sere
1493 3736 1533 3816 in
1564 3729 1646 3821 sola

215 3851 382 3956 Europa,
406 3851 496 3955 quia
516 3849 693 3928 America
713 3849 753 3924 δι
772 3842 880 3925 ludia
899 3837 1102 3925 Orientalis
1119 3847 1295 3926 nondum
1318 3869 1399 3929 erat
1420 3856 1576 3940 retesti,
1601 3873 1644 3929 u·

214 3964 352 4044 iiiiec
382 3985 498 4072 regna
529 3956 671 4045 Africa
702 3952 802 4042 ultra
831 3967 1083 4069 aquatoreiii.
1164 3950 1338 4068 Reliquae
1361 3961 1645 4151 Provincixstiln
