3796 4994
186 440 189 445 .
225 351 292 454 86
642 352 756 496 Ιὶεὲ.ι
773 337 923 446 Prasl.
948 375 1004 446 ex
1031 335 1232 476 Gersone.
1260 404 1266 409 -

227 549 281 635 de
302 550 425 633 Maria
445 550 590 662 Virgo,
616 578 702 662 quae
729 545 978 637 conservabat
1000 556 1132 634 omnia
1156 547 1273 634 verba
1298 546 1500 633 conserens
1522 545 1565 629 in
1588 571 1673 629 cot·

230 666 282 748 de
305 661 388 760 suo,
411 665 661 774 postmodum
686 663 884 778 Apostolis
911 661 1111 777 pracsertim
1139 668 1249 748 Lucae
1282 658 1383 773 sacra
1406 662 1581 771 mysteria
1606 661 1674 747 fibi

228 775 299 863 soli
323 778 468 861 credita
492 772 673 875 disseruit,
703 807 784 864 non
807 782 856 863 ad
876 786 1116 889 jautntiam,
1142 783 1234 891 quia
1255 806 1337 859 non
1356 777 1505 859 tamdiu
1528 777 1674 858 tardas-

166 936 173 965 »
228 886 308 990 set,
337 919 425 975 cum
451 919 571 977 omne
597 897 729 977 vitium
753 921 922 1006 praeceps
945 892 1002 991 fit,
1026 889 1090 977 sed
1112 894 1163 978 ad
1187 887 1359 977 Ecclefiae
1380 883 1677 1001 Religionisque

230 1004 538 1094 aedificationem.
597 1013 845 1115 Quinetiam
873 1010 1041 1092 devotus
1063 1009 1306 1103 uernardus,
1334 1015 1404 1118 qui
1429 1010 1547 1087 toties
1567 1004 1675 1103 iussit,

232 1148 277 1206 ut
298 1123 423 1204 homo
453 1125 612 1205 virtutes
634 1119 714 1205 suas
732 1118 817 1234 plus
843 1120 1055 1206 abscondat
1086 1126 1201 1205 etiam
1233 1115 1518 1203 familiarilsrmis
1539 1122 1580 1201 &
1608 1123 1679 1205 de·

231 1233 454 1332 votissrmis,
482 1233 603 1348 quim
638 1230 700 1320 alii
727 1239 818 1321 vitia
843 1231 907 1321 sua
931 1234 1127 1320 occultate
1152 1232 1338 1348 satagunt,
1368 1227 1510 1346 pluries
1532 1232 1584 1319 de
1607 1231 1679 1319 suis

233 1350 352 1434 donis
372 1354 413 1433 &
436 1353 563 1464 gratiis
586 1375 655 1462 per
683 1345 1055 1462 contemplationem
1078 1351 1227 1462 adeptis
1249 1343 1375 1461 palam
1399 1347 1546 1432 nedum
1566 1345 1681 1462 loqui

234 1460 301 1550 scd
335 1459 529 1560 scribere,
564 1491 648 1547 non
671 1463 746 1549 esse
783 1461 997 1577 superbiam
1029 1465 1231 1548 arbitratus
1262 1465 1327 1571 est.
1399 1469 1496 1571 Quo
1530 1460 1680 1575 pacio?

235 1581 427 1692 quoniam
450 1578 529 1661 hoc
547 1604 662 1689 agere
685 1606 768 1667 non
796 1576 1059 1690 compellebat
1080 1584 1226 1662 vanitas
1249 1571 1315 1660 sed
1334 1576 1517 1663 charitass
1546 1583 1587 1660 δε
1607 1585 1682 1679 jam

236 1696 279 1777 in
302 1687 524 1775 humilitatis
545 1719 645 1776 terra
668 1693 839 1777 radicem
864 1699 1036 1790 virtutis,
1059 1719 1110 1789 ne
1132 1698 1315 1795 jactantiae
1345 1717 1436 1774 aura
1462 1686 1682 1791 velleretur,

234 1800 314 1891 alte
340 1803 554 1890 demiserit.
609 1812 702 1892 Haec
720 1806 880 1891 charitas
903 1811 941 1890 δι
965 1807 1226 1893 aedificationis
1243 1805 1442 1891 'necesfitas
1461 1801 1486 1888 al
1508 1802 1684 1917 praesum·

236 1923 382 2037 ptionis
407 1915 619 2033 suspicione
644 1924 689 2007 B.
711 1917 872 2005 Paulum
895 1916 1115 2019 absolvunt,
1144 1925 1235 2034 quia
1254 1945 1414 2031 propter
1435 1913 1684 2004 subintrodu-

240 2043 328 2121 uos
348 2029 462 2118 falsos
492 2032 712 2147 apostolos,
754 2039 824 2148 qui
855 2030 1045 2146 gloriosos
1073 2033 1111 2120 se
1140 2035 1413 2131 monstrabant,
1443 2039 1684 2120 authoritatis

239 2146 314 2236 suae
342 2149 499 2260 pondus
536 2155 692 2233 coactus
718 2151 771 2232 est
794 2145 1010 2260 propalare.
1065 2153 1128 2234 Est
1149 2153 1263 2262 igitur
1285 2177 1367 2233 non
1393 2147 1578 2262 quaelibet
1604 2176 1686 2234 ma·

243 2260 437 2349 nifestatio
464 2258 709 2347 revelationis
730 2262 798 2345 srbi
816 2261 925 2347 facia
950 2289 1132 2376 arrogans
1156 2260 1219 2348 vel
1244 2261 1417 2373 superba,
1443 2260 1509 2347 sed
1534 2292 1582 2347 ea
1603 2290 1689 2347 tan·

50 2410 57 2417 ·
106 2464 110 2469 ,
147 2365 158 2375 ”
243 2377 470 2473 tummodo,
499 2403 587 2490 qua
609 2375 652 2460 fit
673 2382 849 2474 inaniter,
876 2379 1003 2474 vani,
1030 2378 1243 2491 &absque
1269 2376 1396 2462 stueiu
1427 2377 1691 2464 aedificationis

112 3380 114 3385 .
163 3299 173 3395 ss
248 3320 290 3385 te
319 3314 476 3390 ortarat,
496 3295 537 3376 in
561 3290 793 3379 defensionis
811 3290 883 3377 suae
905 3299 1160 3406 patrocinium
1185 3318 1320 3377 contra
1346 3290 1589 3379 accusatores

244 2494 309 2578 vel
336 2486 496 2589 confilii,
527 2485 594 2575 sed
613 2491 658 2576 fit
676 2493 727 2574 ad
744 2493 1037 2578 exonerandum
1064 2498 1261 2577 tumorem
1287 2490 1428 2593 anites,
1459 2494 1574 2576 &ad
1600 2489 1691 2576 scal·

237 2605 420 2721 vpendum
448 2610 661 2717 prurientes
683 2632 792 2690 aures
811 2607 1037 2691 adstantium
1065 2605 1205 2691 curiosa
1233 2606 1454 2713 hujusmodi
1472 2611 1691 2692 narratione

244 2725 469 2806 vanitatum.
551 2723 595 2801 ln
617 2717 852 2805 saecularibus
885 2722 1034 2805 assibus
1055 2716 1212 2805 laudare
1244 2718 1281 2805 se
1311 2723 1439 2831 potest
1463 2724 1589 2806 bomo
1613 2723 1692 2807 srne

241 2833 375 2949 culpo,
402 2835 496 2919 dum
519 2828 592 2918 suae
620 2831 853 2920 defensionis
876 2861 987 2948 urget
1007 2835 1222 2922 neceffirass
1251 2837 1314 2920 Sic
1340 2829 1490 2918 Tullius
1506 2863 1692 2948 peroran-

247 2951 329 3046 do,
350 2941 627 3060 repelleretur
655 2955 695 3034 in
721 2945 905 3046 exilium,
936 2948 1266 3035 conservationem
1288 2953 1450 3033 civitatis
1477 2950 1694 3035 tomanaei

247 3062 287 3150 se
313 3061 477 3161 faunu,
504 3063 658 3176 aliaque
685 3068 840 3179 egregia
868 3091 989 3176 opera
1016 3061 1070 3148 sui
1098 3059 1331 3157 Consulatrls
1359 3071 1693 3152 commemoravit.

241 3172 313 3265 ¹Sic
330 3180 464 3290 Scipio
491 3174 695 3263 Africanus
723 3181 984 3290 triumphum,
1011 3207 1130 3293 quem
1155 3180 1207 3262 de
1233 3181 1472 3290 Carthagine
1496 3176 1694 3378 lisbiupatc

1624 3320 1693 3377 uos

247 3434 272 3493 a
302 3382 448 3519 eg¹avitr
476 3403 718 3492 &uterlibet
745 3407 897 3521 absque
921 3412 1180 3520 imputatione
1201 3408 1250 3491 ad
1277 3413 1505 3508 melantiam.
1563 3413 1631 3494 Sic
1658 3413 1692 3490 δι

233 3524 430 3634 reperies,
457 3521 570 3634 quod
590 3547 770 3634 parentes
788 3524 948 3625 Joannis
972 3528 1144 3636 Baptistae
1165 3549 1244 3605 non
1271 3516 1420 3632 garrula
1443 3527 1496 3605 &⁴
1511 3550 1612 3608 vana
1633 3550 1694 3607 cu·

248 3634 420 3721 riofitate
440 3630 552 3747 super
568 3630 729 3735 nomme
746 3640 857 3749 pueri
878 3632 1155 3722 revelationem
1173 3635 1241 3719 srbi
1259 3635 1399 3720 faciam
1422 3631 1694 3747 vulgaveruntr

246 3741 353 3834 illam
385 3749 515 3834 drcere
547 3728 703 3837 extorsrt
731 3745 811 3836 sola
842 3748 1063 3854 necessitas,
1094 3753 1186 3834 dum
1217 3755 1254 3831 in
1282 3750 1572 3837 circumcisione
1603 3778 1696 3863 puer

149 3933 160 3943 .
247 3889 396 3952 nomen
425 3860 518 3949 esset
543 3889 779 3975 accepturus.
837 3864 1080 3950 Addendum
1108 3891 1238 3948 tamen
1266 3867 1332 3959 est,
1361 3866 1476 3977 quod
1499 3861 1581 3950 vult
1598 3872 1696 3952 Gre-

231 3983 381 4097 =·gorius
405 3982 446 4062 in
461 3975 606 4078 'Diale²
631 3976 886 4063 bumilitatem
903 4004 1031 4065 veram
1056 4007 1137 4063 non
1159 3974 1233 4062 esse
1256 3984 1505 4090 pertinacem,
1536 3976 1603 4065 sed
1626 3979 1695 4063 ob·

195 4169 199 4176 .
249 4116 528 4212 ¹temperantem
554 4120 643 4180 cum
678 4118 874 4183 tremores
924 4098 963 4175 bc
989 4090 1105 4209 plani
1133 4121 1217 4178 non
1242 4088 1457 4194 humilitas,
1481 4092 1549 4182 sed
1574 4091 1697 4206 super·

1607 4210 1700 4293 burn

979 4326 1002 4383 s
