3796 4994
224 340 241 433 t
262 338 325 434 14
594 299 766 433 Regula
790 325 847 393 ex
874 297 995 396 Carti.
1019 296 1073 397 de
1093 303 1286 397 Laurea,

212 537 263 602 -ut
285 508 402 597 refert
425 496 593 620 Ephrem
617 510 749 619 Syrus,
780 503 872 589 dum
898 508 937 589 in
962 506 1091 590 media
1120 512 1239 590 nodie
1265 502 1413 590 divinas
1436 498 1573 591 laudes
1608 512 1668 592 ca·

218 654 343 724 neret,
368 626 467 708 vidit
500 618 626 706 lucem
665 647 843 732 magnam
879 624 917 704 in
945 617 1081 719 Cella,
1111 625 1149 703 dt
1175 647 1313 703 vocem
1342 618 1411 703 sibi
1443 619 1671 708 dicentemr

61 758 68 833 ,’
219 750 364 830 Beatus
390 767 444 836 es,
473 732 681 849 nullusque
708 741 764 819 tui
792 733 942 833 similis,
966 741 1035 848 qui
1063 763 1201 820 omnes
1224 730 1444 821 voluntates
1477 765 1585 821 meas
1605 766 1673 823 ex·

217 856 340 973 plesti.
399 857 453 938 At
473 857 529 936 vir
551 853 629 934 Dei
658 848 866 962 agnoscens
891 844 1077 933 fallaciam
1099 856 1173 936 air:
1226 856 1263 933 O
1293 845 1410 962 plene
1431 847 1529 936 dolo
1554 879 1674 966 atque

159 1007 170 1017 ‘
220 978 332 1060 omni
350 965 524 1056 fallacias
552 995 629 1080 ego
652 970 776 1048 homo
807 990 989 1076 peccator
1010 963 1110 1055 sums
1149 962 1215 1049 sed
1239 993 1385 1051 nomen
1407 971 1570 1052 Domini
1597 974 1674 1050 mei

220 1083 314 1195 JEsu
338 1086 479 1168 Christi
499 1085 593 1166 mihi
610 1108 739 1164 nrutus
760 1082 825 1181 est,
853 1085 892 1163 in
912 1108 996 1276 <prro
1021 1105 1061 1165 te
1090 1085 1252 1192 increpo
1274 1081 1477 1165 immunde
1502 1087 1606 1166 canis
1633 1089 1671 1167 ὅ(

221 1205 343 1289 statim
367 1201 537 1284 evanuit.
593 1201 641 1280 Et
666 1197 839 1279 Simeoni
855 1196 924 1308 Sty
941 1200 1000 1279 itae
1017 1201 1193 1307 apparuit
1207 1198 1359 1280 dicens:
1387 1197 1585 1282 Dominus
1601 1202 1673 1283 mi·

223 1316 268 1404 fit
290 1344 355 1401 me
373 1308 554 1427 angelum
586 1307 713 1407 suum,
746 1334 786 1393 ut
806 1315 950 1421 rapiam
981 1334 1035 1410 te,
1065 1312 1159 1395 sicut
1184 1316 1291 1422 rapui
1316 1308 1449 1395 Eliam.
1523 1317 1676 1426 optant

223 1459 264 1517 te
291 1433 425 1515 videre
452 1424 565 1511 sanni
596 1421 752 1539 Augei,
781 1420 975 1534 Apostoli.
1006 1431 1079 1509 &n
1138 1428 1193 1509 At
1222 1454 1309 1510 curn
1336 1429 1497 1510 Simeon
1519 1424 1674 1514 elevans

224 1552 403 1634 dextrum
426 1544 586 1663 pedem,
614 1567 656 1624 ut
683 1535 903 1624 ascenderet
930 1544 968 1623 in
1002 1568 1166 1637 curnam,
1197 1539 1357 1653 signaret
1381 1538 1418 1624 le
1447 1541 1557 1656 signo
1589 1572 1673 1629 cru·

224 1669 290 1765 cis,
321 1664 442 1743 statim
471 1660 655 1743 evanuit.'
712 1661 768 1737 lta
800 1679 925 1739 narrat
956 1657 1152 1739 Antonius
1182 1652 1384 1768 discipulus
1412 1661 1451 1739 in
1479 1667 1559 1767 ejus
1586 1663 1672 1744 vita.

223 1781 268 1862 In
296 1783 373 1860 vita
390 1774 592 1859 Pachumii
612 1770 788 1866 habetur,
818 1771 932 1882 quod
959 1771 1130 1881 quadam
1153 1777 1239 1854 viee
1263 1799 1316 1855 eo
1341 1798 1481 1855 orante
1499 1780 1673 1886 appatuit

222 1888 278 1977 illi
296 1893 464 1975 doemon
483 1889 637 1971 dicens:
666 1887 877 1981 pachomi,
904 1912 982 1997 ego
1002 1881 1082 1969 sum
1107 1885 1300 1985 Christus,
1329 1893 1369 1970 δε
1402 1890 1521 1970 venio
1552 1889 1604 1972 ad
1634 1915 1673 1975 te

220 2002 385 2092 fidelem
404 2007 568 2089 amicum
587 2028 731 2084 meum.
790 2002 845 2085 At
869 2005 1101 2083 l’achomius
1127 2003 1334 2084 dixitintta'
1358 1997 1406 2084 se.
1467 2003 1672 2088 Adventus

221 2126 360 2207 Clitiiii
387 2113 614 2230 tranquillus
640 2119 713 2204 esta
752 2143 828 2228 ego
851 2141 982 2198 autem
1007 2143 1109 2199 nunc
1135 2116 1308 2199 turbatus
1335 2121 1444 2206 variis
1465 2124 1672 2231 cogitatio

221 2231 337 2324 nibus
359 2236 488 2321 aestuo.
545 2234 593 2314 Et
617 2232 765 2343 signans
789 2228 826 2313 se
851 2230 956 2342 igno
979 2236 1098 2314 crucis
1126 2257 1172 2314 ac
1201 2231 1389 2314 exufflans
1413 2237 1451 2313 in
1473 2227 1584 2318 illum
1617 2235 1673 2320 di·

219 2343 299 2440 dits
328 2346 482 2432 discede
504 2343 528 2432 a
548 2371 611 2429 me
627 2342 803 2429 Diabole
824 2351 899 2430 uc.
928 2351 966 2428 ἃ
992 2340 1126 2429 relicto
1143 2343 1290 2432 foetore
1312 2343 1479 2430 distellit.
1539 2350 1587 2433 ld
1609 2376 1673 2434 au·

215 2484 317 2573 aem,
339 2463 453 2578 quod
476 2463 641 2545 doemon
666 2456 764 2544 solet
786 2457 915 2545 facere
935 2464 973 2543 in
993 2456 1131 2544 somno
1159 2457 1227 2545 vel
1244 2456 1394 2572 vigilia,
1424 2467 1560 2569 majori
1586 2492 1672 2550 cum

215 2576 365 2669 llducia
386 2577 476 2661 facit
498 2584 538 2659 in
555 2575 688 2678 filiast,
712 2603 829 2688 quam
850 2571 930 2686 ipse
954 2572 1069 2660 efficit
1090 2571 1259 2660 inservis
1283 2581 1374 2672 Dei,
1400 2583 1470 2687 qui-
1487 2578 1555 2664 nifi
1576 2583 1674 2664 cauti

222 2700 311 2795 sint,
339 2689 485 2777 facilius
511 2697 550 2774 in
577 2696 757 2776 oratione
784 2685 848 2773 illa
876 2693 1003 2802 decipi
1028 2687 1192 2801 poliunt.
1254 2695 1328 2773 Hic
1356 2716 1486 2775 autem
1514 2688 1673 2779 effecius

223 2804 455 2896 turbationis
482 2812 520 2888 in
551 2809 765 2889 Pachomio
795 2806 845 2888 ad
869 2800 1069 2916 loquelam
1097 2801 1244 2888 diaboli
1272 2834 1357 2889 cum
1391 2813 1674 2919 cogitationum

150 2997 153 3003 .
218 2929 441 3013 estuatione
463 2921 585 3008 debet
600 2916 693 3004 sumi
721 2947 794 3030 pro
819 2947 901 3002 uno
918 2920 1027 3031 signo
1053 2919 1206 3003 visionis
1230 2917 1296 3004 seu
1313 2916 1562 3008 revelationis
1585 2924 1673 3010 doe·

223 3050 418 3128 moniaea.
472 3041 580 3121 licet
596 3043 699 3120 enim
726 3039 840 3117 eriam
859 3039 899 3117 in
916 3034 1054 3118 divinis
1075 3036 1379 3146 apparitionibus
1401 3042 1439 3117 ἃ
1465 3035 1674 3124 revelatio·

211 3156 339 3242 nibus
363 3159 507 3237 oriatur
535 3149 665 3264 aliqua
688 3149 872 3247 turbatio,
899 3175 941 3234 at
964 3150 1129 3234 Abrahae
1146 3155 1185 3233 dc
1210 3156 1252 3234 B.
1275 3155 1425 3262 Virgini
1450 3157 1606 3250 accidit,
1630 3181 1674 3237 ea

222 3298 353 3356 tamen
381 3296 454 3351 nec
480 3269 689 3351 vehemens
714 3266 789 3363 est,
825 3292 898 3348 nec
937 3265 1003 3351 diu
1034 3265 1172 3353 durats
1208 3270 1246 3348 dc
1273 3275 1360 3377 polt
1389 3292 1474 3351 earn
1505 3267 1674 3384 sequitur

222 3384 448 3471 conlolatiO.
1239 3456 1242 3461 .

216 3606 220 3619 -
277 3604 284 3613 .
329 3537 495 3668 Regula
537 3525 846 3641 18;,Extafis
883 3525 1094 3647 divinae,
1131 3528 1305 3659 saltem
1337 3531 1614 3666 partialiter
1644 3534 1673 3640 d

223 3678 342 3786 Deo
382 3670 661 3814 produlia,
696 3673 747 3774 id
770 3673 870 3788 est,
908 3670 936 3777 ὲ
972 3672 1090 3777 Deo
1129 3699 1500 3792 concurrente,
1537 3678 1695 3818 figna.

221 3824 336 3929 sunt
367 3815 727 3954 tranquillitas,
755 3818 992 3945 suauitas,
1027 3840 1181 3953 atque
1217 3816 1539 3942 jucunditas,
1576 3822 1671 3924 hu·

219 3963 426 4076 nautas,
457 3965 697 4076 devotio,
728 3988 787 4063 ac
819 3957 979 4061 sande
1008 3959 1215 4063 ,vivendi
1239 3959 1544 4100 desiderium
1567 3963 1674 4071 sua·

51 4227 65 4241 ,
206 4108 345 4231 ,dens
374 4102 529 4241 bona.
576 4123 640 4211 sb.

1428 4352 1432 4359 .
1536 4261 1671 4383 ,Regu-
