3796 4994
221 355 318 471 too
592 326 765 460 Regula
788 354 847 431 ex
875 326 997 477 dard,
1021 329 1076 446 de
1098 337 1290 449 aurea.

396 538 399 543 ’
763 575 894 712 ca
925 579 994 714 P.
1073 580 1141 716 V.

238 843 544 1026 'Regula
587 845 903 983 Laurentii
942 848 1233 988 Brancati
1276 832 1684 1013 Cardinallss¹

605 1052 667 1164 de
703 1055 912 1167 Lnuraea
948 1053 1073 1162 oid
1108 1056 1238 1169 Min.

388 1341 528 1473 Egula
580 1371 619 1444 r.
694 1331 1182 1478 contemplationes
1227 1369 1287 1444 ae
1340 1344 1555 1454 visiones
1593 1370 1682 1452 eoi

220 1338 380 1707 R
418 1512 572 1598 rum,
615 1486 703 1620 qui
750 1481 970 1601 docent,
1016 1503 1109 1588 aut
1145 1480 1385 1590 sedantur
1421 1488 1673 1629 sequentia

420 1655 630 1729 erronea
679 1630 960 1762 principia,
1008 1621 1073 1727 ad
1119 1623 1367 1734 illufiones
1415 1629 1675 1740 doemonis

219 1756 490 1873 feferendae
526 1771 652 1871 lunt
738 1780 808 1870 De
837 1777 953 1865 Orat.
990 1775 1112 1892 opusc·
1141 1808 1178 1863 a.
1216 1778 1257 1865 Ca
1286 1810 1327 1884 4.
1359 1781 1427 1869 ubi
1456 1784 1506 1870 src
1535 1783 1685 1881 scribit..

62 2001 68 2012 ,
220 1908 404 1997 Referam
421 1935 523 1993 nunc
547 1935 696 1993 errores
718 1909 817 1992 circa
837 1908 1055 1989 orationem
1077 1899 1300 2011 mentalem.

202 2110 218 2141 .-
335 2022 475 2162 Prrm'r,
504 2065 574 2176 qui
593 2061 692 2144 circa
710 2061 930 2144 orationem
951 2049 1160 2140 mentalem
1185 2082 1372 2158 enarunt,
1393 2055 1476 2145 sunt
1492 2064 1677 2169 Euchira,

222 2177 293 2289 qui
321 2174 520 2260 docebant
550 2179 768 2259 orationem
798 2164 1008 2256 mentalem
1034 2167 1255 2254 faciendam
1281 2179 1408 2285 capite
1436 2175 1565 2264 versus
1594 2211 1676 2268 uma

221 2283 382 2374 bilicum
406 2293 579 2377 deflerent
622 2316 673 2373 eo
700 2293 802 2371 enim
826 2285 951 2369 modo
977 2281 1016 2368 se
1040 2284 1209 2390 divinam
1240 2289 1437 2398 quandam
1464 2285 1594 2383 lucem
1619 2302 1677 2385 vi·

221 2401 330 2604 pepe,
363 2404 611 2520 odoremque
635 2399 753 2490 sancti
773 2397 921 2516 spiritus
941 2402 1163 2512 concipere,
1186 2426 1305 2514 quem
1323 2429 1396 2516 per
1414 2430 1523 2495 nares
1542 2412 1679 2501 efflare

252 2546 274 2601 e
305 2544 426 2607 erent.

337 2648 438 2748 Alii,
460 2673 504 2736 ut
524 2646 748 2768 Begardt‘&
775 2647 960 2767 Bagrum,
981 2646 1020 2730 in
1045 2638 1236 2730 Concilio
1265 2647 1473 2738 Viennenli
1498 2648 1677 2749 damnati

218 2766 320 2851 inter
345 2762 443 2848 alios
471 2792 620 2850 errores
648 2766 880 2849 docuerunt.
922 2765 1071 2847 Primo:
1093 2761 1297 2844 bominem
1327 2761 1675 2881 contemplativum

218 2882 274 2965 ita
300 2875 455 2963 finalem
481 2879 762 2964 beatitudinem
792 2906 880 2961 cum
909 2879 1018 2960 omni
1057 2871 1307 2986 perfectionis
1345 2880 1465 2991 gradu
1491 2882 1603 2995 polle
1631 2895 1672 2974 in

221 2993 296 3079 hac
319 2998 395 3078 vita
420 2999 634 3109 acquirere,
649 2993 743 3077 sicut
763 2989 960 3077 obtinebit
982 2993 1023 3073 in
1048 2995 1179 3100 patria.
1232 2990 1439 3079 Secundo:
1461 2993 1574 3108 polle
1601 3031 1674 3117 per

48 3176 52 3191 ,
222 3105 596 3223 contemplationem
615 3109 666 3194 ad
687 3103 806 3192 talem
827 3106 990 3220 gradum
1010 3099 1258 3218 perfectionis
1282 3103 1502 3207 ascendere,
1518 3137 1562 3198 ut
1584 3119 1675 3204 red·

221 3223 335 3309 datur
353 3216 633 3336 impeccabilist
661 3228 700 3306 de
724 3224 794 3419 pui
816 3221 869 3306 ad
890 3215 1008 3308 talem
1027 3219 1190 3333 gradum
1210 3247 1452 3333 pervenerat,
1466 3253 1550 3313 non
1565 3253 1688 3320 tene·.

220 3335 334 3425 batur
357 3335 434 3424 ulla
457 3339 563 3424 bona
583 3365 705 3452 opera
746 3360 869 3422 acere.

333 3469 434 3571 Alii,
459 3496 502 3556 ut
523 3467 686 3555 refertur
706 3470 747 3551 in
777 3465 985 3554 Claronicis
1003 3465 1204 3547 Minorum
1224 3465 1325 3551 Part.
1348 3493 1388 3551 a.
1412 3466 1455 3558 1.
1477 3495 1517 3569 7.
1535 3471 1588 3560 C.
1607 3485 1686 3564 26..

221 3582 450 3687 docebant,
486 3589 707 3669 orationem
738 3577 947 3669 mentalem
969 3579 1050 3663 hoc
1084 3579 1212 3664 modo
1242 3576 1472 3669 faciendam.
1529 3591 1673 3672 Homo

218 3701 358 3812 quoad
382 3693 621 3786 intellectum
646 3690 793 3781 alienus
823 3690 899 3779 else
939 3690 1060 3779 deber
1090 3693 1142 3776 ab
1184 3697 1295 3777 omni
1335 3699 1579 3810 cogitatione
1613 3730 1675 3789 re·

219 3838 306 3899 rum
335 3810 594 3926 corporalium
620 3817 660 3894 de
693 3807 969 3923 spiritualiumr
1007 3812 1047 3891 dc
1071 3802 1218 3919 sperare
1248 3833 1293 3890 ac
1322 3819 1524 3922 expedare
1551 3815 1674 3902 debet

220 3931 476 4038 cogitationes
489 3922 591 4027 illas,
606 3952 703 4037 quas
718 3930 827 4010 Deus
845 3921 898 4006 illi
921 3928 1116 4033 imprimet
1138 3946 1182 4003 ac
1202 3915 1396 4009 infundet.
1453 3934 1552 4038 Quo
1576 3933 1671 4017 verb

218 4043 272 4125 ad
293 4070 445 4154 corpus,
465 4042 585 4125 debet
608 4048 734 4124 teitus
759 4045 875 4133 stare,
905 4038 1034 4119 stridit
1060 4029 1194 4134 labiis,
1228 4062 1416 4147 quantum
1439 4046 1582 4151 potest,
1610 4072 1672 4130 re·

213 4157 345 4262 tinent
365 4153 677 4272 respirationemr
706 4159 744 4237 δι
763 4153 886 4238 statim
898 4142 1034 4238 sentite
1047 4152 1206 4261 incipiet
1224 4155 1481 4239 mutationem
1499 4152 1670 4274 aliquam

265 4304 268 4309 .
304 4330 309 4334 ¹
1628 4299 1670 4358 m
