3796 4994
213 347 316 483 2'94
568 325 770 442 Reuelrr.
793 331 847 442 de
865 331 1059 475 Agr‘edn
1088 325 1201 440 'Pais
1220 328 1279 440 n.

180 583 184 588 ¹
332 557 398 650 56.
455 522 611 656 Quinto
644 545 710 629 die
746 548 952 630 Novennae
985 540 1133 630 ostensa
1170 546 1225 630 est
1265 550 1308 628 n.
1347 544 1504 658 Virgini
1542 542 1672 638 nat'uii

212 663 390 747 omnium
417 656 589 769 piscium,
611 655 829 754 volucrum,
856 663 896 741 δι
914 683 1139 743 ceterorum
1168 652 1391 790 animalium
1421 655 1671 770 imperfedo·

214 771 508 971 {reiffinqrfiillgsss
527 768 869 968 fflssllrlmpfius
890 777 1095 885 pracepit,
1130 794 1173 854 ut
1192 775 1233 854 B.
1258 774 1459 882 Virginem
1490 768 1672 883 agnosce·

337 1039 403 1113 59.
436 1015 558 1097 Sexto
591 1012 657 1095 die
687 1034 795 1121 rapta
820 1011 957 1095 denuo
984 1036 1128 1095 novem
1171 1011 1280 1094 horis
1311 1011 1442 1097 institit
1484 1015 1668 1113 orationi,

214 1153 337 1240 quam
372 1123 496 1210 finivit
541 1129 640 1209 hora
674 1126 797 1210 tet'tia
888 1131 1003 1209 ¹Hoc
1037 1125 1104 1207 die
1140 1122 1209 1235 ipsr
1250 1122 1396 1208 ostensa
1431 1130 1489 1214 est
1533 1154 1667 1215 natura

217 1244 391 1324 omnium
412 1236 633 1323 animalium
659 1240 901 1322 terrestrium.
985 1242 1079 1320 Hac
1103 1233 1255 1320 scientia
1287 1235 1357 1348 ipss
1390 1264 1473 1325 erat
1501 1242 1668 1332 nectua

119 1422 133 1448 ,
214 1358 285 1447 ria,
312 1377 355 1435 ut
374 1379 448 1462 pro
472 1351 654 1436 omnibus
683 1354 861 1434 creaturis
891 1349 1095 1462 condigna
1118 1352 1231 1436 Dfio
1254 1349 1513 1439 redderentur
1530 1358 1584 1442 ab
1603 1359 1668 1446 ali·

215 1490 299 1578 qua
316 1489 487 1550 creatura
503 1464 637 1549 laudes
662 1470 703 1547 de
729 1466 878 1575 gratier
915 1463 973 1547 hae
997 1468 1099 1547 enim
1128 1488 1202 1546 nec
1221 1462 1272 1545 ab
1295 1464 1382 1573 ipsis
1397 1464 1549 1581 angelis
1574 1501 1667 1559 corr-

215 1579 341 1688 diguae
360 1579 473 1661 reddi
489 1601 683 1693 poterant,
712 1580 801 1660 crim
828 1581 867 1658 δι
899 1572 1027 1687 angeli
1061 1603 1143 1659 ιιοιι
1171 1581 1302 1659 omnia
1334 1604 1460 1670 creata
1492 1585 1665 1695 perferre

216 1692 564 1801 comprehendant
656 1704 723 1774 6ι.
759 1693 819 1773 Eo
848 1689 913 1774 die
941 1697 984 1772 B.
1015 1694 1063 1772 V.
1094 1695 1209 1771 etiam
1240 1689 1411 1775 obtinuit
1443 1694 1665 1787 dominium

212 1806 258 1891 in
284 1800 398 1898 feras,
423 1806 567 1916 quibus
589 1802 708 1888 DEus
735 1807 937 1915 praecepit,
959 1826 1003 1886 ut
1025 1806 1155 1885 Mariae
1184 1800 1408 1893 obedirent.
1491 1813 1545 1894 Et
1567 1817 1665 1900 ime

215 1915 483 2001 obedientiam
527 1914 658 2029 sepius
705 1915 1001 2014 exhibuerunt;
1058 1912 1109 1998 fic
1146 1911 1314 2015 scimus,
1357 1921 1477 2030 quod
1512 1922 1594 2011 bos
1625 1934 1665 2013 de

46 2041 56 2056 ‘
139 2066 146 2095 ε
214 2026 340 2113 asinus
375 2034 417 2112 in
445 2026 602 2142 praelepi
634 2027 689 2114 ad
712 2031 917 2141 imperium
948 2030 1080 2114 Mariae
1108 2022 1229 2112 halitu
1262 2025 1332 2114 suo
1355 2028 1529 2136 Jesulum
1554 2038 1665 2128 fove·

217 2144 303 2227 rint.
330 2156 402 2225 60.

335 2282 402 2354 at.
435 2267 573 2353 Postea
601 2269 791 2380 cognovit
809 2273 855 2354 B.
874 2271 923 2356 V.
946 2271 1061 2354 etiam
1079 2292 1254 2356 naturam
1276 2271 1509 2379 humanam,
1534 2292 1664 2374 omnir

219 2373 323 2479 offa,
339 2385 520 2467 virtutem
543 2385 789 2481 nutritivam,
821 2385 1002 2467 virtutem
1042 2388 1275 2482 morricem,
1313 2407 1662 2498 temperamentum

216 2517 389 2607 quatuor
405 2496 642 2598 humorum,
674 2495 855 2610 &quod
881 2500 931 2581 ex
967 2492 1228 2609 inaequalitate
1251 2500 1461 2587 harmonia
1485 2517 1661 2600 omnium

217 2612 382 2724 partium
406 2613 579 2695 oriantur
606 2636 744 2697 omnes
765 2607 969 2711 morbi&
990 2604 1120 2723 qualia
1140 2606 1320 2695 adversus
1336 2616 1502 2703 morbos
1514 2623 1662 2714 'demur

218 2721 349 2805 media
370 2727 444 2807 &e
471 2723 554 2806 hec
577 2729 714 2826 omnia*
730 2718 866 2806 melius
885 2717 1087 2819 intellexit,
1115 2725 1232 2835 quim
1255 2723 1324 2836 ipss
1342 2727 1484 2842 angeli.

248 2925 250 2927 ,
336 2865 404 2950 63.
428 2855 475 2937 Β.
497 2857 620 2965 Virgo
642 2850 680 2935 se
700 2847 924 2936 humiliabat
939 2879 1020 2937 ιιοιι
1042 2853 1120 2939 stne
1147 2854 1402 2946 admiratione
1427 2863 1556 2954 divini
1578 2895 1661 2959 cor·

214 2961 515 3163 'td'rs'lfuogguod
536 2968 654 3053 Diius
680 2965 718 3050 ie
742 2962 975 3078 agnoscebat
995 2966 1104 3080 quali
1130 2964 1375 3084 obligatum,
1407 2977 1575 3151 adeam
1596 3013 1659 3071 α.
1702 2999 1709 3007 ·

335 3239 405 3308 71.
431 3208 559 3293 Mater
579 3205 669 3291 DEI
694 3204 830 3292 debuit
849 3207 925 3293 elle
948 3205 1101 3320 prorsus
1153 3210 1294 3301 erfena
1316 3221 1355 3302 δι
1374 3245 1513 3311 ornata
1534 3235 1661 3317 omni·

216 3319 293 3403 bue
319 3320 482 3418 divitiis,
507 3318 551 3404 u'r
565 3319 635 3431 ipli
656 3318 751 3413 nihil
774 3318 919 3407 deeffet
940 3323 993 3407 de
1013 3242 1196 3412 omnibus
1219 3329 1457 3441 poffibilibus
1480 3340 1600 3429 donis
1615 3370 1659 3430 ac

218 3435 375 3543 gratiisr
402 3430 470 3515 sed
493 3458 535 3518 ut
551 3429 670 3516 effenr
690 3434 964 3539 redundantes,
985 3441 1027 3521 de
1049 3465 1208 3527 omnem
1223 3441 1287 3528 vel
1305 3451 1504 3538 minimam
1527 3482 1657 3545 caren-

217 3547 312 3629 tiam
325 3540 497 3629 totaliter
514 3541 777 3633 excluderent.

233 3774 238 3785 .
316 3703 404 3808 ⁹72·
430 3655 608 3788 Seotimo
628 3679 693 3811 die
714 3682 922 3812 Novennae
944 3676 1018 3811 iuit
1045 3681 1096 3767 ab
1114 3681 1260 3797 angelis
1287 3691 1545 3833 corporaliter
1566 3730 1664 3815 pom,

217 3806 298 3872 tata
313 3815 354 3871 ιιι
372 3784 529 3888 coelum,
551 3792 646 3874 dum
666 3815 811 3876 interea
833 3789 974 3909 aquuu
998 3791 1156 3911 angelus
1183 3795 1377 3917 adempta,
1395 3803 1498 3898 illius
1530 3811 1656 3904 sormi

215 3905 299 4009 ejus
316 3905 418 3989 vices
438 3898 627 4016 supplevit
644 3908 686 3989 in
702 3928 813 3992 terra.

1449 4193 1520 4269 73·
1544 4130 1654 4260 'lunc
