3796 4994
627 282 1102 440 Revelaaderlgreda.
1117 292 1230 383 Pars
1243 293 1281 384 l.
1566 253 1669 410 267

215 494 366 579 throno
397 489 476 577 Dei
504 491 644 572 iterum
681 491 884 602 genuflexa
907 494 1044 603 gratias
1074 491 1166 604 egit.
1247 491 1288 574 δ’.
1316 482 1460 602 Angeli
1484 493 1598 603 proni
1623 485 1668 574 'in

214 604 298 690 suas
319 603 437 688 facies
467 601 506 686 se
533 607 776 714 projicientes
812 604 1091 688 venerabantur
1128 630 1276 688 nomen
1315 607 1458 687 Mariae.
1555 607 1670 689 Tunc

216 741 462 830 reportarunt
488 744 572 800 cam
595 722 635 800 in
659 743 794 800 manus
822 719 862 803 S.
888 724 1008 800 Anna
1031 721 1171 830 ignarae
1190 718 1397 829 gestorum,
1413 720 1505 828 quia
1531 712 1669 829 aliquis

216 828 376 945 angelus
404 829 631 915 assumendo
659 857 799 943 corpus
827 833 1102 943 phantasticum
1128 835 1275 917 interea
1296 827 1484 942 supplevit
1502 834 1542 914 in
1568 856 1670 925 terra
1732 835 1736 839 ’

216 953 322 1031 vices
344 952 384 1030 B.
408 949 587 1056 Virginis.
670 943 864 1042 Accedit,
897 944 1011 1058 quod
1034 948 1073 1030 S.
1100 945 1217 1029 Anna
1245 951 1391 1030 interea
1413 948 1529 1029 etiam
1554 967 1664 1056 rapta

216 1057 397 1144 fueritin
423 1057 581 1143 lidiasm.
667 1060 760 1142 Post
792 1066 888 1144 ocio
916 1062 1000 1143 dies
1029 1053 1312 1144 descenderunt
1339 1053 1609 1173 multi'angeli
1638 1085 1664 1142 e

216 1173 341 1270 coelo,
371 1196 545 1257 tenentes
569 1167 729 1270 scutum,
757 1175 901 1286 inquo
925 1197 1006 1257 etat
1024 1168 1203 1284 scriptum
1228 1198 1376 1258 nomen
1396 1174 1538 1256 Maria.
1612 1173 1667 1256 Hi

216 1283 433 1370 revelarunt
449 1289 487 1367 S.
508 1287 658 1382 Annae,
688 1285 803 1398 quod
822 1314 969 1370 nomen
990 1281 1076 1370 filiae
1107 1285 1151 1371 iit
1167 1291 1298 1371 Maria.
1380 1286 1435 1369 lia
1454 1286 1550 1371 verb
1574 1312 1662 1369 cum
1685 1331 1687 1335 ,

214 1403 253 1486 S.
274 1402 449 1502 Joaclrim
474 1400 595 1482 statim
626 1403 782 1483 vocavit
807 1425 998 1514 cognatos
1029 1405 1069 1483 dc
1098 1401 1385 1497 Sacerdotem,
1412 1405 1457 1482 .&
1483 1393 1666 1510 imposuit

215 1513 303 1597 filiae
323 1540 468 1596 nomen
489 1518 620 1595 Maria.
685 1510 826 1624 Angeli
851 1510 959 1599 fimul
976 1513 1171 1600 faciebant
1193 1512 1388 1610 muficam‚
1409 1541 1496 1627 quat
1513 1538 1663 1599 tantum

214 1628 445 1727 audiebatur
466 1626 489 1715 a
514 1651 634 1710 matre
658 1632 696 1708 dr
718 1623 810 1712 lilia.

336 1755 430 1843 336.
462 1743 594 1826 Liceat
629 1740 723 1836 tibi,
750 1767 779 1824 o
803 1745 1002 1842 Domina,
1025 1765 1252 1854 proponere
1276 1736 1444 1852 aliquod
1478 1738 1664 1830 dubiumr

215 1879 359 1964 nempe
390 1854 488 1944 hoca
535 1854 752 1966 quomodo
789 1852 872 1938 fieri
897 1860 1090 1967 potuerit,
1121 1853 1235 1966 quod
1262 1849 1379 1957 fueris
1410 1851 1663 1965 corporaliter
1748 1900 1751 1905 ·

216 1967 454 2067 translatain
474 1963 640 2057 coeluma
681 1995 769 2051 cum
791 1992 885 2052 tunc
902 1994 1027 2079 portat
1047 1963 1137 2052 coeli
1157 1967 1335 2051 nondum
1362 1963 1505 2050 fuerint
1523 1965 1662 2053 resera·

216 2106 286 2170 taer
314 2080 378 2165 sed
397 2084 569 2166 Christus
592 2107 655 2164 eas
673 2085 817 2191 primus
843 2081 1066 2194 aperuerit?
1097 2079 1309 2193 Respondit
1328 2082 1422 2164 milri
1452 2087 1496 2165 Β.
1518 2087 1664 2192 Virgot

217 2195 441 2287 Chariisrma
466 2192 561 2281 filias
592 2192 734 2278 coelum
756 2221 906 2281 tantum
933 2191 1007 2282 fuit
1031 2191 1198 2282 clausum
1219 2223 1295 2309 pro
1315 2199 1374 2297 iit,
1395 2198 1465 2308 qui
1483 2200 1562 2281 nati
1577 2193 1662 2280 fue-

217 2334 307 2395 runt
329 2314 370 2393 in
394 2334 560 2422 peccato
578 2310 767 2420 originali.
1469 2342 1474 2348 ·

338 2450 433 2524 343.
460 2431 503 2506 Β.
523 2427 648 2534 Virgo
672 2420 723 2504 ad
745 2450 810 2505 me
826 2422 941 2506 dixit:
968 2417 1105 2523 Volo,
1127 2447 1170 2507 ut
1192 2431 1347 2534 quoties
1372 2427 1569 2506 memoria
1588 2447 1664 2506 tuae

218 2540 538 2621 occurrit-meum
560 2563 720 2631 nomen,
738 2541 874 2646 gratias
891 2542 981 2619 Deo
1005 2563 1094 2648 agas
1127 2565 1201 2647 pro
1230 2531 1437 2647 privilegiis
1457 2539 1548 2619 huic
1569 2562 1664 2639 meo

219 2653 371 2734 nomini
394 2649 602 2740 concellus
630 2650 744 2762 quod
766 2648 793 2732 fi
816 2654 895 2735 hoc
918 2655 1140 2735 exercicium
1152 2655 1334 2759 omittas,
1353 2643 1462 2746 dole,
1480 2654 1518 2732 δι
1540 2645 1664 2737 fatere

220 2759 387 2874 culpam.
508 2837 511 2841 .
569 2825 575 2843 .
704 2862 709 2870 ,
781 2855 789 2872 ‚

338 2905 432 2980 344.
462 2879 594 2960 l’attus
609 2879 647 2960 S
664 2877 798 2974 Anna,
821 2904 905 2991 quo
926 2880 1076 2991 peperit
1098 2881 1140 2960 Β.
1159 2879 1374 2989 Virginem,
1394 2900 1475 2963 erat
1498 2879 1664 2961 omnino

217 3016 349 3101 putus,
378 2997 417 3074 δι
441 2990 537 3072 ideo
567 3017 649 3074 non
676 2992 878 3104 indigebat
906 2994 1194 3104 purificationes
1231 2986 1482 3075 nihilominus
1505 2987 1665 3099 subjecit

217 3098 349 3216 selegi
374 3103 660 3216 purificationis,
686 3103 818 3217 sicque
840 3130 969 3191 coram
990 3101 1117 3189 oculis
1141 3106 1347 3202 huminum
1373 3133 1455 3188 non
1475 3109 1593 3190 vetita
1610 3105 1667 3189 est

208 3219 340 3311 ‘videri
363 3227 549 3332 tanquam
565 3219 774 3303 immunda.
1056 3299 1058 3303 ,

342 3363 437 3436 345.
477 3333 569 3417 Post
592 3331 721 3416 linitos
743 3333 825 3416 dies
846 3330 1123 3443 purificationis
1147 3333 1186 3417 S.
1204 3330 1325 3417 Anna
1348 3322 1467 3417 filiam
1523 3335 1665 3417 ortauit

218 3448 258 3530 in
274 3441 439 3531 brachiis
460 3447 511 3531 ad
529 3448 668 3529 ostium
693 3443 929 3531 tabernaculi
952 3446 1224 3529 comitantibus
1243 3438 1372 3530 multis
1390 3358 1545 3558 angelis.
1603 3443 1663 3531 lbi

217 3553 353 3643 locuta
372 3563 427 3646 est
449 3557 599 3645 summo
623 3560 823 3643 Sacerdoti
847 3563 1098 3670 Sasimeoni,
1126 3563 1208 3672 qui,
1240 3556 1329 3644 cdm
1352 3555 1480 3644 multis
1499 3564 1606 3644 annis
1625 3554 1664 3645 se

221 3670 426 3759 detinuerit
453 3678 491 3759 in
519 3670 683 3784 templo,
706 3672 876 3757 obtinuit
900 3673 999 3755 hanc
1018 3678 1179 3784 gratiam
1200 3670 1224 3757 d
1246 3675 1353 3769 Deo,
1374 3677 1488 3787 quod
1514 3679 1560 3769 Β.
1575 3677 1662 3758 Vir·,

218 3788 349 3898 ginem
374 3795 544 3897 potuerit
565 3783 695 3898 laepius
721 3791 885 3899 propriis
910 3785 1258 3872 manibusofferre
1280 3794 1393 3876 Deos
1420 3791 1597 3899 quamvis
1623 3813 1665 3870 e·

218 3908 276 4007 jus
289 3899 575 4000 excellentiam,
594 3901 709 4015 quod
733 3899 825 3988 ellet
841 3905 969 3987 lutura
985 3924 1105 3984 mater
1125 3903 1219 3998 Dei.
1237 3929 1320 3989 noo
1344 3906 1561 4013 agnoverit.

959 4125 1070 4218 Lla
1572 4137 1668 4230 346.
1704 4140 1706 4144 ’
