3796 4994
229 333 331 440 226
507 333 583 456 De
596 329 797 450 Revelet,
817 333 923 430 Ven.
938 331 1101 426 Maria
1117 323 1380 463 deAgredas

227 540 299 640 dee,
318 530 387 623 l'ed
408 521 667 647 replicanda,
689 531 904 648 quomodo
925 535 982 616 &t
998 535 1121 618 varias
1153 531 1439 645 propofitionec
1469 530 1677 642 Scriptum

226 652 341 740 valde
369 645 554 733 difficiles.
583 674 621 733 v.
647 674 684 761 g.
721 653 761 732 in
797 641 966 759 Epistola
999 676 1033 732 r.
1060 648 1101 731 S.
1128 648 1314 748 Ioannis,
1360 674 1443 730 non
1480 648 1675 747 rejicimus

224 762 301 856 scd.
324 758 572 876 explicamus.
683 764 770 864 Jam
805 762 901 847 verb
937 752 1022 843 illas
1047 757 1356 871 propositiones,
1397 782 1464 843 aut
1494 755 1674 841 confimi·

223 876 283 965 les
310 883 386 988 jam
420 875 569 959 dudum
594 869 715 959 -fuille
752 895 926 982 receptas
970 865 1036 955 usu
1077 869 1291 972 fidelium,
1340 895 1449 986 patet
1486 897 1536 955 ex
1573 872 1674 954 Scri·

224 989 403 1105 peoribus
430 992 547 1072 etiam
579 988 770 1101 antiquis,
806 990 905 1070 inter
931 1013 1035 1098 quot
1063 990 1104 1069 dt
1139 979 1309 1098 Cyrillus
1336 982 1451 1071 Alex.
1476 990 1517 1069 in
1546 989 1672 1069 Hom.

225 1128 362 1191 contra
400 1104 657 1198 Nestorium,
707 1126 796 1213 quae
833 1101 1011 1183 recitatur
1044 1103 1084 1184 in
1119 1106 1268 1184 ociava
1301 1103 1434 1184 Nativ.
1467 1104 1512 1184 B.
1545 1100 1595 1182 V.
1630 1097 1673 1178 in

223 1219 432 1311 firmatio,
479 1213 604 1312 dicit,
649 1209 833 1309 bominem
872 1232 945 1323 per
996 1206 1099 1298 illam
1143 1206 1199 1298 ad
1239 1210 1370 1299 coelunt
1415 1208 1559 1297 reduci.
1593 1213 1673 1293 dte.

223 1334 371 1418 Verum
402 1329 563 1440 quidem
600 1328 686 1427 est,
724 1327 839 1439 quod
880 1326 1168 1437 propositiones
1206 1326 1398 1427 ejusmodi
1423 1346 1619 1437 ponantur
1646 1319 1671 1406 al

36 1497 46 1511 ,
224 1441 401 1528 Patribus
430 1435 578 1524 &aliis
609 1438 851 1523 Dodioribus
886 1435 1171 1550 exponibilia,
1214 1445 1253 1521 δι
1291 1437 1548 1552 indt‘ffirettter
1586 1460 1673 1548 quo

222 1556 353 1642 modo
399 1548 592 1664 loquendi
632 1552 762 1636 adbuc
798 1548 953 1664 poliunt
986 1558 1131 1664 exponi
1170 1557 1211 1636 in
1257 1546 1362 1636 sensu
1402 1555 1590 1662 tropico,
1626 1572 1672 1631 ac

223 1662 373 1762 causali,
405 1669 457 1748 ira
486 1690 530 1749 ut
556 1672 600 1751 B.
627 1668 751 1779 Virgo
777 1662 1010 1778 intelligatur
1036 1665 1273 1775 Reparatriac
1300 1661 1501 1764 bominum,
1531 1658 1671 1748 media·

223 1784 306 1871 bix
355 1783 474 1864 ralia.
505 1784 580 1862 &c
616 1803 802 1893 tanquam
838 1780 946 1863 caula
975 1778 1174 1876 mediata,
1218 1803 1410 1892 quatenus
1449 1781 1503 1862 est
1546 1799 1670 1860 mater

222 1895 305 1982 Me
332 1895 534 1979 tatoris-ac
562 1892 804 2004 Reparatoeir
836 1892 1075 1992 immediati,
1100 1887 1284 1978 videlicet
1312 1893 1472 1980 Christit
1510 1912 1669 1974 econtra

222 2013 325 2096 Ven.
353 2011 474 2090 Maria
502 2006 554 2091 dc
579 2007 734 2118 Agreda
762 2006 837 2089 hos
871 2005 1003 2090 titulos
1037 2030 1120 2089 non
1154 2001 1266 2090 sumit
1300 2008 1339 2090 in
1367 2002 1471 2090 sensu
1498 2007 1666 2115 tropico,

222 2148 269 2205 ac
304 2119 490 2218 mediato,
523 2115 660 2201 sedin
699 2115 804 2202 sensu
837 2119 1094 2226 immediato,
1135 2143 1329 2234 quatenus
1354 2121 1395 2204 in
1417 2142 1550 2203 mente
1581 2117 1668 2200 DEI

221 2229 331 2320 fimul
357 2259 446 2316 curn
491 2232 648 2316 Christo
682 2232 896 2344 ingreditur
926 2237 1118 2316 motivum
1154 2234 1407 2323 condonandi
1444 2230 1667 2318 hominibus

221 2343 449 2463 originalem
489 2338 671 2455 culpam,
708 2349 747 2429 δι
785 2342 1013 2430 confercndi
1037 2341 1258 2432 'salvationis
1303 2351 1486 2462 gratiam,
1528 2371 1665 2457 quam·

220 2463 280 2548 uis
317 2465 398 2565 ejus
426 2462 561 2542 merita
587 2458 638 2542 stc
677 2483 864 2544 moveant
900 2461 1031 2545 Deum
1066 2457 1175 2545 simul
1213 2488 1301 2544 cum
1347 2465 1491 2544 meritis
1527 2458 1664 2559 Christi

212 2595 265 2660 ¹ut
299 2570 517 2687 dignificata
545 2600 616 2685 per
644 2574 781 2658 eadem
814 2576 949 2658 merita
980 2572 1134 2658 Christi.
1248 2579 1361 2658 llanc
1392 2572 1468 2658 elle
1493 2596 1665 2657 mentem

217 2691 321 2774 Ven.
359 2688 489 2771 Maria
521 2686 574 2769 de
609 2687 769 2798 Agreda
803 2683 997 2798 colligitur
1038 2712 1088 2771 ex
1124 2692 1205 2790 eius
1238 2688 1573 2799 propofitionibus
1608 2691 1663 2768 in·

193 2792 278 2882 -lra
308 2796 578 2910 propofitione
614 2823 650 2896 ς.
692 2795 917 2885 referendis.
1033 2800 1115 2885 Sed
1146 2803 1233 2884 crlm
1264 2823 1391 2885 textus
1425 2804 1586 2886 Parrum
1622 2803 1661 2880 ἃ

218 2912 464 3007 ὓοᾶοῐυιη,
483 2907 737 3009 tribuentium
766 2916 811 2995 Β.
833 2914 982 3027 Virgini
1007 2914 1081 2996 hos
1113 2912 1268 3013 titulos,
1294 2914 1365 2998 sint
1384 2911 1662 3007 indifferentes

217 3048 265 3112 ac
286 3019 422 3221 ‹puoad
448 3015 593 3105 sensum
612 3018 815 3120 indefiniti,
835 3022 930 3112 ficut
951 3018 1023 3109 illis
1041 3052 1123 3110 non
1149 3029 1278 3139 potest
1296 3031 1406 3113 certo
1429 3027 1660 3123 determina·

216 3160 281 3225 tus
319 3132 426 3221 ensut
448 3136 501 3219 de
523 3139 764 3247 reparatione
789 3143 829 3219 dc
847 3139 1087 3223 mediatione
1110 3142 1332 3226 immediata
1353 3142 1484 3240 tribui,
1505 3146 1560 3224 ita
1581 3163 1662 3225 non

274 3250 346 3335 tell
371 3249 479 3334 certi)
496 3249 772 3334 determinatur
792 3247 915 3336 sensus
935 3252 985 3335 ab
1011 3256 1058 3335 iis
1086 3249 1250 3338 excludi
1327 3255 1432 3341 Cum
1460 3255 1560 3368 ergb
1579 3279 1660 3337 ccr-

238 3357 369 3449 bsciri
387 3389 468 3447 non
493 3360 632 3474 poliit,
663 3386 790 3448 utrum
816 3389 896 3449 non
925 3369 1130 3478 proveniat
1164 3393 1212 3451 ex
1236 3362 1388 3479 speciali
1411 3371 1658 3482 providentia

218 3464 325 3585 Dei,
355 3474 469 3589 quod
494 3481 625 3571 Patres
650 3480 691 3558 ἀ
721 3475 919 3563 Doctores
943 3477 996 3563 ub
1031 3476 1174 3563 fuerint
1196 3483 1367 3564 terminis
1393 3507 1473 3566 tam
1497 3506 1658 3596 genera·

211 3581 331 3709 libus,
361 3612 406 3671 ut
438 3587 567 3672 adbuc
595 3595 809 3701 reciperent
841 3587 987 3675 sensum
1013 3593 1065 3677 de
1090 3591 1313 3681 mediatione
1341 3619 1388 3678 ac
1416 3600 1658 3708 reparatione

214 3699 439 3817 immediata
461 3697 531 3785 suo
550 3724 728 3815 tempore
753 3699 990 3790 revelatione
1016 3702 1189 3792 Ecclesia
1211 3707 1477 3793 infinuandum
1497 3717 1657 3826 ejusque

216 3818 420 3901 attentioni
445 3809 741 3921 subjiciendum,
774 3818 926 3903 videtur
957 3844 1034 3903 tam
1055 3815 1267 3933 gloriosum
1296 3826 1340 3905 B.
1368 3827 1540 3937 Virginis
1566 3830 1656 3912 titu-

179 3920 298 4018 „lum
326 3922 521 4042 probabili
549 3925 786 4014 revelatione
823 3932 1047 4031 infiouatum
1080 3961 1162 4016 non
1190 3931 1299 4019 fuille
1323 3937 1445 4021 lbtim
1470 3963 1655 4050 tanquam

214 4050 422 4195 pnontutn
444 4041 718 4173 abjiciendum,
741 4040 808 4133 led
827 4041 955 4161 longo
975 4042 1147 4133 Ecclefiae
1174 4051 1339 4136 examini
1361 4072 1484 4167 atque
1509 4052 1653 4254 jucliscio

223 4190 228 4197 ·
1037 4186 1042 4197 ’
1325 4222 1327 4227 -
1543 4193 1586 4254 tc
1599 4193 1656 4253 cr·
