3796 4994
590 264 597 279 ι
644 322 820 458 Regula
842 348 899 477 ea
919 317 1028 421 Pico
1056 317 1259 422 Mirans.
1418 317 1420 320 ⁴
1578 336 1678 461 1³9
1706 288 1710 294 ⁵

211 539 296 655 tam
323 528 503 622 veritatis
532 527 703 646 togulam
724 527 819 618 licet
840 534 949 651 prius
975 525 1175 645 inspicere,
1193 555 1244 613 an
1272 531 1335 627 ea,
1361 528 1451 671 quae
1478 526 1683 644 proferun-

214 677 297 752 tur,
317 649 518 768 prioribus
544 644 784 734 consonent?
812 646 933 762 quarn
949 642 1307 769 declarent-vetera,
1322 670 1444 760 quarn
1463 644 1682 761 necessaria,

217 766 343 883 quaint
365 760 488 861 utilia,
513 762 635 878 quint
661 764 770 853 bona
789 759 1003 875 suadeant?
1069 840 1073 845 .

330 908 502 1040 Regula
545 937 622 1030 17.
665 901 726 1008 Iu
766 894 1163 1008 revelationibus
1214 892 1613 1036 inspiciendum,
1647 896 1685 1003 st
1774 908 1778 915 '

222 1048 468 1154 constans
504 1047 608 1184 ipsa
640 1041 882 1153 revelatio
919 1039 1088 1163 fuerit,
1122 1042 1158 1145 fi
1193 1042 1335 1147 sacris
1372 1045 1599 1149 consona
1632 1040 1693 1179 li·¹
1784 1031 1788 1044 ’

223 1188 356 1311 bris,
393 1189 428 1293 st
464 1187 531 1294 ad
574 1181 839 1294 honorem
888 1182 988 1291 Dei
1035 1181 1089 1293 δι
1137 1180 1422 1290 hominum
1470 1183 1685 1291 salutem
1793 1208 1798 1217 ·

223 1342 480 1472 pertinet,
519 1333 555 1434 sr
596 1362 708 1436 non
746 1325 1018 1453 abhorreat
1063 1325 1129 1435 ab
1175 1336 1243 1433 eis
1285 1325 1597 1448 visionibus,
1634 1322 1689 1434 dc

184 1568 188 1577 .
229 1475 390 1582 abeo
421 1470 662 1581 scribendi
697 1469 1046 1610 loquendique
1084 1467 1272 1592 modo,
1307 1502 1422 1607 quae
1456 1469 1689 1609 probatis

222 1625 350 1727 viris
388 1614 452 1723 ab
487 1614 698 1723 Ecclesia
734 1613 1102 1735 attribuuntur,
1136 1615 1170 1718 fi
1202 1611 1579 1745 similitudinem
1606 1647 1712 1756 ge·-

228 1782 312 1867 rat
348 1766 578 1865 cumeis
615 1755 900 1897 dequibus
942 1762 1055 1899 nod
1100 1753 1427 1889 dubitamus
1506 1777 1692 1897 Quodsi

228 1901 254 1990 ὲ
275 1894 463 1987 consueta
478 1893 761 1984 revelationum
773 1892 943 1983 formula
963 1896 1135 1997 recedat,
1149 1922 1216 1982 tut
1237 1883 1423 1996 nova'stt,
1438 1902 1556 1984 aut&
1574 1895 1693 2013 quid·

229 2022 337 2133 piam
363 2009 562 2100 insolitum
585 2010 747 2109 referat,
774 2013 959 2121 judicium
992 2008 1304 2127 suspendendum
1326 2013 1421 2110 est,
1453 2018 1492 2096 &
1525 2015 1694 2096 examini

232 2134 436 2220 maturiori
466 2130 716 2241 temporique
737 2123 1030 2234 subjiciendum.
1087 2134 1253 2214 Praenot.
1277 2129 1321 2215 L.
1343 2158 1382 2229 9.
1408 2128 1458 2215 C.
1485 2159 1520 2232 3.
1560 2128 1624 2211 Sic
1653 2128 1694 2211 dc

233 2242 378 2353 Jacob,
405 2271 495 2352 curn
524 2242 576 2325 de
597 2240 739 2327 somno
763 2237 924 2355 Josephi
943 2239 1068 2328 sermo
1086 2242 1306 2346 haberetur,
1325 2271 1408 2328 non
1432 2241 1697 2359 praecipitabat

235 2358 480 2454 sententiam,
500 2351 588 2461 sed,
612 2359 864 2469 utscripuira
883 2357 1083 2471 loquitur,
1112 2361 1224 2449 Pater
1247 2385 1329 2445 rem
1345 2362 1492 2444 raeiuu
1520 2356 1698 2442 co'nsrde·
1816 2354 1821 2365 ’

237 2475 361 2564 rabat.
418 2474 472 2560 Et
503 2475 548 2557 B.
573 2473 644 2557 Vir
672 2501 725 2570 o,
750 2470 848 2555 dum
874 2471 925 2557 ab
949 2475 1014 2569 An
1044 2466 1110 2557 elo
1135 2468 1371 2575 salutaretur,
1393 2501 1482 2561 non·
1505 2473 1697 2567 continui>

238 2586 423 2679 assensum
444 2584 618 2701 praebuit,
627 2496 702 2701 fid
717 2583 918 2705 cogitabas,
946 2615 1001 2702 qu
1045 2592 1073 2674 's
1098 2583 1191 2673 esset
1208 2578 1275 2673 ista
1294 2580 1485 2674 salutatio.
1543 2589 1581 2674 8.
1599 2588 1699 2675 Am·

240 2703 394 2792 brosrus
423 2728 589 2817 quoque
625 2726 710 2786 non
743 2696 831 2787 tulit
857 2729 1026 2817 praeceps
1054 2703 1240 2811 judicium
1273 2709 1316 2788 in
1355 2699 1595 2791 revelatione
1627 2702 1698 2788 fibi

241 2821 344 2909 stela
356 2813 685 2930 deilorporibus
702 2820 920 2930 vMartyrum
940 2817 1113 2904 Gervafii
1132 2820 1171 2901 &
1193 2815 1364 2903 Protafii.
1422 2820 1479 2904 lta
1502 2822 1593 2903 des.
1613 2817 1700 2903 An·
1853 2820 1856 2833 ’

244 2942 377 3025 tonius
399 2937 565 3019 Brennica
591 2932 792 3031 monebat¹
806 2931 908 3034 suos,
928 2932 1047 3033 ut,·fi
1063 2929 1136 3020 illis
1153 2921 1351 3049 ..offeiettar
1370 2933 1466 3020 vilio
1478 2988 1495 3032 ,
1507 2928 1700 3020 audader

247 3080 285 3137 re
317 3053 502 3146 niterent,
529 3053 705 3161 quisnam
725 3043 830 3146 esset,
855 3054 894 3131 de
920 3048 1029 3137 unde
1050 3045 1225 3154 venisset,
1250 3054 1320 3163 qui
1337 3072 1515 3163 apparete
1545 3049 1700 3135 srenitu

299 3191 341 3252 et
363 3168 556 3278 apparitio
578 3164 823 3263 Sanstorum,
838 3158 966 3249 subiti)
988 3167 1171 3250 timorem
1203 3162 1451 3278 euangelica
1468 3159 1703 3249 conblatio·

250 3309 298 3367 ue
321 3277 634 3366 convertendum
655 3284 696 3364 iu
719 3279 928 3393 gaudiums
964 3276 1092 3391 secus,
1116 3278 1144 3367 st
1170 3275 1366 3387 diabolica
1391 3278 1499 3367 l‘otet
1522 3284 1702 3383 tentatio,

225 3423 296 3483 ἀ
315 3397 619 3513 percontatione
650 3398 899 3479 evanituram.
1036 3474 1041 3483 ,
1118 3474 1121 3481 ,
1362 3452 1365 3453 f

249 3602 253 3609 -
353 3549 527 3680 Regula
578 3567 655 3655 ιε.
738 3537 969 3676 Quando
1023 3541 1356 3652 revelationes
1402 3543 1707 3654 diversarum

249 3686 583 3825 personarum
616 3693 745 3791 inter
787 3685 833 3791 se
876 3686 1247 3794 contrariantur
1268 3763 1290 3810 .,
1335 3720 1406 3796 eae
1442 3688 1708 3829 praeferen-

254 3828 361 3950 dae,
397 3860 515 3970 quae
549 3826 829 3966 scripturis,
872 3830 1023 3936 sensui
1060 3828 1395 3947 Doslorum‚
1440 3830 1494 3939 ἃ
1523 3837 1711 3939 rationi

253 3982 416 4113 magis
472 3974 834 4091 consentiunt,
888 3970 1116 4078 maxime
1160 3974 1192 4077 sr
1235 3975 1333 4080 fint
1376 3973 1710 4113 personarum

253 4118 510 4226 multare
529 4109 587 4223 δι
601 4112 893 4225 discretione
909 4118 1178 4370 spiritpum
1194 4115 1473 4228 illustrium
1543 4113 1712 4364 ⁴onql

968 4340 972 4365 .
1108 4298 1138 4370 a
1476 4292 1484 4299 ·
1697 4294 1715 4362 r
