3796 4994
533 216 637 408 mg.
662 266 808 376 erasi.
834 304 892 374 ex
911 281 958 376 S.
972 279 1116 415 θᾔοιιιι.
1136 278 1189 376 de
1212 282 1357 378 Caute.
1567 294 1686 418 2'09

211 474 365 565 DEUM
382 475 457 565 libi
486 477 617 596 aliqua
642 476 814 568 revelare
836 480 892 567 ob
914 481 1010 568 fines
1030 484 1125 569 Deo
1147 509 1280 587 noros,
1308 486 1534 584 existimant,
1553 490 1690 572 etiam·
1803 494 1809 501 ’

212 588 312 680 licite
331 593 621 681 revelationem
637 592 825 794 postulari
844 595 966 711 posse.
1023 602 1154 711 Quod
1177 601 1204 685 st
1226 628 1322 713 ergo
1337 608 1448 684 Deus
1468 601 1523 683 ob
1542 629 1673 687 earum

212 736 346 823 preces
372 707 526 825 aliquid
547 740 638 796 reve
655 737 718 810 er,
746 714 976 798 audaciores
994 711 1102 798 fauae
1119 711 1254 831 similia
1279 721 1419 821 majori
1437 714 1674 802 confidentia

212 849 353 935 petunt
367 831 485 909 eriam
503 822 622 910 altera
645 833 741 913 vice.
798 830 992 929 Credunt,
1013 820 1117 913 hune
1135 831 1300 914 modum
1322 831 1463 942 agendi
1482 857 1569 914 cum
1584 839 1674 915 Deo
1725 886 1727 891 -

214 933 286 1022 esse
313 933 373 1025 illi
402 966 630 1054 acceptum,
657 969 746 1026 cttrn
782 966 916 1027 tamen
944 955 1146 1057 nunquam
1177 940 1232 1028 illi
1276 968 1457 1059 acceptus
1485 941 1555 1042 sit,
1598 972 1676 1032 nec

213 1047 409 1138 ullatenus
439 1083 528 1140 eum
561 1056 727 1142 modum
755 1053 883 1142 secum
910 1060 1054 1173 agendi
1089 1058 1296 1171 approbet.
1383 1058 1535 1145 Animae
1561 1063 1673 1158 vero,

216 1193 301 1253 cum
326 1169 436 1254 hunc
455 1170 622 1255 modurn
645 1199 733 1257 cum
751 1174 845 1257 Deo
865 1201 887 1257 a
941 1173 1009 1256 ndi
1030 1172 1267 1285 approbent,
1292 1179 1409 1285 eique
1427 1201 1566 1287 magna
1580 1202 1676 1287 pro·

215 1281 408 1394 pensione
428 1282 661 1386 afficiantur,
690 1283 819 1373 sacilli
852 1316 872 1374 a
905 1286 1063 1372 uefasiae
1087 1293 1282 1401 potentias
1304 1288 1431 1373 taliter
1468 1287 1677 1400 disponunt

218 1394 453 1501 nanualirer,
481 1426 525 1485 ut
554 1395 768 1515 aliquando
798 1404 959 1489 credant
984 1402 1054 1488 fibi
1077 1400 1250 1489 revelata
1278 1431 1367 1519 quae
1394 1401 1563 1489 revelata
1591 1432 1675 1490 non

219 1504 319 1602 lunts
350 1512 591 1629 deceptione
617 1517 713 1603 verb
739 1514 975 1632 deprehensa
998 1517 1212 1606 turbantur.

321 1696 497 1826 Regula
536 1725 579 1820 5.
651 1683 856 1821 Etiamsi
905 1683 1238 1791 revelationes
1283 1685 1378 1791 fint
1427 1683 1457 1792 ὲ
1506 1681 1677 1807 DEO,

227 1829 490 1969 possumus
525 1856 705 1937 tamen
741 1836 892 1935 exiis
930 1828 1126 1966 decipi,
1179 1836 1297 1967 quia
1322 1850 1424 1935 -aut
1458 1861 1568 1933 non
1603 1864 1678 1934 re·

231 1972 297 2078 de
317 1972 680 2114 intelliguntur,
709 1996 799 2079 aut
827 1980 945 2110 quia
968 1975 1083 2079 sunt
1111 1972 1263 2077 taciti
1293 1970 1675 2080 conditionata.

233 2115 379 2203 LCC.
400 2118 453 2203 C.
475 2144 542 2214 19·
566 2113 618 2200 fic
636 2113 769 2199 habet.
836 2118 1026 2224 Quamvis
1060 2107 1318 2198 revelationes
1345 2112 1371 2199 i
1405 2117 1498 2198 Deo
1533 2142 1678 2227 prove·

236 2234 373 2316 aientes
397 2230 469 2317 sant
489 2258 588 2317 verae
609 2225 713 2329 inse,
734 2253 822 2314 non
842 2249 971 2312 tamen
996 2226 1145 2341 semper
1168 2222 1262 2313 tales
1276 2226 1359 2313 sunt
1381 2235 1484 2337 juxta
1503 2231 1678 2315 nostrum
1842 2216 1850 2254 ⁸

239 2340 476 2431 intellectum.
534 2348 659 2453 Hujus
674 2349 730 2429 rei
757 2338 901 2456 duplex
932 2345 985 2427 est
1008 2347 1118 2429 ratio.
1176 2351 1302 2428 Prima
1330 2346 1397 2441 est,
1431 2349 1524 2456 quia
1549 2340 1679 2429 noster

239 2461 367 2545 nodus
394 2455 639 2574 intelligendi
678 2463 733 2544 est
754 2455 1014 2571 imperfectus.
1095 2459 1276 2551 Secunda
1304 2462 1378 2556 est,
1397 2464 1500 2572 ‚quia
1528 2462 1681 2543 ratione

241 2580 365 2660 morivi
400 2573 635 2689 plerumque
672 2571 757 2659 sunt
797 2574 1093 2670 conditionata,
1123 2602 1158 2657 v.
1186 2602 1226 2687 g.
1265 2572 1292 2658 fi
1319 2571 1577 2659 revelationes
1606 2573 1679 2661 sint

244 2696 552 2790 comminatoria,
581 2687 647 2773 nist
671 2686 854 2773 videlicet
880 2716 966 2771 reus
996 2685 1033 2772 se
1059 2691 1335 2772 emendaverit.
1395 2690 1519 2796 Quod
1542 2694 1679 2775 attinet

243 2807 386 2915 primam
416 2802 579 2906 causam,
605 2799 890 2888 observandum
909 2805 985 2899 est,
1012 2805 1143 2886 Deum
1170 2808 1211 2887 in
1246 2805 1320 2888 suis
1339 2804 1568 2916 prophetiis,
1592 2831 1680 2888 ora·

245 2914 325 3003 olis
352 2926 392 3004 ἃ
413 2915 716 3006 revelationibus
739 2914 862 3003 solere
881 2945 1013 3030 regere
1033 2915 1232 3037 profunda
1252 2916 1316 3002 sua
1338 2915 1493 3003 consilia
1523 2924 1561 3000 dr
1580 2918 1682 3025 judi-

246 3034 311 3131 tia,
345 3040 400 3121 ita
435 3058 479 3118 ut
515 3040 558 3121 in
594 3036 722 3118 nostra
764 3037 1082 3146 interpretatione
1120 3028 1237 3118 facile
1258 3034 1462 3118 videantur
1489 3031 1565 3117 elle
1592 3029 1678 3117 alia.

244 3146 294 3232 Sit
316 3154 419 3236 Gen.
447 3178 464 3233 r
476 3180 512 3257 5.
550 3150 660 3234 Deus
697 3148 924 3234 Abrahamo
968 3148 1082 3233 dixit:
1127 3143 1293 3234 Terram
1324 3143 1421 3235 hane
1459 3143 1531 3234 ribi
1570 3147 1682 3234 dabo.

242 3262 482 3351 Postmodum
517 3291 648 3349 autem
685 3261 895 3360 intellexit,
932 3263 1033 3348 hanc
1072 3261 1361 3377 promissionem
1399 3262 1565 3375 primitm
1595 3265 1683 3378 post

243 3379 538 3491 quadringentos
564 3405 691 3463 annos
721 3383 760 3462 in
793 3374 953 3493 posteris
991 3373 1064 3463 suis
1104 3373 1342 3490 implendam
1376 3377 1463 3465 elle.
1542 3373 1684 3465 Similis

184 3566 186 3581 ,
243 3495 423 3601 promisso
438 3493 540 3581 sada
563 3496 617 3578 est
639 3494 795 3597 Jacobo
813 3498 915 3579 Gen.
934 3508 1001 3598 46.
1028 3494 1109 3611 Ego
1130 3489 1344 3607 descendam
1363 3502 1485 3580 tecum
1502 3491 1591 3583 illuc
1611 3496 1684 3607 (in

243 3608 477 3722 Egyptum)
507 3607 566 3707 65
598 3635 665 3727 ego
687 3605 774 3696 inde
802 3607 986 3694 adducam
1015 3616 1053 3695 ie
1092 3617 1361 3694 revertentem.
1421 3612 1526 3695 Cum
1551 3637 1684 3696 tamen

243 3720 478 3839 inmgypto
507 3725 674 3822 obierit,
712 3728 752 3806 &
781 3721 968 3808 solum-in
1000 3727 1163 3837 posteris
1197 3718 1268 3806 suis
1294 3720 1467 3809 reversus
1495 3724 1548 3811 fir.
1620 3729 1685 3808 Sic

244 3834 463 3927 &lfiaelitae
483 3841 734 3926 ascendentes
756 3842 797 3922 in
821 3864 990 3950 pugnam
1015 3863 1150 3922 contra
1180 3840 1413 3922 Beniamitas
1443 3865 1586 3922 certam
1613 3836 1682 3922 fibi
1707 3919 1710 3924 .

244 3958 504 4056 puniremur
525 3956 741 4054 vitioriam,
770 3954 959 4066 eoquod
983 3957 1093 4039 Deus
1124 3956 1247 4065 prima
1268 3958 1355 4037 vice
1380 3950 1540 4064 ipsemet
1559 3953 1685 4037 deno·

242 4071 424 4165 minaverit
444 4069 644 4158 exercinb
663 4072 845 4167 Ducem,
873 4067 1042 4158 secunda
1066 4093 1195 4182 autem
1215 4071 1301 4152 vice
1319 4069 1438 4156 etiam
1459 4064 1613 4179 jullerit,
1643 4088 1687 4194 ut

332 4178 959 4302 &mammantibus
1011 4251 1061 4309 .·
1131 4174 1137 4181 ’
1218 4182 1301 4284 Dd
1642 4205 1685 4269 ut
