3796 4994
422 301 458 348 ⁵
550 328 793 467 Jeeveur
818 254 1084 470 aragon.
1110 318 1279 434 Parsia
1466 274 1471 284 ⁴
1562 354 1656 461 243

334 569 404 645 94.
434 541 564 628 Verba
578 543 777 662 Scriptura
798 540 883 627 sunt
898 544 1000 631 hace
1036 534 1450 673 Apparuiifignuffln
1467 531 1663 667 culn-&n

218 683 286 760 95.
309 662 504 770 Scriptura
527 655 592 743 hic
614 654 790 771 loquitur
815 657 868 741 de
892 680 1073 766 tempore
1090 678 1298 767 pratento‚
1324 651 1376 734 de
1388 678 1443 756 eo
1468 644 1662 745 aldebert,

216 800 303 887 quo
324 771 457 886 angeli
476 769 567 857 mali
586 771 764 856 nondum
782 793 1053 884 peccaverant.
1130 770 1305 852 Vocatur
1332 769 1493 878 Signum
1523 792 1571 848 ex
1598 765 1665 847 tri·
1838 873 1840 878 Ι

213 883 310 998 plici
334 892 504 977 rationet
540 887 691 1000 primo,
724 890 817 999 quia
831 889 882 969 ‘in
911 882 1033 997 figura
1089 881 1417 967 raemonstrabatur
1444 884 1489 964 B.
1522 881 1663 990 Virgo,

215 1020 413 1112 tanquam
434 1025 604 1085 creatura
634 1000 722 1114 post
752 1001 943 1094 Christum
970 996 1037 1110 'pe
1073 995 1275 1107 edilium,
1302 1023 1372 1108 per
1395 1020 1514 1107 quam
1537 987 1664 1122 angeli

216 1112 317 1197 boni
342 1113 662 1212 certiorabantun
683 1116 822 1200 DEum
841 1112 1117 1199 nonobstante
1142 1136 1308 1226 peccato
1331 1102 1524 1195 malorum
1544 1130 1664 1220 ange-

214 1223 344 1310 lorum
379 1225 646 1313 nihilominus'
671 1225 865 1313 millurum
906 1229 1122 1329 Christum,
1157 1227 1208 1313 ed
1247 1225 1362 1339 quod
1388 1224 1440 1310 ad
1468 1225 1547 1308 hoc
1573 1245 1662 1305 exe·

218 1341 423 1454 quendum
449 1338 536 1454 plus
560 1366 784 1439 moveetur
810 1341 832 1426 ai
857 1341 1014 1427 Christo
1041 1346 1080 1426 δι
1112 1347 1190 1450 ejus
1213 1345 1364 1437 Matre,
1395 1336 1515 1452 quim
1545 1360 1659 1420 retra·

215 1455 371 1539 herent
398 1483 470 1567 per
496 1460 709 1566 peccatum.
793 1455 993 1555 Secundo,
1013 1460 1105 1568 quia
1126 1456 1205 1538 hoc
1224 1457 1398 1568 Signum,
1421 1454 1534 1537 instat
1557 1447 1663 1534 arcils
1796 1451 1801 1467 '

217 1565 379 1655 foedera
406 1571 493 1680 pon
524 1564 735 1667 artuum,
757 1567 1017 1683 agninam,
1038 1569 1264 1654 nomnibus
1286 1548 1483 1653 mediante
1507 1567 1585 1649 noc
1607 1566 1666 1649 st-

218 1683 609 1796 gnopraparandam
634 1686 806 1771 venians
836 1680 998 1767 volebat
1018 1687 1136 1769 DEus
1162 1712 1231 1795 per
1261 1685 1341 1767 hoc
1362 1685 1523 1796 Signum
1559 1673 1688 1791 quast·

217 1798 367 1880 dicere:
395 1800 495 1881 Non
515 1786 671 1910 puniam
694 1799 872 1882 homines
896 1794 990 1880 ficut
1013 1794 1137 1881 malos
1156 1793 1341 1909 angelos,
1365 1803 1458 1909 quia
1481 1823 1529 1878 ex
1557 1816 1666 1876 natu-

219 1937 261 1995 ra
283 1911 452 1996 humana
472 1913 648 2023 prodibit
682 1910 872 2008 foemina,
901 1936 949 1992 ex
978 1937 1059 2023 qua
1085 1906 1255 1996 nascetur
1288 1938 1396 1995 meus
1422 1913 1665 2021 Unigenitus.

148 2031 153 2035 ’
219 2027 382 2121 Tertii),
408 2028 501 2136 quia
536 2032 650 2109 DEris
678 2051 726 2109 ex
760 2028 965 2110 intuitione
993 2026 1104 2128 huius
1130 2029 1238 2138 Signi
1263 2022 1301 2109 se
1328 2023 1434 2139 quast
1471 2023 1664 2134 placatum

219 2143 463 2243 monstravits
492 2160 561 2251 per
581 2140 695 2254 quod
715 2138 883 2239 factum,
904 2161 947 2223 ut
969 2145 1009 2222 δι
1030 2136 1157 2255 angeli
1186 2140 1284 2224 boni
1310 2165 1358 2224 ex
1378 2141 1585 2233 intuitione
1606 2137 1664 2219 Si·
1690 2156 1696 2171 ·

114 2354 115 2357 p
221 2257 286 2361 gni
310 2248 347 2335 se
364 2249 587 2338 solarentur.
656 2256 792 2360 'DF-..⁰8
815 2258 921 2348 euim¹
944 2253 1239 2351 iisinfinuabat,
1267 2251 1305 2339 se
1331 2236 1529 2361 medilnte
1554 2251 1664 2334 Chri·
1742 2285 1746 2296 ·

130 2408 138 2427 x
221 2370 279 2447 llo
308 2373 453 2474 &ejus
486 2373 614 2455 Matre
647 2363 875 2479 collaturum
904 2369 1130 2453 huminibus
1162 2372 1298 2481 gratias
1320 2368 1362 2467 in'
1390 2363 1538 2481 angel·
1558 2359 1665 2449 malis

219 2479 402 2589 perditas.
487 2478 761 2594 Intelligebant
800 2506 981 2592 praterea
1027 2478 1165 2595 angeli
1196 2483 1295 2568 boni
1337 2489 1377 2566 in
1419 2487 1500 2565 hoc
1541 2485 1664 2593 Signo

103 2603 108 2611 '
221 2587 343 2725 multa
370 2595 550 2792 prysteria
581 2578 869 2725 flrcarnatipnis,
898 2601 937 2679 dc
965 2596 1210 2683 Sacramenta
1223 2597 1423 2727 ‘Ecclefim
1447 2602 1487 2680 dc
1510 2594 1665 2680 ordina·

216 2729 344 2792 uones
398 2736 530 2794 rvmat.

338 2885 403 2954 97.
430 2856 525 2943 Mali
545 2854 674 2981 angeli
694 2884 850 2959 econtra
873 2854 1090 2984 eradantur
1106 2846 1233 2978 valde·
1240 2859 1530 2962 recordatione,
1553 2850 1668 2999 oplod

221 2995 305 3053 non
324 2965 469 3056 fuerint
488 2973 591 3058 bene
616 2970 669 3058 uli
689 2976 771 3062 hoc
790 2981 924 3090 Signo.

339 3150 407 3228 98.
443 3130 554 3217 luna
568 3127 643 3245 sub
665 3128 822 3244 pedibus
848 3136 941 3252 ejun
1024 3139 1117 3219 Hoc
1151 3133 1314 3237 dicitur,
1348 3092 1440 3248 qula
1472 3139 1515 3219 B.
1541 3136 1667 3245 Virgo

219 3270 421 3353 nunquam
443 3247 496 3328 est
511 3249 552 3329 in
569 3232 842 3346 ffiemento,
872 3245 939 3334 scel
965 3273 1157 3362 perpetuo
1180 3255 1450 3338 incremento;
1479 3255 1530 3332 »δι
1559 3248 1669 3332 D‘eus
1829 3350 1833 3357 Ι

220 3351 291 3439 sub
311 3365 391 3459 ejus
408 3359 576 3470 pedibus
593 3358 729 3472 posuit
757 3390 896 3448 omnes
922 3360 1054 3478 culpas
1087 3387 1166 3449 tatu
1207 3360 1456 3477 originalem,
1481 3390 1607 3477 quam·
1625 3388 1668 3446 a·

219 3465 390 3567 rituales,
405 3497 592 3585 tanquam
615 3478 747 3560 vidiae.

342 3648 408 3716 99·
435 3620 629 3735 incapite
657 3621 737 3736 ejus
765 3620 1120 3733 coronussdlurum
1147 3624 1351 3715 duodecim.
1435 3633 1510 3714 l'er
1535 3656 1671 3716 nume-

223 3754 307 3813 rum
336 3732 620 3821 duodenarium
651 3734 897 3850 designantur
917 3735 1128 3824 duodecim
1150 3743 1272 3828 tribus
1288 3738 1421 3835 'lstailt
1449 3772 1519 3857 ptr
1546 3736 1670 3831 stellas

225 3842 468 3956 designantur
484 3858 562 3958 ejus
585 3852 750 3948 virtutes„
769 3880 813 3937 ac
829 3852 969 3968 gratiae,
990 3859 1134 3968 quain
1154 3861 1199 3940 B.
1215 3862 1373 3971 Virgine
1390 3856 1525 3946 elarius
1541 3854 1672 3976 'splen-

225 3955 384 4060 debant,
402 3969 520 4078 quim
548 3967 589 4050 in
619 3967 800 4054 omnibus
821 3966 1045 4058 hominibus
1061 3965 1171 4055 fimul
1190 3969 1359 4088 sumptio.

970 4201 1103 4289 fllia
1581 4227 1674 4292 too.
1848 4188 1851 4196 ⁵
