3690 4988
203 346 303 443 130
590 315 895 412 Revelari'oties
931 318 975 415 S.
1015 315 1258 413 Gerirudir.

200 515 313 606 ficata
339 544 420 603 etat
434 546 503 630 per
526 513 723 601 ineffabile
753 521 890 601 divinae
921 521 1088 601 veritatis
1112 513 1365 628 promill'um,
1390 514 1504 631 quod
1530 509 1620 629 quid

204 634 300 747 quid
320 629 367 716 ali
403 641 457 715 uis
483 661 554 742 pto
576 658 620 713 ea
652 634 676 716 d
698 635 802 722 Deo,
812 626 1042 744 postularet,
1062 626 1162 714 illius
1181 628 1363 715 effeetum
1388 626 1575 717 salutarem
1594 637 1621 713 in

204 746 324 858 leiplo
344 663 506 828 illiciter
529 746 690 828 deberet
710 751 873 857 experiri
897 742 976 843 ille,
1006 749 1074 857 qui
1096 770 1170 856 pto
1199 743 1277 858 ipsa
1309 770 1453 831 oraret.
1512 747 1620 858 lien,

205 887 307 975 quot
327 859 472 942 vicibus
491 855 629 970 aliquis
652 861 781 942 Deum
803 885 888 941 cum
907 860 1121 942 devotione
1141 852 1338 954 laudaret,
1367 883 1433 943 aut
1456 863 1583 971 gratias
1594 882 1620 938 a·

206 999 316 1102 geret
338 976 515 1056 Domino
542 998 613 1081 pro
631 970 826 1054 beneficiis
852 971 917 1081 ipsi
937 966 1099 1069 collatis,
1120 997 1181 1055 tot
1202 973 1406 1057 virtutibus
1425 971 1502 1056 five
1520 974 1619 1085 gratiis

151 1090 162 1101 ’
205 1083 456 1199 lpiritualibus
489 1089 680 1168 Dominus
702 1080 823 1194 ipsum
845 1080 1065 1167 laudantem
1084 1080 1200 1170 vellet
1218 1087 1356 1185 ditare,
1376 1087 1403 1171 si
1426 1115 1506 1171 non
1533 1087 1620 1168 init·

207 1204 331 1295 stanti,
358 1199 605 1283 cettetamen
627 1224 805 1308 tempore
831 1203 1072 1312 congruenti.
1145 1205 1256 1296 Item,
1277 1200 1393 1313 quod
1418 1200 1446 1286 ii
1473 1203 1556 1314 quis
1574 1196 1620 1281 dr·

203 1316 299 1400 vote
323 1339 395 1424 pro
426 1339 471 1397 ea
488 1314 699 1395 Dominum
729 1308 889 1394 laudans
906 1312 953 1394 ’ἃ
984 1316 1121 1426 gratias
1147 1339 1265 1427 agens
1296 1339 1427 1398 oraret
1451 1340 1523 1426 pto
1548 1334 1620 1425 qul·

208 1454 364 1540 cunque
381 1452 441 1508 re:
469 1428 595 1536 primo
619 1453 688 1535 pet
714 1452 886 1508 amorem
907 1421 1029 1524 illum,
1057 1453 1142 1539 quo
1159 1453 1244 1511 eam
1259 1430 1455 1511 Dominus
1476 1424 1525 1511 ab
1544 1448 1621 1508 etti«

208 1569 262 1625 no
283 1542 331 1622 ad
352 1535 553 1650 specialem
577 1543 733 1650 gratiam
763 1532 889 1665 elegit.
976 1541 1176 1636 Secundo,
1201 1566 1285 1652 quo
1305 1568 1391 1622 eam
1413 1536 1568 1624 suaviter
1585 1558 1622 1621 tt·

206 1660 330 1739 traxit.
413 1658 561 1748 Tettio,
593 1679 676 1762 quo
705 1678 791 1735 eam
817 1652 886 1735 libi
914 1648 1145 1735 familiariter
1174 1659 1309 1737 univit.
1368 1656 1538 1762 Quarto,
1560 1675 1621 1765 quo

208 1767 255 1853 ed
274 1766 439 1869 jucunde
459 1764 658 1848 frueretur.
714 1766 761 1848 Et
780 1768 944 1876 quinto,
971 1792 1054 1878 quo
1081 1761 1245 1849 feliciter
1275 1792 1361 1849 eam
1387 1762 1623 1851 consummar

210 1884 444 1994 dignaretur,
470 1874 569 1960 illius
594 1904 725 1986 preces
745 1879 1010 1963 indubitanter
1030 1875 1150 1961 vellet
1177 1880 1420 1990 adimplere,
1443 1879 1471 1965 li
1491 1874 1624 1963 lalubrii

210 1997 278 2079 sibi
299 1993 429 2091 eistat,
450 2019 536 2104 quae
551 2016 711 2102 peteret.
793 1993 902 2089 Item,
926 1992 1040 2105 quod
1066 1996 1201 2096 juravit
1227 1997 1264 2077 ei
1295 1992 1514 2091 Dominus,
1535 1985 1627 2105 quod

209 2108 345 2220 siquis
371 2133 459 2188 ante
483 2100 545 2187 vel
568 2109 653 2215 poll
676 2130 841 2188 mortem
864 2113 943 2205 eius
964 2129 1165 2218 perageret
1198 2132 1269 2202 ea,
1300 2134 1391 2218 que
1420 2106 1498 2219 ipse
1518 2106 1626 2191 ibin

209 2246 337 2304 morte
354 2222 437 2301 fieri
455 2219 684 2301 desideraret
701 2223 778 2301 dte.
805 2213 870 2300 ille
887 2223 924 2299 in
945 2247 1070 2300 morte
1087 2220 1149 2300 lua
1166 2226 1323 2328 propria
1338 2224 1514 2304 invenite
1528 2217 1628 2301 debr·

210 2360 269 2418 ret
291 2361 423 2427 omne,
449 2333 560 2442 quod
585 2326 723 2441 aliquis
738 2337 778 2412 in
798 2332 947 2414 mundo
966 2360 1039 2440 pro
1059 2330 1136 2442 ipsa
1156 2332 1311 2431 faceret,
1333 2358 1379 2414 ac
1398 2332 1425 2417 fi
1449 2330 1525 2445 ipse
1546 2332 1628 2416 ioris

209 2476 295 2531 cum
319 2472 456 2559 magna
476 2449 690 2527 devotione
713 2449 842 2527 omnia
866 2472 938 2554 pto
964 2442 1077 2554 seipsa
1098 2441 1324 2555 perfectffet.
1395 2452 1466 2531 He
1488 2449 1630 2558 promis·

210 2559 334 2644 siones
362 2562 540 2641 videntur
565 2563 603 2640 in
634 2560 713 2641 boc
740 2559 1013 2640 exorbitantes.
1087 2587 1122 2641 t.
1163 2558 1289 2669 Quod
1319 2553 1426 2641 nulla
1453 2588 1555 2645 mors
1576 2552 1629 2670 ipfi

208 2669 412 2785 prevalere
436 2672 601 2764 debeat,
629 2669 692 2751 nifi
714 2676 831 2754 virttis
855 2677 1018 2771 amoris,
1039 2698 1124 2753 cum
1155 2671 1233 2754 sine
1262 2671 1390 2756 dubio
1415 2700 1484 2784 per
1516 2698 1630 2786 petta-

209 2810 292 2869 tum
311 2780 497 2896 originale
521 2788 751 2866 contraxerit
776 2785 950 2864 debitum
979 2786 1183 2866 moriendi.
1246 2814 1279 2866 ι.
1321 2789 1450 2893 Quod
1477 2787 1628 2871 Smln'·

210 2905 307 2982 nitas
328 2902 479 2980 dederit
500 2921 566 2979 aut
588 2898 678 2978 daie
695 2894 806 3004 polsit
828 2897 1128 2979 eommiffionem
1147 2901 1304 3005 Spiritui
1317 2904 1473 2983 Saudo.
1514 2928 1546 3002 3.
1560 2902 1628 2981 liu·

211 3018 312 3126 gitur
339 3039 452 3094 amor
484 3014 595 3096 instar
622 3015 774 3111 alicujus
810 3006 990 3118 personae,
1016 3036 1102 3121 quae
1122 3011 1309 3093 Gertrudi
1340 3008 1480 3098 servire
1496 3014 1627 3097 debeat.

121 3152 125 3158 ·
210 3163 251 3227 4·
283 3127 408 3236 Quod
434 3149 537 3207 tanta
566 3130 683 3235 gratia
706 3119 854 3232 perfusa
888 3122 954 3211 stt,
983 3148 1136 3234 quantae
1170 3119 1270 3227 ullus
1296 3124 1427 3208 homo
1448 3124 1627 3238 reputed,

210 3268 297 3324 eum
326 3236 437 3349 pollit
466 3240 632 3319 conteni
661 3245 781 3341 major
810 3241 849 3317 dt
880 3244 1002 3336 maior
1033 3240 1072 3319 in
1103 3235 1306 3320 inlinitum.
1376 3268 1412 3341 5.
1442 3240 1561 3349 Quod
1583 3244 1633 3323 'ut'

185 3444 193 3454 „
209 3353 323 3436 finita
346 3349 606 3434 multitudines
632 3354 839 3431 animatum
866 3352 1006 3431 dentur
1027 3355 1064 3430 in
1093 3354 1333 3458 purgatorio.
1396 3374 1435 3437 o.
1463 3352 1628 3459 Quodiu

211 3492 339 3547 morte
367 3473 522 3575 propria
553 3468 638 3574 quis
666 3469 828 3571 accipiat
856 3468 1032 3544 oninium
1053 3487 1278 3545 meritorum
1308 3460 1524 3552 alienorum
1548 3492 1630 3581 pru·

213 3582 346 3660 mium.
427 3580 506 3660 sed
531 3576 753 3686 reiponderi
775 3579 902 3686 potest
928 3578 981 3660 ad
1017 3571 1193 3660 t.solum
1228 3604 1412 3663 amorem
1433 3576 1632 3693 pretende

211 3696 254 3775 in
286 3717 330 3774 ea
356 3692 584 3773 infirmitate.
656 3691 721 3771 Ad
754 3721 791 3772 ι.
818 3686 913 3771 sumi
939 3712 1067 3771 totum
1092 3716 1165 3798 pro
1192 3714 1314 3798 parte.
1396 3694 1467 3777 Ad
1494 3728 1529 3799 ς.
1550 3690 1634 3781 ilni

210 3804 374 3890 moduni
402 3798 595 3915 loquendi
628 3806 822 3910 tropicum
857 3799 964 3885 futile
993 3810 1066 3906 jam
1098 3827 1312 3910 receptum.
1401 3809 1472 3892 nd
1501 3838 1540 3911 4.
1560 3832 1638 3893 tou·

212 3924 440 4031 gruenriam,
467 3945 553 4028 quae
573 3910 797 4025 intelligitur
818 3913 881 3998 hie
906 3922 1065 3997 nomine
1088 3919 1338 4025 capacitatis,
1365 3946 1452 4004 non
1470 3920 1510 4007 se
1529 3946 1642 4009 extm-

214 4036 307 4133 dete
325 4034 376 4115 ad
392 4029 599 4123 infinitum.
655 4031 723 4115 All
744 4056 779 4128 l·
799 4029 990 4113 infinitum
1016 4025 1109 4111 lumi
1131 4055 1207 4140 pro
1225 4035 1509 4123 innumerabili
1528 4030 1645 4153 quoad

936 4212 941 4221 ·
1101 4214 1105 4219 -
1320 4204 1324 4211 -
1575 4178 1647 4237 nos
