3796 4994
497 253 712 385 Exempb
731 242 847 384 isus
856 210 1072 353 turbariis
1089 248 1278 356 Artior.
1555 284 1580 355 a
1590 286 1618 384 5

159 465 283 577 tado}
310 459 419 548 omni
440 460 551 562 hora,
575 450 739 577 quando
763 486 842 548 erat
863 456 958 560 sola,
983 454 1077 546 nihil
1097 454 1281 546 libentius
1304 454 1477 558 seeilstt‚'
1491 458 1615 659 <palm

158 579 316 694 seipsam
346 574 553 662 occidisset.
637 579 813 689 Quando
842 575 916 662 fuit
952 585 1058 678 juxta
1097 602 1288 687 puteum,
1325 579 1618 678 idem-vortitr

160 696 325 810 quando
349 693 423 777 fuit
443 697 483 777 in
503 688 695 788 Ecclesia,
727 693 777 776 ad
799 694 878 774 hoc
909 688 1032 802 ipsum
1062 688 1285 775 faciendum
1318 697 1456 791 exivitr
1496 683 1614 805 semel

162 837 250 896 curn
270 808 432 893 deberet
461 814 634 892 minuere
655 807 890 919 sanguinem,
913 808 1005 889 dein
1028 833 1116 890 cunr
1141 804 1233 890 esset
1250 803 1342 909 sola,
1361 805 1522 891 volebat
1542 811 1614 892 ite·
1736 850 1740 856 ·

156 953 242 1011 rum
270 929 417 1037 aperire
449 950 611 1020 venam3
649 921 779 1005 multis
805 921 985 1006 noctibus
1014 925 1119 1004 venit
1142 923 1191 1004 ad
1218 950 1302 1006 eam
1336 946 1438 1012 νοις
1474 926 1611 1035 Surge,
1768 958 1793 983 v

157 1035 340 1124 voluntas
361 1043 438 1123 Dei
464 1041 543 1134 est,
568 1060 611 1120 ut
636 1064 676 1120 te
756 1038 870 1122 cidas.
957 1040 1001 1119 ln
1033 1037 1312 1121 tentationibus
1341 1041 1416 1122 istis
1447 1034 1611 1123 diversas

155 1149 347 1249 consuluit
370 1159 464 1251 vias,
486 1148 653 1265 qualiter
677 1155 758 1236 hoc
774 1150 937 1240 faceretr
967 1146 1031 1236 illa
1050 1177 1180 1235 autem
1200 1147 1351 1264 semper
1368 1152 1534 1261 credidit
1548 1180 1610 1239 es·

154 1266 192 1357 se
213 1268 360 1355 aDeo.
419 1264 548 1352 Semel
585 1273 626 1352 in
655 1266 874 1353 infirmitate
909 1267 1095 1375 decubuit
1125 1296 1195 1377 per
1221 1262 1287 1351 serr
1320 1268 1607 1368 hebdomadas,

152 1412 228 1471 nec
250 1383 357 1499 quasi
380 1389 546 1468 omnino
575 1385 737 1497 gustavit
761 1383 913 1479 cibum,
936 1388 1063 1488 jacens
1089 1385 1129 1465 in
1158 1380 1493 1495 contemplatione
1523 1410 1607 1497 par·

151 1499 269 1587 lionis
294 1503 520 1584 Dominicat.
603 1502 645 1583 ln
680 1500 752 1584 hac
781 1501 1001 1581 infirmitate
1023 1495 1212 1609 saepissme
1236 1492 1291 1581 illi
1319 1503 1495 1612 apparuit
1516 1500 1607 1585 doe·

152 1643 251 1700 mon
273 1625 313 1699 in
341 1612 467 1728 specie
487 1610 742 1726 pulcherrima
768 1610 970 1697 consolans
994 1639 1080 1697 eam
1109 1618 1148 1695 δι
1170 1615 1325 1698 dicens:
1368 1614 1606 1719 Charisllm'a,
1673 1616 1677 1621 ’
1793 1696 1797 1705 .

145 1729 258 1817 bene
282 1756 324 1814 te
346 1730 469 1827 habe,
494 1732 688 1812 Dominus
713 1753 842 1814 tecum
868 1730 934 1812 est.
1007 1731 1055 1811 Et
1082 1723 1246 1811 multum
1284 1755 1370 1813 eam
1405 1755 1605 1827 commen·-
1740 1800 1743 1805 .
1807 1758 1812 1765 ’

153 1847 249 1932 dans
275 1845 433 1943 tandem
463 1844 589 1929 dixitz'
615 1844 732 1940 Vide,
763 1848 855 1957 quia
882 1826 956 1945 ianr
986 1846 1028 1927 in
1058 1866 1190 1926 nanrra
1220 1840 1393 1931 defecisti
1416 1828 1613 1955 abstileau

152 1958 329 2047 adhuc'al
357 1960 449 2044 cibo
479 1959 635 2043 duobus
666 1958 831 2055 diebu5‚
866 1962 904 2041 δι
934 1958 1055 2042 statim
1087 1956 1238 2043 videbis
1266 1958 1398 2044 Deum
1425 1954 1602 2047 tuum'in

151 2075 287 2190 gloria
374 2071 442 2161 llla
463 2099 592 2180 aurem
612 2073 635 2159 l
656 2078 796 2185 Spiritu
818 2076 962 2157 sinuo
983 2074 1122 2157 edocta
1140 2076 1276 2186 petivit
1298 2077 1439 2159 cibum.
1509 2076 1607 2163 Post

151 2196 233 2277 haec
257 2193 364 2275 venit
391 2191 571 2286 doemon,
600 2188 704 2302 quasi
729 2183 942 2299 Apostolus
966 2185 1271 2273 Bartholomaeus
1292 2187 1396 2292 esset,
1419 2187 1602 2277 lenissima

149 2334 252 2411 uoce
280 2306 431 2405 dicens:
472 2305 696 2389 Charisfima
716 2300 815 2400 filia,
846 2328 1056 2416 operatua
1085 2302 1196 2386 bona
1224 2301 1310 2389 sunt
1335 2334 1466 2391 coram
1492 2309 1602 2405 Deo,

151 2428 213 2508 cui
238 2417 348 2533 supra
374 2421 536 2504 modum
563 2415 704 2533 places.
756 2424 841 2517 {Per
875 2414 1040 2533 aliquod
1070 2434 1225 2531 tempus
1257 2425 1296 2505 in
1327 2418 1607 2539 tranquillitate
1714 2512 1719 2519 ,

150 2539 341 2623 cordis&
364 2541 537 2649 corporis
569 2533 680 2618 fuisti.
738 2536 1054 2645 Nunc'supertst
1084 2560 1227 2635 unum,
1255 2536 1371 2651 quod
1407 2535 1608 2627 deflectar

150 2657 284 2738 venire
311 2652 360 2734 ad
383 2678 491 2734 tuum
518 2642 717 2747 discitum,
743 2674 784 2732 ut
808 2644 958 2763 aliquid
975 2654 1179 2761 patiarisin
1199 2674 1270 2736 tuo
1288 2679 1466 2764 corpore.
1515 2656 1600 2739 'Pet

152 2768 257 2852 diem
278 2793 324 2849 ac
341 2764 507 2850 mensem
539 2764 644 2878 quasi
680 2768 787 2846 omni
811 2767 906 2873 hora
926 2770 964 2847 in
996 2769 1204 2877 conspeetu
1230 2774 1309 2874 ejus
1337 2766 1432 2864 fuit,
1459 2769 1600 2855 eade'm'

149 2881 269 2966 rerba
286 2882 479 2969 dicendo;
505 2883 611 2963 unde
637 2881 795 2963 tandem
826 2876 965 2964 detulit
987 2878 1112 2964 secum
1141 2877 1294 2993 spinas,
1326 2889 1364 2966 δε
1390 2881 1534 2969 obtulit
1561 2890 1599 2971 ei
1713 2962 1717 2970 ,

149 2997 311 3082 dicens:
340 3001 444 3108 Quia
464 3000 575 3079 nimis
601 2989 730 3078 mollis
749 2991 849 3079 fuisti
873 2998 1079 3095 haetenus,
1099 3020 1261 3110 propter
1282 3001 1362 3084 hoc
1375 2997 1447 3084 tibi
1460 2995 1610 3085 ‘offero

150 3111 252 3211 hae,
279 3135 322 3196 ut
341 3138 481 3224 corpus
502 3135 613 3195 tuum
639 3114 679 3194 in
708 3111 904 3195 honorem
928 3112 1007 3194 Dei
1026 3114 1204 3228 castiges3
1235 3115 1427 3228 quiahoc
1450 3111 1605 3201 summe
1721 3207 1728 3215 v,

147 3226 276 3339 placet
304 3229 409 3312 Deo.
479 3233 569 3310 Hoc
594 3221 688 3308 fecit
720 3250 900 3338 tempore
929 3230 1207 3313 Matutinantm
1238 3235 1277 3312 δε
1320 3228 1602 3344 (Ἱοῐῐιρίεῑοτίἱ.Ι
1759 3256 1762 3261 ·
1798 3244 1800 3248 ‘

65 3392 70 3400 ·
150 3337 221 3426 Illa
248 3365 377 3425 aurem
407 3330 548 3425 edocta
583 3339 607 3424 a
640 3342 782 3451 Spiritu
810 3343 953 3426 Sancto
984 3347 1191 3456 cogitavit:
1244 3346 1309 3428 bic
1336 3346 1501 3433 doemon
1528 3352 1597 3447 est.

147 3459 203 3565 At
223 3450 323 3559 'licet
350 3456 557 3554 resisteret,
586 3481 716 3539 tamen
746 3456 867 3541 corde
891 3456 1134 3544 mirabiliter.
1154 3453 1265 3574 super
1299 3489 1349 3545 eo
1377 3466 1600 3559 tentabatur

145 3570 220 3656 sic:
275 3578 410 3699 Qare
439 3599 520 3654 non
551 3568 727 3655 admifisli
757 3565 835 3655 tale
880 3568 1112 3657 confilium?
1167 3574 1271 3662 forte
1295 3584 1379 3663 'Dei
1414 3558 1609 3675 voluntasg
1644 3650 1647 3655 ,

143 3684 228 3772 fuit
286 3702 291 3713 “
314 3688 405 3771 Post
443 3682 615 3770 mensem
644 3689 751 3770 venit
778 3690 945 3772 doemon
973 3696 1068 3773 ocio
1096 3694 1278 3777 noblib'us
1304 3696 1481 3809 affligens
1507 3708 1610 3787 eam·

144 3802 255 3913 dietis
292 3795 431 3913 spinis,
471 3807 523 3910 ita
545 3800 677 3916 'quod
720 3829 804 3885 non
842 3798 934 3887 esset
962 3812 1002 3886 in
1032 3831 1147 3889 carne
1174 3807 1320 3894 sanitas.
1350 3816 1426 3896 &o
1484 3822 1594 3925 Qua-

144 3918 234 4002 dam
258 3918 345 3998 viee
363 3917 579 4017 tentabatur
599 3915 667 4000 stc:
698 3916 926 4002 omnibora
946 3913 1143 4004 susurravit
1170 3926 1207 4004 in
1234 3950 1343 4008 aures
1366 3933 1459 4028 ejus,
1479 3932 1593 4045 quld-

134 4018 237 4152 ‘auid
265 4033 435 4116 climinis
463 4030 808 4149 mundus-agebat,
836 4038 876 4117 δε
903 4028 985 4119 'hoc
1007 4032 1085 4121 sine
1107 4036 1378 4126 intermissione
1399 4045 1453 4159 ita
1480 4048 1605 4160 quod¹

254 4146 319 4237 D.
334 4144 384 4232 Ε.
397 4148 454 4232 Α.
468 4138 701 4234 desievelat.
715 4146 817 4234 Pars
829 4146 886 4235 ss.
1086 4156 1147 4267 'D
1420 4154 1426 4171 “
1486 4151 1605 4247 arten*
