3796 4994
497 340 501 345 ·
537 292 876 433 Observationes
900 294 962 396 ed
977 291 1132 399 Revel.
1154 295 1207 397 de
1230 294 1422 431 Agraria
1538 377 1543 385 .
1572 298 1698 431 ,5‘73

244 520 326 634 'que
343 513 395 601 ad
416 511 558 601 Christi
570 511 822 596 Nativitatem
839 508 1018 591 fluxerint
1039 529 1228 619 quatuors
1257 530 1308 588 an
1323 503 1419 589 verb
1432 478 1608 622 quinque
1628 535 1698 595 an-
1870 502 1878 515 '

242 659 385 725 norum
407 624 556 713 millia?
585 631 625 708 P.
646 627 860 728 2.N.138.
919 625 1086 754 Quarto.
1116 620 1180 706 An
1200 620 1342 704 domus
1356 623 1541 707 Zacharia
1555 626 1699 732 steterit

241 740 508 854 jerosolimis?
539 770 588 827 an
606 746 648 825 in
670 741 866 826 Hebron?
895 763 945 820 an
964 765 1004 819 in
1025 734 1098 820 alia
1122 737 1304 832 Ciuitate,
1325 763 1411 849 qua
1427 739 1699 829 nominabatur

238 865 373 968 Judai
402 867 442 945 P.
462 891 497 944 2.
519 862 571 942 N.
597 884 690 966 3¹¹·
748 853 912 968 Quinto.
944 851 1012 934 Ob
1033 878 1149 964 quam
1170 849 1318 934 causam
1339 855 1384 934 B.
1403 856 1526 965 Virgo
1540 879 1602 938 tot
1624 861 1696 942 mi-

239 970 368 1064 racula
416 976 595 1065 ‚erraverit
620 978 719 1058 circa
731 972 927 1072 Joannem
943 969 1008 1050 B?
1025 972 1068 1052 P.
1087 968 1186 1052 2.N.
1202 987 1296 1063 298·
1322 967 1534 1052 Sertorio
1549 974 1592 1055 B.
1608 975 1695 1058 Vir.

240 1102 347 1205 go'p
402 1117 424 1173 a
456 1085 574 1173 fuerit
603 1086 946 1173 incommoditates
973 1106 1116 1167 natura
1143 1085 1184 1165 in
1200 1079 1386 1165 infantia?
1403 1086 1445 1165 P.
1467 1113 1501 1167 r.
1520 1086 1577 1170 Ν.
1594 1114 1693 1191 35⁸·

238 1208 429 1319 Septimo.
457 1200 605 1313 Quales
631 1199 775 1286 fuerint
798 1198 1081 1282 circumstantiae
1102 1199 1325 1281 Natiuitatis
1347 1196 1517 1282 Christi?
1542 1225 1591 1284 an
1606 1198 1692 1299 fue.

237 1327 287 1407 rit
316 1343 429 1405 iratus
451 1317 532 1402 fine
561 1313 739 1401 sordibus
762 1318 802 1397 dc
825 1313 903 1397 sme
925 1307 1178 1396 secundinis?
1212 1314 1256 1394 P.
1282 1338 1320 1395 a.
1348 1326 1448 1416 476.
1472 1323 1571 1427 478.
1589 1346 1689 1420 477.

237 1434 407 1531 octavo.
434 1432 641 1528 Aaredana
659 1433 770 1543 petiit
787 1423 924 1512 multas
942 1420 1032 1510 alias
1051 1424 1230 1512 vifiones.
1258 1429 1301 1510 P.
1322 1456 1357 1512 r.
1378 1442 1473 1532 376.

349 1528 497 1666 Regula
527 1578 566 1634 2.
618 1539 805 1632 Muacula
823 1541 971 1627 debent
993 1535 1069 1624 else
1086 1568 1182 1641 rara,
1201 1568 1248 1625 ac
1267 1536 1390 1627 solum
1408 1548 1635 1661 contingere
1649 1549 1689 1637 in
1795 1630 1807 1645 ,

235 1664 322 1751 calu
348 1663 585 1750 necelirtatis.
601 1668 644 1747 P.
657 1692 694 1745 a.
707 1666 762 1746 N.
774 1675 869 1757 617·
886 1662 925 1741 u
942 1671 990 1740 62
1002 1685 1037 1761 5.
1078 1658 1205 1770 Atqui
1223 1659 1280 1741 hae
1297 1652 1571 1746 Revelationes
1587 1661 1689 1749 mul·

232 1776 406 1893 tiplicant
431 1773 614 1864 miracula
629 1783 829 1861 innumera
854 1796 896 1857 ur
919 1773 1072 1857 videtur
1091 1773 1168 1857 fine
1189 1770 1419 1872 necestitate,
1443 1800 1486 1857 ut
1502 1801 1612 1887 patet
1637 1808 1686 1866 ex

231 1889 392 1982 decursu
424 1897 545 1981 totius
581 1896 769 1991 historia,
803 1895 845 1973 dc
882 1914 931 1973 ex
968 1883 1123 2004 singulis
1156 1885 1282 1974 fcrmi
1307 1883 1435 1980 foliiss
1464 1895 1685 1985 manner

229 2015 287 2099 N.
307 2027 355 2096 dr
393 2027 473 2095 .62
508 2069 521 2097 .
1002 2072 1004 2076 .
1130 2070 1140 2089 .
1505 2098 1507 2103 .
1698 2070 1707 2081 .

345 2037 500 2239 liepulrl
523 2152 561 2227 3.
617 2116 895 2208 Revelationes
917 2119 969 2206 ad
994 2118 1106 2218 fines,
1128 2145 1230 2233 quos
1248 2112 1416 2206 Ecclefia
1432 2121 1564 2235 exigit,
1586 2118 1684 2211 seina
1833 2162 1836 2167 -

227 2269 300 2358 per
317 2238 584 2327 ordinantuti
605 2240 699 2324 Deo
717 2245 756 2323 in
780 2238 1012 2352 pondere&
1033 2235 1218 2335 ,mensura
1233 2241 1275 2322 P.
1295 2264 1328 2319 r.
1343 2240 1396 2322 N.
1415 2253 1511 2327 612.
1556 2237 1682 2354 Atqui

227 2362 347 2451 initis
363 2352 679 2441 Revelationibus
706 2377 813 2437 tanta
841 2356 995 2438 videtur
1025 2348 1222 2462 profusio,
1245 2376 1287 2435 ut
1310 2378 1392 2434 non
1417 2347 1683 2445 mensurentur

228 2466 312 2555 ullo
343 2465 567 2554 nectisrtatis
590 2463 731 2556 limites
770 2465 839 2552 led
861 2469 1125 2561 concedantur
1147 2462 1335 2551 illimitate
1362 2496 1438 2579 pro
1467 2476 1682 2581 capacitate

225 2581 382 2688 iubieeii
404 2588 520 2669 etiam
544 2586 584 2665 in
608 2582 760 2668 bonum
780 2587 970 2695 privatum
997 2579 1202 2679 cuiuslibet
1223 2586 1372 2681 animae,
1393 2607 1580 2699 tanquam
1596 2615 1680 2674 me-
1778 2654 1781 2659 -

226 2703 336 2790 dium
354 2701 406 2783 de
427 2697 465 2784 se
488 2698 710 2783 ordinatum
735 2698 787 2782 ad
817 2696 1056 2784 infundenda
1075 2694 1234 2782 lumina.
1261 2703 1300 2781 P.
1323 2725 1357 2782 r.
1386 2702 1441 2785 N.
1465 2716 1559 2803 614.
1583 2719 1680 2806 615.

348 2810 492 2931 Regula
525 2842 566 2914 4.
619 2818 663 2897 ln
683 2809 1014 2913 Revelatinnibus,
1034 2819 1073 2896 ἃ
1091 2811 1265 2897 moribus
1286 2816 1443 2898 internis
1462 2815 1617 2928 poliunt
1634 2819 1678 2905 sii

223 2924 307 3016 mul
344 2956 577 3015 concurrere
605 2933 791 3039 principia
825 2929 1031 3028 naturalia,
1058 2932 1099 3011 dr
1122 2924 1448 3039 supernaturalias
1490 2934 1602 3017 Deus
1634 2940 1676 3023 dr

223 3039 418 3140 diabolus,
431 3044 561 3129 divina
576 3041 781 3155 inspiratio,
796 3049 835 3127 dr
856 3038 946 3127 falsa
960 3047 1176 3157 recipientis
1193 3048 1474 3158 interpretatio.
1530 3049 1587 3130 Ita
1609 3050 1678 3139 har

221 3159 348 3244 betur.
375 3163 419 3243 P.
439 3188 475 3244 r.
500 3162 637 3261 Νη.
655 3162 696 3242 Ρ.
717 3188 755 3245 a.
782 3162 837 3245 Ν.
859 3188 873 3243 r
887 3181 981 3260 308.
1014 3163 1057 3243 P.
1080 3189 1114 3245 r.
1136 3162 1265 3260 N.24.
1318 3164 1383 3243 Sic
1402 3165 1514 3245 enim
1534 3157 1675 3262 affecit,

221 3274 420 3359 notiores
441 3274 686 3389 quandoque
714 3277 885 3386 recipcre
908 3270 1054 3358 lumina
1074 3266 1371 3385 supernaturalia
1392 3278 1433 3357 in
1456 3276 1596 3361 ordine
1620 3278 1673 3367 ad

221 3384 389 3503 aliquam
412 3398 626 3484 veritatem,
649 3417 736 3502 qua
757 3414 889 3473 ramen
906 3388 963 3473 ob
986 3391 1088 3474 varia
1111 3416 1247 3473 eorum
1270 3391 1486 3499 praeiudicia
1504 3396 1543 3475 dc
1563 3389 1674 3480 incli·
1821 3460 1825 3468 .

219 3509 591 3616 nationempariam
608 3501 773 3588 diversas
799 3509 1020 3615 opiniones.
1077 3504 1140 3587 Sic
1164 3505 1298 3601 docet,
1321 3500 1488 3589 Pilatum
1507 3509 1558 3591 ad
1578 3537 1670 3620 pro-

220 3620 428 3703 curandam
448 3616 718 3703 liberationem
739 3620 876 3703 Christi
901 3616 1009 3704 simul
1031 3615 1140 3705 inille
1161 3646 1312 3703 motum
1336 3619 1362 3705 a
1386 3621 1505 3720 Deo,
1523 3630 1562 3706 dc
1590 3626 1673 3709 dia·

218 3729 335 3833 boio,
357 3739 480 3818 immo
498 3732 639 3818 fortius
656 3732 681 3820 al
702 3730 880 3820 diabolo.
895 3739 937 3817 P.
954 3767 992 3819 r.
1012 3750 1132 3841 ¹30⁶·
1155 3740 1194 3817 δι
1215 3756 1338 3835 1308.
1395 3735 1459 3817 Sic
1478 3742 1592 3821 etiam
1611 3738 1670 3825 fa·

218 3871 344 3948 tetur,
366 3853 406 3931 in
434 3852 492 3934 lus
519 3846 840 3948 Revelanonibus
865 3850 933 3933 fibi
961 3852 1205 3964 quandoque
1231 3874 1379 3933 tantum
1406 3850 1671 3942 daram'iurile

216 3959 523 4075 intelligentiam,
546 3993 620 4076 pro
646 3970 749 4070 euius
774 3965 1034 4077 explicatione
1058 3968 1152 4049 dum
1180 3960 1373 4049 neceffum
1393 3965 1526 4062 habet,
1549 3971 1694 4057 verba'

214 4074 361 4162 iumeoe
389 4107 437 4161 ex
456 4076 572 4191 seipsa
594 4076 632 4162 se
657 4077 764 4191 polle
793 4109 928 4164 errare.
958 4088 1001 4164 P.
1026 4110 1060 4164 ι.
1080 4084 1133 4165 Ν.
1151 4113 1217 4185 24.
1273 4085 1374 4165 Hinc
1400 4088 1554 4177 latetur,
1572 4114 1612 4167 tn
1628 4114 1670 4172 e·

210 4194 384 4302 mnndi
404 4194 552 4298 caribus
576 4196 617 4285 le
642 4192 865 4285 cuniuluffe
885 4192 993 4395 itaq}
1009 4201 1162 4399 ξεὲτειιι
1188 4193 1432 4311 spiritualem.
1490 4203 1582 4305 Hoc
1610 4230 1672 4287 tr·

289 4388 295 4397 -
591 4372 594 4377 <
920 4318 952 4397 Β
1111 4337 1133 4415 ³
1607 4341 1666 4430 to,
