3796 4994
589 334 791 475 Reuelal.
812 350 866 451 de
880 350 1078 486 ⁴Agreda.
1095 359 1208 452 Pars
1229 356 1287 458 ΙΙ.
1573 383 1672 478 337

215 550 337 673 aliqui
362 551 572 656 authores,
601 560 656 644 uti
683 562 797 644 etiam
818 559 870 644 de
890 556 1002 644 fonte
1023 558 1093 644 fito
1107 623 1121 662 ,
1148 587 1275 672 prope
1301 554 1558 671 Heliopolin,
1585 586 1674 671 quae

216 675 309 758 urbs
333 673 455 757 hodie
482 697 644 758 vocatur
673 656 862 771 Caicum,
902 675 1007 759 unde
1033 680 1078 758 Β.
1103 679 1226 786 Virgo
1253 674 1428 773 biberat,
1463 679 1502 757 &
1525 673 1593 759 ubi
1616 672 1674 758 fa·

176 847 185 858 ,
214 783 308 988 salas
329 781 535 874 lavaverat.
602 793 694 873 Hoc
718 813 848 875 toturn
868 816 1000 874 verum
1026 790 1092 877 eis
1159 793 1260 876 Non
1284 789 1486 874 esttamen
1511 784 1675 888 neeesse,

214 929 230 993 t
261 928 466 987 atrarrare.

335 1047 431 1135 648.
460 1030 688 1122 Describens
709 1034 791 1119 haec
815 1030 995 1119 miracula
1021 1037 1254 1151 interrogavi
1271 1038 1317 1121 B.
1340 1035 1554 1147 Virginem,
1572 1024 1694 1149 quo?
1808 1068 1810 1073 ¹

217 1149 344 1232 modo
379 1177 468 1233 curn
501 1147 652 1235 Infante
680 1173 741 1233 tot
765 1153 950 1263 regiones
975 1151 1264 1262 peragraverit?
1305 1148 1539 1263 Respondit:
1575 1148 1677 1238 Noli

218 1265 365 1371 mirari,
386 1259 490 1374 quod
506 1286 578 1376 pro
599 1258 792 1351 lucrandis
818 1271 879 1350 tot
902 1261 1101 1350 animabus
1135 1271 1217 1352 tara
1250 1261 1380 1384 longas
1400 1267 1676 1382 peregrinatio

219 1404 286 1465 nes
307 1375 600 1487 instituerimu53
631 1370 732 1475 rum,
750 1377 786 1488 fi
804 1379 1082 1577 recessesunt,
1102 1401 1180 1493 pro
1209 1374 1394 1468 lucranda
1410 1383 1525 1467 unica
1544 1382 1676 1469 anima

218 1488 408 1608 vellemus
434 1517 643 1612 peragrare
680 1501 805 1601 totam
844 1519 932 1579 mun
960 1519 1035 1579 um.
1114 1496 1158 1579 Si
1193 1497 1330 1578 mirum
1361 1494 1477 1579 nobis
1506 1495 1673 1596 videtur,

172 1650 175 1655 ,
219 1631 363 1722 quanta
380 1610 528 1714 Jusus
551 1613 592 1692 dc
612 1611 735 1693 Maria
756 1635 830 1720 pro
853 1602 971 1694 salute
989 1612 1140 1724 generis
1156 1609 1316 1695 humani
1336 1604 1579 1723 susceperint,
1592 1637 1676 1699 non

221 1718 490 1839 cognoscimus
512 1749 647 1807 eonrm
667 1749 854 1807 amorem.

211 1913 215 1920 ·
337 1866 433 1959 649.
475 1849 630 1937 Lucifer
657 1857 774 1936 iratus
806 1848 863 1934 ob
889 1876 1080 1961 nuperum
1112 1875 1296 1937 eventurn
1318 1852 1358 1934 iu
1381 1852 1563 2048 AEgypto
1587 1880 1676 1969 per·

221 1968 339 2054 currit
361 1961 501 2052 multas
518 1989 649 2080 partes
671 1964 810 2050 mundi
834 1963 886 2046 ad
909 1965 1169 2080 indagandam
1189 1965 1350 2051 eventirr
1369 1989 1528 2052 cauam.
1584 1975 1677 2056 Per-

218 2087 334 2168 currit
351 2079 553 2196 prasertim
563 2083 795 2196 AEgyptum,
805 2075 874 2164 ubi
896 2080 1149 2165 conciderant
1169 2076 1330 2165 idola&
1347 2078 1505 2194 templa.
1539 2090 1675 2193 Quart·

223 2198 280 2281 do
310 2203 487 2310 pervenit
518 2191 761 2310 Heliopolin,
796 2193 863 2277 ubi
896 2191 1019 2308 passus
1053 2196 1107 2279 est
1133 2203 1255 2300 majus
1286 2196 1497 2294 damnum,
1532 2203 1676 2312 reperit

221 2315 397 2409 Mariam,
420 2335 559 2401 contra
583 2337 718 2425 quarn,
744 2308 909 2425 quiade
932 2308 1085 2396 Infante
1101 2337 1182 2395 non
1209 2334 1420 2413 curaverat,
1437 2335 1563 2398 totam
1580 2319 1678 2401 itam
1802 2394 1805 2399 .

174 2465 180 2474 ³
221 2452 424 2515 convernt.

340 2572 388 2656 65
397 2582 440 2641 0.
466 2557 606 2668 Itaque
629 2554 799 2668 propere
822 2552 923 2641 redit
947 2556 988 2638 in
1009 2549 1217 2654 infernum,
1235 2552 1303 2640 ubi
1329 2559 1679 2667 convocatisprin·

221 2671 376 2787 cipibus
403 2671 649 2756 tenebrarum
677 2692 804 2754 narrat
824 2670 1123 2753 destrudiionem
1150 2662 1352 2753 idolorum
1377 2674 1414 2754 δι
1439 2667 1677 2784 templorum

223 2792 477 2902 inAEgypto.
532 2790 637 2870 Nam
659 2787 882 2870 Daemones
902 2807 1008 2868 tanta
1025 2786 1329 2896 pracipitatione
1358 2813 1406 2868 ex
1432 2781 1549 2871 idolis
1579 2780 1678 2871 effu·
1800 2802 1806 2813 '

170 2901 172 2910 ¹
224 2924 373 3020 gerant,
394 2925 437 2985 ut
452 2895 673 2996 nescierint,
696 2900 793 3012 quid
811 2901 944 3010 postea
965 2893 1082 3017 idolis
1102 2916 1149 2983 'ac
1168 2894 1322 3011 templis
1348 2904 1566 3015 contigerit.
1619 2902 1678 2988 Α·

224 3026 346 3155 nimat
361 3044 433 3102 eos
452 3017 627 3132 denique
647 3038 783 3100 contra
804 3017 982 3116 Mariam,
1004 3018 1043 3097 dr
1065 3013 1132 3129 ipfi
1159 3009 1353 3128 spondent
1374 3041 1536 3130 operam
1558 3019 1598 3103 u
1619 3019 1708 3159 rig

223 3141 441 3358 sonasti.
468 3260 583 3342 Tunc
597 3249 849 3342 ascenderunt
869 3284 918 3341 ex
940 3282 1039 3343 orco
1061 3278 1200 3342 ronna
1213 3258 1375 3368 Mariam
1398 3248 1531 3355 multa
1551 3248 1679 3370 legio-

225 3374 571 3463 nesddemonuma
610 3399 693 3456 non
719 3380 1062 3485 poterant‘antem
1089 3371 1140 3458 ad
1167 3398 1253 3458 eam
1282 3375 1444 3483 propius
1476 3373 1678 3473 accedere,

225 3488 347 3606 quam
366 3493 407 3573 in
430 3486 602 3571 distantia
630 3484 776 3597 septem
801 3480 964 3569 millium
982 3483 1167 3598 passuum.
1232 3483 1335 3571 Crlm
1357 3509 1489 3572 autem
1524 3483 1679 3573 Lucifer

223 3627 378 3718 urgeret
394 3596 585 3717 legiones,
613 3601 743 3686 subito
765 3627 855 3684 cum
872 3604 919 3686 iis
935 3606 975 3686 in
997 3599 1466 3715 infernum'praecipiratus
1483 3601 1550 3687 est.
1588 3607 1683 3691 Huc

227 3724 264 3805 ei
280 3717 409 3831 saepius
430 3721 596 3832 contigit
609 3719 697 3829 post
717 3719 1023 3803 lncamationcm
1042 3715 1187 3808 Verbis
1212 3721 1252 3801 dc
1267 3715 1324 3823 ob
1339 3717 1419 3802 hoc
1440 3720 1547 3802 venit
1568 3714 1681 3805 insu·

222 3835 447 3952 spicionem‚
466 3838 542 3943 jam
562 3826 705 3918 venisse
726 3827 913 3946 Meffiam
1229 3852 1232 3857 ·

343 3997 442 4084 6ς4.
473 3979 601 4089 Quod
628 3974 749 4092 aliqui
773 3977 956 4062 authores
980 3969 1216 4088 scripserint,
1242 3981 1284 4061 B.
1311 3976 1512 4089 Virginem
1540 3977 1580 4061 in
1607 3978 1681 4063 Ei
1738 3962 1744 3970 “

223 4123 351 4218 gypto
371 4090 555 4183 habitasse
572 4100 613 4179 in
631 4096 712 4178 hoc
738 4088 857 4183 locor
889 4087 953 4175 alii
971 4117 1103 4184 autern
1124 4092 1308 4180 authores
1328 4093 1368 4202 iu
1396 4087 1495 4204 aliut
1523 4089 1566 4176 id
1585 4115 1683 4202 pro·
1887 4148 1890 4155 .

323 4211 519 4323 uua
537 4205 582 4297 de
599 4203 898 4301 ReuehaParr
917 4205 973 4298 sl.
1201 4210 1280 4297 vu
1572 4205 1681 4301 venit
1741 4242 1755 4249 .‚
