<?xml version="1.0" encoding="UTF-8"?>
<!DOCTYPE html PUBLIC "-//W3C//DTD XHTML 1.0 Transitional//EN"
    "http://www.w3.org/TR/xhtml1/DTD/xhtml1-transitional.dtd">
<html xmlns="http://www.w3.org/1999/xhtml" xml:lang="en" lang="en">
 <head>
  <title>
</title>
<meta http-equiv="Content-Type" content="text/html;charset=utf-8" />
  <meta name='ocr-system' content='tesseract 3.04.00' />
  <meta name='ocr-capabilities' content='ocr_page ocr_carea ocr_par ocr_line ocrx_word'/>
</head>
<body>
  <div class='ocr_page' id='page_1' title='image "./derevelationibu00amorgoog_0324.png"; bbox 0 0 3796 4994; ppageno 0'>
   <div class='ocr_carea' id='block_1_1' title="bbox 264 216 1439 411">
    <p class='ocr_par' dir='ltr' id='par_1_1' title="bbox 264 216 1439 411">
     <span class='ocr_line' id='line_1_1' title="bbox 264 216 1439 411; baseline -0.008 -24"><span class='ocrx_word' id='word_1_1' title='bbox 264 292 270 313; x_wconf 66' lang='lat'>²</span> <span class='ocrx_word' id='word_1_2' title='bbox 316 305 386 387; x_wconf 82' lang='lat' dir='ltr'>ao</span> <span class='ocrx_word' id='word_1_3' title='bbox 628 216 856 411; x_wconf 74' lang='lat' dir='ltr'>Exempla·</span> <span class='ocrx_word' id='word_1_4' title='bbox 869 268 987 408; x_wconf 63' lang='lat' dir='ltr'>idus</span> <span class='ocrx_word' id='word_1_5' title='bbox 1007 304 1064 376; x_wconf 81' lang='lat' dir='ltr'>ex</span> <span class='ocrx_word' id='word_1_6' title='bbox 1085 275 1226 379; x_wconf 76' lang='lat' dir='ltr'>variis</span> <span class='ocrx_word' id='word_1_7' title='bbox 1249 271 1439 408; x_wconf 70' lang='lat' dir='ltr'>Antion</span> 
     </span>
    </p>
   </div>
   <div class='ocr_carea' id='block_1_2' title="bbox 176 469 1772 1860">
    <p class='ocr_par' dir='ltr' id='par_1_2' title="bbox 176 469 1772 1860">
     <span class='ocr_line' id='line_1_2' title="bbox 176 469 1766 605; baseline 0 -32"><span class='ocrx_word' id='word_1_8' title='bbox 176 477 179 483; x_wconf 41' lang='lat'><em>⁴</em></span> <span class='ocrx_word' id='word_1_9' title='bbox 312 487 399 573; x_wconf 82' lang='lat' dir='ltr'>bat:</span> <span class='ocrx_word' id='word_1_10' title='bbox 427 482 569 575; x_wconf 84' lang='lat' dir='ltr'>Melius</span> <span class='ocrx_word' id='word_1_11' title='bbox 588 486 669 572; x_wconf 91' lang='lat' dir='ltr'>hoc</span> <span class='ocrx_word' id='word_1_12' title='bbox 689 480 802 576; x_wconf 73' lang='lat' dir='ltr'>cisetr</span> <span class='ocrx_word' id='word_1_13' title='bbox 828 479 927 570; x_wconf 92' lang='lat' dir='ltr'>illud</span> <span class='ocrx_word' id='word_1_14' title='bbox 949 477 1088 571; x_wconf 79' lang='lat' dir='ltr'>melius</span> <span class='ocrx_word' id='word_1_15' title='bbox 1114 487 1167 569; x_wconf 85' lang='lat' dir='ltr'>ita</span> <span class='ocrx_word' id='word_1_16' title='bbox 1185 480 1316 575; x_wconf 72' lang='lat' dir='ltr'>fiercte</span> <span class='ocrx_word' id='word_1_17' title='bbox 1360 489 1399 569; x_wconf 83' lang='lat' dir='ltr'>dc</span> <span class='ocrx_word' id='word_1_18' title='bbox 1421 478 1550 570; x_wconf 78' lang='lat' dir='ltr'>multa</span> <span class='ocrx_word' id='word_1_19' title='bbox 1568 469 1766 605; x_wconf 73' lang='lat' dir='ltr'>refrtgan·</span> 
     </span>
     <span class='ocr_line' id='line_1_3' title="bbox 315 593 1764 716; baseline 0.002 -27"><span class='ocrx_word' id='word_1_20' title='bbox 315 601 360 689; x_wconf 83' lang='lat' dir='ltr'>d</span> <span class='ocrx_word' id='word_1_21' title='bbox 385 626 432 687; x_wconf 89' lang='lat' dir='ltr'>ac</span> <span class='ocrx_word' id='word_1_22' title='bbox 455 601 748 687; x_wconf 89' lang='lat' dir='ltr'>contradicendi</span> <span class='ocrx_word' id='word_1_23' title='bbox 769 604 1025 714; x_wconf 89' lang='lat' dir='ltr'>cogitationes</span> <span class='ocrx_word' id='word_1_24' title='bbox 1042 593 1144 684; x_wconf 85' lang='lat' dir='ltr'>illius</span> <span class='ocrx_word' id='word_1_25' title='bbox 1166 603 1336 684; x_wconf 88' lang='lat' dir='ltr'>animum</span> <span class='ocrx_word' id='word_1_26' title='bbox 1360 598 1564 699; x_wconf 81' lang='lat' dir='ltr'>subibant,</span> <span class='ocrx_word' id='word_1_27' title='bbox 1598 628 1764 716; x_wconf 83' lang='lat' dir='ltr'>quarum</span> 
     </span>
     <span class='ocr_line' id='line_1_4' title="bbox 314 708 1767 829; baseline 0.001 -26"><span class='ocrx_word' id='word_1_28' title='bbox 314 741 447 803; x_wconf 88' lang='lat' dir='ltr'>tamen</span> <span class='ocrx_word' id='word_1_29' title='bbox 474 720 657 802; x_wconf 89' lang='lat' dir='ltr'>omnium</span> <span class='ocrx_word' id='word_1_30' title='bbox 685 713 937 828; x_wconf 89' lang='lat' dir='ltr'>postmodum</span> <span class='ocrx_word' id='word_1_31' title='bbox 965 708 1071 799; x_wconf 91' lang='lat' dir='ltr'>illam</span> <span class='ocrx_word' id='word_1_32' title='bbox 1100 714 1342 826; x_wconf 85' lang='lat' dir='ltr'>poenitebat,</span> <span class='ocrx_word' id='word_1_33' title='bbox 1369 710 1488 829; x_wconf 90' lang='lat' dir='ltr'>seque</span> <span class='ocrx_word' id='word_1_34' title='bbox 1514 715 1620 828; x_wconf 91' lang='lat' dir='ltr'>apud</span> <span class='ocrx_word' id='word_1_35' title='bbox 1646 714 1767 829; x_wconf 80' lang='lat' dir='ltr'>ipsam</span> 
     </span>
     <span class='ocr_line' id='line_1_5' title="bbox 314 825 1770 945; baseline 0 -27"><span class='ocrx_word' id='word_1_36' title='bbox 314 828 539 918; x_wconf 76' lang='lat' dir='ltr'>Praefeoam</span> <span class='ocrx_word' id='word_1_37' title='bbox 560 826 773 927; x_wconf 86' lang='lat' dir='ltr'>accusabat,</span> <span class='ocrx_word' id='word_1_38' title='bbox 803 835 842 913; x_wconf 87' lang='lat' dir='ltr'>dc</span> <span class='ocrx_word' id='word_1_39' title='bbox 860 832 1013 914; x_wconf 88' lang='lat' dir='ltr'>veniam</span> <span class='ocrx_word' id='word_1_40' title='bbox 1032 827 1213 940; x_wconf 86' lang='lat' dir='ltr'>petebat,</span> <span class='ocrx_word' id='word_1_41' title='bbox 1236 828 1359 941; x_wconf 89' lang='lat' dir='ltr'>idque</span> <span class='ocrx_word' id='word_1_42' title='bbox 1383 825 1510 914; x_wconf 89' lang='lat' dir='ltr'>multo</span> <span class='ocrx_word' id='word_1_43' title='bbox 1530 856 1617 916; x_wconf 88' lang='lat' dir='ltr'>curn</span> <span class='ocrx_word' id='word_1_44' title='bbox 1637 831 1770 945; x_wconf 90' lang='lat' dir='ltr'>pudo·</span> 
     </span>
     <span class='ocr_line' id='line_1_6' title="bbox 316 938 1769 1057; baseline 0.001 -25"><span class='ocrx_word' id='word_1_45' title='bbox 316 970 361 1032; x_wconf 86' lang='lat' dir='ltr'>re</span> <span class='ocrx_word' id='word_1_46' title='bbox 386 949 426 1028; x_wconf 84' lang='lat' dir='ltr'>de</span> <span class='ocrx_word' id='word_1_47' title='bbox 454 949 572 1032; x_wconf 86' lang='lat' dir='ltr'>animi</span> <span class='ocrx_word' id='word_1_48' title='bbox 602 950 770 1031; x_wconf 88' lang='lat' dir='ltr'>cruciatu</span> <span class='ocrx_word' id='word_1_49' title='bbox 791 942 983 1032; x_wconf 70' lang='lat' dir='ltr'>faciebam</span> <span class='ocrx_word' id='word_1_50' title='bbox 1020 938 1286 1056; x_wconf 87' lang='lat' dir='ltr'>affirmatque,</span> <span class='ocrx_word' id='word_1_51' title='bbox 1313 941 1517 1057; x_wconf 82' lang='lat' dir='ltr'>quodnisi</span> <span class='ocrx_word' id='word_1_52' title='bbox 1542 945 1623 1030; x_wconf 90' lang='lat' dir='ltr'>hoc</span> <span class='ocrx_word' id='word_1_53' title='bbox 1640 973 1769 1033; x_wconf 89' lang='lat' dir='ltr'>reme·</span> 
     </span>
     <span class='ocr_line' id='line_1_7' title="bbox 319 1052 1768 1174; baseline 0 -25"><span class='ocrx_word' id='word_1_54' title='bbox 319 1063 429 1149; x_wconf 88' lang='lat' dir='ltr'>dium</span> <span class='ocrx_word' id='word_1_55' title='bbox 453 1057 602 1159; x_wconf 80' lang='lat' dir='ltr'>suisset,</span> <span class='ocrx_word' id='word_1_56' title='bbox 628 1055 735 1145; x_wconf 88' lang='lat' dir='ltr'>suam</span> <span class='ocrx_word' id='word_1_57' title='bbox 765 1053 950 1143; x_wconf 87' lang='lat' dir='ltr'>videlicet</span> <span class='ocrx_word' id='word_1_58' title='bbox 973 1053 1174 1141; x_wconf 88' lang='lat' dir='ltr'>accusandi</span> <span class='ocrx_word' id='word_1_59' title='bbox 1212 1053 1386 1171; x_wconf 83' lang='lat' dir='ltr'>culpam,</span> <span class='ocrx_word' id='word_1_60' title='bbox 1414 1052 1511 1169; x_wconf 78' lang='lat' dir='ltr'>sape</span> <span class='ocrx_word' id='word_1_61' title='bbox 1538 1054 1768 1174; x_wconf 86' lang='lat' dir='ltr'>suggestioni</span> 
     </span>
     <span class='ocr_line' id='line_1_8' title="bbox 319 1165 1770 1289; baseline -0.002 -26"><span class='ocrx_word' id='word_1_62' title='bbox 319 1171 572 1271; x_wconf 72' lang='lat' dir='ltr'>consensisen</span> <span class='ocrx_word' id='word_1_63' title='bbox 593 1179 633 1258; x_wconf 84' lang='lat' dir='ltr'>de</span> <span class='ocrx_word' id='word_1_64' title='bbox 661 1168 851 1260; x_wconf 77' lang='lat' dir='ltr'>Praeseeiae</span> <span class='ocrx_word' id='word_1_65' title='bbox 868 1166 1025 1257; x_wconf 83' lang='lat' dir='ltr'>rebellis</span> <span class='ocrx_word' id='word_1_66' title='bbox 1047 1165 1236 1257; x_wconf 86' lang='lat' dir='ltr'>extitisset.</span> <span class='ocrx_word' id='word_1_67' title='bbox 1309 1174 1555 1258; x_wconf 85' lang='lat' dir='ltr'>Procedente</span> <span class='ocrx_word' id='word_1_68' title='bbox 1588 1197 1770 1289; x_wconf 87' lang='lat' dir='ltr'>tempore</span> 
     </span>
     <span class='ocr_line' id='line_1_9' title="bbox 321 1284 1768 1401; baseline -0.001 -22"><span class='ocrx_word' id='word_1_69' title='bbox 321 1284 515 1379; x_wconf 86' lang='lat' dir='ltr'>crescebat</span> <span class='ocrx_word' id='word_1_70' title='bbox 535 1284 592 1374; x_wconf 90' lang='lat' dir='ltr'>illi</span> <span class='ocrx_word' id='word_1_71' title='bbox 611 1284 761 1400; x_wconf 86' lang='lat' dir='ltr'>semper</span> <span class='ocrx_word' id='word_1_72' title='bbox 783 1288 863 1372; x_wconf 89' lang='lat' dir='ltr'>hoc</span> <span class='ocrx_word' id='word_1_73' title='bbox 886 1310 1078 1375; x_wconf 89' lang='lat' dir='ltr'>certamen</span> <span class='ocrx_word' id='word_1_74' title='bbox 1091 1313 1217 1401; x_wconf 82' lang='lat' dir='ltr'>,non</span> <span class='ocrx_word' id='word_1_75' title='bbox 1242 1309 1373 1371; x_wconf 90' lang='lat' dir='ltr'>tamen</span> <span class='ocrx_word' id='word_1_76' title='bbox 1399 1286 1456 1371; x_wconf 95' lang='lat' dir='ltr'>ob</span> <span class='ocrx_word' id='word_1_77' title='bbox 1482 1288 1525 1373; x_wconf 94' lang='lat' dir='ltr'>id</span> <span class='ocrx_word' id='word_1_78' title='bbox 1551 1287 1768 1391; x_wconf 86' lang='lat' dir='ltr'>defistebat,</span> 
     </span>
     <span class='ocr_line' id='line_1_10' title="bbox 319 1399 1772 1515; baseline -0.003 -19"><span class='ocrx_word' id='word_1_79' title='bbox 319 1402 542 1499; x_wconf 74' lang='lat' dir='ltr'>Prefeiiam</span> <span class='ocrx_word' id='word_1_80' title='bbox 564 1405 743 1500; x_wconf 86' lang='lat' dir='ltr'>revereri,</span> <span class='ocrx_word' id='word_1_81' title='bbox 769 1406 809 1485; x_wconf 83' lang='lat' dir='ltr'>dt</span> <span class='ocrx_word' id='word_1_82' title='bbox 833 1399 1117 1513; x_wconf 86' lang='lat' dir='ltr'>obtemperare.</span> <span class='ocrx_word' id='word_1_83' title='bbox 1189 1402 1441 1487; x_wconf 85' lang='lat' dir='ltr'>Cruciab&#39;atur</span> <span class='ocrx_word' id='word_1_84' title='bbox 1471 1405 1585 1515; x_wconf 91' lang='lat' dir='ltr'>proin</span> <span class='ocrx_word' id='word_1_85' title='bbox 1614 1406 1772 1491; x_wconf 87' lang='lat' dir='ltr'>inenar-</span> 
     </span>
     <span class='ocr_line' id='line_1_11' title="bbox 320 1511 1770 1628; baseline -0.002 -20"><span class='ocrx_word' id='word_1_86' title='bbox 320 1517 433 1609; x_wconf 81' lang='lat' dir='ltr'>rabili</span> <span class='ocrx_word' id='word_1_87' title='bbox 465 1515 630 1617; x_wconf 88' lang='lat' dir='ltr'>dolore,</span> <span class='ocrx_word' id='word_1_88' title='bbox 655 1514 845 1628; x_wconf 72' lang='lat' dir='ltr'>praecipui</span> <span class='ocrx_word' id='word_1_89' title='bbox 867 1542 955 1599; x_wconf 88' lang='lat' dir='ltr'>curn</span> <span class='ocrx_word' id='word_1_90' title='bbox 974 1520 1162 1600; x_wconf 86' lang='lat' dir='ltr'>&#39;cerneret</span> <span class='ocrx_word' id='word_1_91' title='bbox 1190 1511 1228 1600; x_wconf 91' lang='lat' dir='ltr'>se</span> <span class='ocrx_word' id='word_1_92' title='bbox 1261 1524 1447 1627; x_wconf 88' lang='lat' dir='ltr'>privatam</span> <span class='ocrx_word' id='word_1_93' title='bbox 1482 1516 1603 1603; x_wconf 80' lang='lat' dir='ltr'>divini</span> <span class='ocrx_word' id='word_1_94' title='bbox 1625 1525 1770 1605; x_wconf 79' lang='lat' dir='ltr'>amoris</span> 
     </span>
     <span class='ocr_line' id='line_1_12' title="bbox 319 1625 1768 1748; baseline -0.001 -25"><span class='ocrx_word' id='word_1_95' title='bbox 319 1643 487 1732; x_wconf 83' lang='lat' dir='ltr'>flamma,</span> <span class='ocrx_word' id='word_1_96' title='bbox 520 1660 600 1748; x_wconf 86' lang='lat' dir='ltr'>qna</span> <span class='ocrx_word' id='word_1_97' title='bbox 631 1657 710 1717; x_wconf 91' lang='lat' dir='ltr'>tarn</span> <span class='ocrx_word' id='word_1_98' title='bbox 735 1629 897 1742; x_wconf 77' lang='lat' dir='ltr'>copiose</span> <span class='ocrx_word' id='word_1_99' title='bbox 912 1651 1026 1714; x_wconf 88' lang='lat' dir='ltr'>antea</span> <span class='ocrx_word' id='word_1_100' title='bbox 1045 1625 1194 1714; x_wconf 80' lang='lat' dir='ltr'>solebat</span> <span class='ocrx_word' id='word_1_101' title='bbox 1216 1632 1398 1729; x_wconf 88' lang='lat' dir='ltr'>accendi;</span> <span class='ocrx_word' id='word_1_102' title='bbox 1422 1633 1462 1714; x_wconf 91' lang='lat' dir='ltr'>in</span> <span class='ocrx_word' id='word_1_103' title='bbox 1485 1654 1629 1716; x_wconf 84' lang='lat' dir='ltr'>tantam</span> <span class='ocrx_word' id='word_1_104' title='bbox 1652 1641 1768 1721; x_wconf 87' lang='lat' dir='ltr'>etiam</span> 
     </span>
     <span class='ocr_line' id='line_1_13' title="bbox 320 1741 1769 1860; baseline -0.003 -22"><span class='ocrx_word' id='word_1_105' title='bbox 320 1753 533 1838; x_wconf 82' lang='lat' dir='ltr'>devenerat</span> <span class='ocrx_word' id='word_1_106' title='bbox 560 1750 693 1860; x_wconf 85' lang='lat' dir='ltr'>capitis</span> <span class='ocrx_word' id='word_1_107' title='bbox 719 1744 952 1842; x_wconf 84' lang='lat' dir='ltr'>ficcitatcm,</span> <span class='ocrx_word' id='word_1_108' title='bbox 985 1767 1028 1830; x_wconf 90' lang='lat' dir='ltr'>ut</span> <span class='ocrx_word' id='word_1_109' title='bbox 1056 1771 1130 1829; x_wconf 90' lang='lat' dir='ltr'>nec</span> <span class='ocrx_word' id='word_1_110' title='bbox 1154 1741 1280 1857; x_wconf 81' lang='lat' dir='ltr'>posset</span> <span class='ocrx_word' id='word_1_111' title='bbox 1307 1771 1440 1843; x_wconf 84' lang='lat' dir='ltr'>orare,</span> <span class='ocrx_word' id='word_1_112' title='bbox 1468 1772 1541 1830; x_wconf 89' lang='lat' dir='ltr'>nec</span> <span class='ocrx_word' id='word_1_113' title='bbox 1569 1749 1769 1835; x_wconf 84' lang='lat' dir='ltr'>horatium</span> 
     </span>
    </p>
   </div>
   <div class='ocr_carea' id='block_1_3' title="bbox 192 1858 1771 1975">
    <p class='ocr_par' dir='ltr' id='par_1_3' title="bbox 192 1858 1771 1975">
     <span class='ocr_line' id='line_1_14' title="bbox 192 1858 1771 1975; baseline -0.001 -24"><span class='ocrx_word' id='word_1_114' title='bbox 192 1952 195 1961; x_wconf 83' lang='grc'>,</span> <span class='ocrx_word' id='word_1_115' title='bbox 252 1916 265 1931; x_wconf 74' lang='lat'>,</span> <span class='ocrx_word' id='word_1_116' title='bbox 320 1860 492 1953; x_wconf 85' lang='lat' dir='ltr'>officium</span> <span class='ocrx_word' id='word_1_117' title='bbox 518 1862 670 1975; x_wconf 85' lang='lat' dir='ltr'>absque</span> <span class='ocrx_word' id='word_1_118' title='bbox 696 1863 844 1973; x_wconf 83' lang='lat' dir='ltr'>ingenti</span> <span class='ocrx_word' id='word_1_119' title='bbox 881 1861 1050 1944; x_wconf 89' lang='lat' dir='ltr'>cruciatu</span> <span class='ocrx_word' id='word_1_120' title='bbox 1086 1858 1231 1946; x_wconf 86' lang='lat' dir='ltr'>dicere.</span> <span class='ocrx_word' id='word_1_121' title='bbox 1298 1858 1367 1942; x_wconf 90' lang='lat' dir='ltr'>Ob</span> <span class='ocrx_word' id='word_1_122' title='bbox 1396 1862 1497 1943; x_wconf 86' lang='lat' dir='ltr'>hanc</span> <span class='ocrx_word' id='word_1_123' title='bbox 1523 1858 1669 1947; x_wconf 84' lang='lat' dir='ltr'>causam</span> <span class='ocrx_word' id='word_1_124' title='bbox 1699 1890 1771 1949; x_wconf 87' lang='lat' dir='ltr'>au·</span> 
     </span>
    </p>
   </div>
   <div class='ocr_carea' id='block_1_4' title="bbox 319 1969 1771 2202">
    <p class='ocr_par' dir='ltr' id='par_1_4' title="bbox 319 1969 1771 2202">
     <span class='ocr_line' id='line_1_15' title="bbox 319 1969 1770 2097; baseline -0.006 -31"><span class='ocrx_word' id='word_1_125' title='bbox 319 1981 485 2097; x_wconf 88' lang='lat' dir='ltr'>gebatur</span> <span class='ocrx_word' id='word_1_126' title='bbox 500 1974 555 2064; x_wconf 90' lang='lat' dir='ltr'>illi</span> <span class='ocrx_word' id='word_1_127' title='bbox 575 2003 725 2062; x_wconf 82' lang='lat' dir='ltr'>moeror</span> <span class='ocrx_word' id='word_1_128' title='bbox 743 1977 955 2071; x_wconf 85' lang='lat' dir='ltr'>metuenti,</span> <span class='ocrx_word' id='word_1_129' title='bbox 974 1999 1026 2056; x_wconf 91' lang='lat' dir='ltr'>ne</span> <span class='ocrx_word' id='word_1_130' title='bbox 1046 1975 1219 2085; x_wconf 88' lang='lat' dir='ltr'>quadarn</span> <span class='ocrx_word' id='word_1_131' title='bbox 1247 1978 1394 2085; x_wconf 90' lang='lat' dir='ltr'>proprii</span> <span class='ocrx_word' id='word_1_132' title='bbox 1415 1969 1537 2058; x_wconf 85' lang='lat' dir='ltr'>sensns</span> <span class='ocrx_word' id='word_1_133' title='bbox 1561 1973 1770 2090; x_wconf 89' lang='lat' dir='ltr'>indulgen·</span> 
     </span>
     <span class='ocr_line' id='line_1_16' title="bbox 320 2082 1771 2202; baseline -0.004 -18"><span class='ocrx_word' id='word_1_134' title='bbox 320 2093 376 2184; x_wconf 78' lang='lat' dir='ltr'>tii</span> <span class='ocrx_word' id='word_1_135' title='bbox 401 2094 444 2180; x_wconf 90' lang='lat' dir='ltr'>id</span> <span class='ocrx_word' id='word_1_136' title='bbox 470 2092 675 2178; x_wconf 87' lang='lat' dir='ltr'>accideret.</span> <span class='ocrx_word' id='word_1_137' title='bbox 734 2092 872 2202; x_wconf 88' lang='lat' dir='ltr'>ltaque</span> <span class='ocrx_word' id='word_1_138' title='bbox 897 2082 1095 2172; x_wconf 78' lang='lat' dir='ltr'>intellectu</span> <span class='ocrx_word' id='word_1_139' title='bbox 1125 2088 1228 2200; x_wconf 77' lang='lat' dir='ltr'>peni:</span> <span class='ocrx_word' id='word_1_140' title='bbox 1255 2087 1541 2174; x_wconf 87' lang='lat' dir='ltr'>destituebatur.</span> <span class='ocrx_word' id='word_1_141' title='bbox 1610 2096 1694 2175; x_wconf 90' lang='lat' dir='ltr'>Hac</span> <span class='ocrx_word' id='word_1_142' title='bbox 1718 2093 1771 2178; x_wconf 92' lang='lat' dir='ltr'>de</span> 
     </span>
    </p>
   </div>
   <div class='ocr_carea' id='block_1_5' title="bbox 185 2201 1772 2320">
    <p class='ocr_par' dir='ltr' id='par_1_5' title="bbox 185 2201 1772 2320">
     <span class='ocr_line' id='line_1_17' title="bbox 185 2201 1772 2320; baseline -0.007 -19"><span class='ocrx_word' id='word_1_143' title='bbox 185 2296 190 2313; x_wconf 89' lang='grc'><em>,</em></span> <span class='ocrx_word' id='word_1_144' title='bbox 321 2206 431 2298; x_wconf 82' lang='lat' dir='ltr'>causa</span> <span class='ocrx_word' id='word_1_145' title='bbox 449 2210 569 2320; x_wconf 86' lang='lat' dir='ltr'>coepit</span> <span class='ocrx_word' id='word_1_146' title='bbox 587 2201 758 2319; x_wconf 88' lang='lat' dir='ltr'>aliquam</span> <span class='ocrx_word' id='word_1_147' title='bbox 779 2202 984 2287; x_wconf 83' lang='lat' dir='ltr'>admittere</span> <span class='ocrx_word' id='word_1_148' title='bbox 1011 2206 1199 2315; x_wconf 90' lang='lat' dir='ltr'>quietem,</span> <span class='ocrx_word' id='word_1_149' title='bbox 1218 2229 1292 2285; x_wconf 88' lang='lat' dir='ltr'>nec</span> <span class='ocrx_word' id='word_1_150' title='bbox 1310 2224 1473 2300; x_wconf 88' lang='lat' dir='ltr'>tantum,</span> <span class='ocrx_word' id='word_1_151' title='bbox 1499 2227 1541 2286; x_wconf 87' lang='lat' dir='ltr'>or</span> <span class='ocrx_word' id='word_1_152' title='bbox 1560 2202 1772 2291; x_wconf 87' lang='lat' dir='ltr'>consueve-</span> 
     </span>
    </p>
   </div>
   <div class='ocr_carea' id='block_1_6' title="bbox 244 2313 1773 2894">
    <p class='ocr_par' dir='ltr' id='par_1_6' title="bbox 244 2313 1773 2894">
     <span class='ocr_line' id='line_1_18' title="bbox 244 2313 1773 2434; baseline -0.003 -27"><span class='ocrx_word' id='word_1_153' title='bbox 244 2382 250 2389; x_wconf 88' lang='lat'><em>-</em></span> <span class='ocrx_word' id='word_1_154' title='bbox 319 2350 393 2423; x_wconf 83' lang='lat' dir='ltr'>tat,</span> <span class='ocrx_word' id='word_1_155' title='bbox 415 2331 533 2409; x_wconf 76' lang='lat' dir='ltr'>nodie</span> <span class='ocrx_word' id='word_1_156' title='bbox 560 2313 727 2434; x_wconf 87' lang='lat' dir='ltr'>vigilare.</span> <span class='ocrx_word' id='word_1_157' title='bbox 781 2323 968 2404; x_wconf 80' lang='lat' dir='ltr'>Praeterea</span> <span class='ocrx_word' id='word_1_158' title='bbox 993 2339 1088 2400; x_wconf 91' lang='lat' dir='ltr'>tunc</span> <span class='ocrx_word' id='word_1_159' title='bbox 1112 2315 1342 2428; x_wconf 79' lang='lat' dir='ltr'>impossibile</span> <span class='ocrx_word' id='word_1_160' title='bbox 1372 2322 1408 2401; x_wconf 91' lang='lat' dir='ltr'>ei</span> <span class='ocrx_word' id='word_1_161' title='bbox 1438 2318 1641 2403; x_wconf 87' lang='lat' dir='ltr'>videbatur</span> <span class='ocrx_word' id='word_1_162' title='bbox 1659 2340 1773 2404; x_wconf 84' lang='lat' dir='ltr'>exer·</span> 
     </span>
     <span class='ocr_line' id='line_1_19' title="bbox 322 2429 1771 2548; baseline -0.006 -19"><span class='ocrx_word' id='word_1_163' title='bbox 322 2466 412 2529; x_wconf 87' lang='lat' dir='ltr'>cere</span> <span class='ocrx_word' id='word_1_164' title='bbox 440 2439 634 2533; x_wconf 86' lang='lat' dir='ltr'>virtutes,</span> <span class='ocrx_word' id='word_1_165' title='bbox 669 2459 768 2548; x_wconf 83' lang='lat' dir='ltr'>quas</span> <span class='ocrx_word' id='word_1_166' title='bbox 795 2455 910 2517; x_wconf 90' lang='lat' dir='ltr'>antea</span> <span class='ocrx_word' id='word_1_167' title='bbox 938 2457 1082 2545; x_wconf 90' lang='lat' dir='ltr'>magno</span> <span class='ocrx_word' id='word_1_168' title='bbox 1113 2456 1199 2514; x_wconf 91' lang='lat' dir='ltr'>cum</span> <span class='ocrx_word' id='word_1_169' title='bbox 1237 2431 1378 2516; x_wconf 91' lang='lat' dir='ltr'>ardore</span> <span class='ocrx_word' id='word_1_170' title='bbox 1385 2486 1399 2530; x_wconf 87' lang='lat'><em>‚</em></span> <span class='ocrx_word' id='word_1_171' title='bbox 1437 2437 1476 2516; x_wconf 76' lang='grc' dir='ltr'>δι</span> <span class='ocrx_word' id='word_1_172' title='bbox 1505 2430 1583 2518; x_wconf 87' lang='lat' dir='ltr'>fine</span> <span class='ocrx_word' id='word_1_173' title='bbox 1609 2429 1771 2547; x_wconf 83' lang='lat' dir='ltr'>segnitie</span> 
     </span>
     <span class='ocr_line' id='line_1_20' title="bbox 309 2540 1770 2663; baseline -0.007 -18"><span class='ocrx_word' id='word_1_174' title='bbox 309 2554 557 2650; x_wconf 78' lang='lat' dir='ltr'>&#39;exercebat‚</span> <span class='ocrx_word' id='word_1_175' title='bbox 596 2547 663 2634; x_wconf 90' lang='lat' dir='ltr'>nisr</span> <span class='ocrx_word' id='word_1_176' title='bbox 691 2547 805 2663; x_wconf 91' lang='lat' dir='ltr'>quod</span> <span class='ocrx_word' id='word_1_177' title='bbox 833 2550 1025 2659; x_wconf 77' lang='lat' dir='ltr'>patientie</span> <span class='ocrx_word' id='word_1_178' title='bbox 1053 2548 1170 2630; x_wconf 83' lang='lat' dir='ltr'>virtus</span> <span class='ocrx_word' id='word_1_179' title='bbox 1197 2540 1256 2653; x_wconf 30' lang='lat' dir='ltr'>illi,</span> <span class='ocrx_word' id='word_1_180' title='bbox 1279 2548 1587 2658; x_wconf 88' lang='lat' dir='ltr'>proponebatur.</span> <span class='ocrx_word' id='word_1_181' title='bbox 1659 2551 1770 2635; x_wconf 89' lang='lat' dir='ltr'>Cum</span> 
     </span>
     <span class='ocr_line' id='line_1_21' title="bbox 322 2656 1771 2776; baseline -0.006 -22"><span class='ocrx_word' id='word_1_182' title='bbox 322 2695 454 2757; x_wconf 89' lang='lat' dir='ltr'>autem</span> <span class='ocrx_word' id='word_1_183' title='bbox 477 2661 658 2753; x_wconf 90' lang='lat' dir='ltr'>diabolus</span> <span class='ocrx_word' id='word_1_184' title='bbox 683 2663 771 2776; x_wconf 89' lang='lat' dir='ltr'>post</span> <span class='ocrx_word' id='word_1_185' title='bbox 789 2658 954 2775; x_wconf 89' lang='lat' dir='ltr'>longum</span> <span class='ocrx_word' id='word_1_186' title='bbox 980 2686 1133 2772; x_wconf 85' lang='lat' dir='ltr'>tempus</span> <span class='ocrx_word' id='word_1_187' title='bbox 1160 2685 1359 2763; x_wconf 82' lang='lat' dir='ltr'>cerneret,</span> <span class='ocrx_word' id='word_1_188' title='bbox 1391 2656 1429 2745; x_wconf 95' lang='lat' dir='ltr'>se</span> <span class='ocrx_word' id='word_1_189' title='bbox 1456 2663 1634 2746; x_wconf 92' lang='lat' dir='ltr'>nondum</span> <span class='ocrx_word' id='word_1_190' title='bbox 1656 2689 1771 2774; x_wconf 88' lang='lat' dir='ltr'>pror·</span> 
     </span>
     <span class='ocr_line' id='line_1_22' title="bbox 319 2770 1771 2894; baseline -0.004 -26"><span class='ocrx_word' id='word_1_191' title='bbox 319 2779 382 2872; x_wconf 82' lang='lat' dir='ltr'>sut</span> <span class='ocrx_word' id='word_1_192' title='bbox 405 2809 492 2869; x_wconf 89' lang='lat' dir='ltr'>cam</span> <span class='ocrx_word' id='word_1_193' title='bbox 517 2773 771 2894; x_wconf 90' lang='lat' dir='ltr'>prostravisse,·</span> <span class='ocrx_word' id='word_1_194' title='bbox 794 2772 850 2858; x_wconf 91' lang='lat' dir='ltr'>illi</span> <span class='ocrx_word' id='word_1_195' title='bbox 873 2781 1061 2886; x_wconf 87' lang='lat' dir='ltr'>apparuit,</span> <span class='ocrx_word' id='word_1_196' title='bbox 1083 2770 1267 2886; x_wconf 85' lang='lat' dir='ltr'>assumpta</span> <span class='ocrx_word' id='word_1_197' title='bbox 1288 2779 1427 2859; x_wconf 89' lang='lat' dir='ltr'>iterum</span> <span class='ocrx_word' id='word_1_198' title='bbox 1444 2780 1488 2860; x_wconf 86' lang='grc' dir='ltr'>Β.</span> <span class='ocrx_word' id='word_1_199' title='bbox 1505 2780 1672 2888; x_wconf 83' lang='lat' dir='ltr'>Virginis</span> <span class='ocrx_word' id='word_1_200' title='bbox 1686 2775 1771 2862; x_wconf 89' lang='lat' dir='ltr'>sot·</span> 
     </span>
    </p>
   </div>
   <div class='ocr_carea' id='block_1_7' title="bbox 166 2886 1771 3004">
    <p class='ocr_par' dir='ltr' id='par_1_7' title="bbox 166 2886 1771 3004">
     <span class='ocr_line' id='line_1_23' title="bbox 166 2886 1771 3004; baseline -0.004 -21"><span class='ocrx_word' id='word_1_201' title='bbox 166 2976 171 2983; x_wconf 93' lang='lat'>.</span> <span class='ocrx_word' id='word_1_202' title='bbox 321 2894 403 2996; x_wconf 74' lang='lat' dir='ltr'>md,</span> <span class='ocrx_word' id='word_1_203' title='bbox 424 2892 549 2980; x_wconf 88' lang='lat' dir='ltr'>filium</span> <span class='ocrx_word' id='word_1_204' title='bbox 568 2896 610 2976; x_wconf 93' lang='lat' dir='ltr'>in</span> <span class='ocrx_word' id='word_1_205' title='bbox 636 2886 817 3004; x_wconf 85' lang='lat' dir='ltr'>amplexu</span> <span class='ocrx_word' id='word_1_206' title='bbox 841 2916 1001 3000; x_wconf 90' lang='lat' dir='ltr'>parvum</span> <span class='ocrx_word' id='word_1_207' title='bbox 1028 2895 1219 2986; x_wconf 85' lang='lat' dir='ltr'>tenentis,</span> <span class='ocrx_word' id='word_1_208' title='bbox 1251 2895 1289 2972; x_wconf 82' lang='lat' dir='ltr'>de</span> <span class='ocrx_word' id='word_1_209' title='bbox 1314 2887 1417 2974; x_wconf 88' lang='lat' dir='ltr'>illam</span> <span class='ocrx_word' id='word_1_210' title='bbox 1448 2888 1626 2975; x_wconf 85' lang='lat' dir='ltr'>accusans</span> <span class='ocrx_word' id='word_1_211' title='bbox 1650 2890 1771 2979; x_wconf 84' lang='lat' dir='ltr'>dixit:</span> 
     </span>
    </p>
   </div>
   <div class='ocr_carea' id='block_1_8' title="bbox 243 2996 1772 4035">
    <p class='ocr_par' dir='ltr' id='par_1_8' title="bbox 243 2996 1772 4035">
     <span class='ocr_line' id='line_1_24' title="bbox 319 2996 1772 3117; baseline -0.007 -14"><span class='ocrx_word' id='word_1_212' title='bbox 319 3007 493 3103; x_wconf 87' lang='lat' dir='ltr'>Noluisti</span> <span class='ocrx_word' id='word_1_213' title='bbox 514 3033 690 3092; x_wconf 90' lang='lat' dir='ltr'>amorem</span> <span class='ocrx_word' id='word_1_214' title='bbox 708 2997 887 3089; x_wconf 89' lang='lat' dir='ltr'>vitiosum</span> <span class='ocrx_word' id='word_1_215' title='bbox 907 3001 930 3087; x_wconf 75' lang='lat' dir='ltr'>i</span> <span class='ocrx_word' id='word_1_216' title='bbox 951 3027 992 3086; x_wconf 91' lang='lat' dir='ltr'>tc</span> <span class='ocrx_word' id='word_1_217' title='bbox 1011 2996 1220 3115; x_wconf 75' lang='lat' dir='ltr'>repelleret</span> <span class='ocrx_word' id='word_1_218' title='bbox 1247 3031 1321 3088; x_wconf 92' lang='lat' dir='ltr'>nec</span> <span class='ocrx_word' id='word_1_219' title='bbox 1338 3031 1415 3117; x_wconf 87' lang='lat' dir='ltr'>ego</span> <span class='ocrx_word' id='word_1_220' title='bbox 1442 3002 1665 3103; x_wconf 88' lang='lat' dir='ltr'>virtuosum,</span> <span class='ocrx_word' id='word_1_221' title='bbox 1688 3009 1772 3094; x_wconf 89' lang='lat' dir='ltr'>hoc</span> 
     </span>
     <span class='ocr_line' id='line_1_25' title="bbox 268 3116 1770 3232; baseline -0.002 -21"><span class='ocrx_word' id='word_1_222' title='bbox 268 3142 272 3149; x_wconf 83' lang='lat'>&#39;</span> <span class='ocrx_word' id='word_1_223' title='bbox 321 3128 390 3228; x_wconf 80' lang='lat' dir='ltr'>esi,</span> <span class='ocrx_word' id='word_1_224' title='bbox 410 3120 478 3212; x_wconf 85' lang='lat' dir='ltr'>filii</span> <span class='ocrx_word' id='word_1_225' title='bbox 503 3125 581 3207; x_wconf 88' lang='lat' dir='ltr'>mei</span> <span class='ocrx_word' id='word_1_226' title='bbox 602 3146 776 3205; x_wconf 89' lang='lat' dir='ltr'>amorem</span> <span class='ocrx_word' id='word_1_227' title='bbox 804 3117 877 3203; x_wconf 89' lang='lat' dir='ltr'>tibi</span> <span class='ocrx_word' id='word_1_228' title='bbox 896 3116 1017 3201; x_wconf 85' lang='lat' dir='ltr'>dabo.</span> <span class='ocrx_word' id='word_1_229' title='bbox 1074 3120 1121 3201; x_wconf 84' lang='lat' dir='ltr'>Et</span> <span class='ocrx_word' id='word_1_230' title='bbox 1141 3119 1200 3202; x_wconf 87' lang='lat' dir='ltr'>his</span> <span class='ocrx_word' id='word_1_231' title='bbox 1221 3119 1332 3204; x_wconf 74' lang='lat' dir='ltr'>dietis</span> <span class='ocrx_word' id='word_1_232' title='bbox 1354 3130 1544 3232; x_wconf 84' lang='lat' dir='ltr'>tanquam</span> <span class='ocrx_word' id='word_1_233' title='bbox 1566 3125 1658 3205; x_wconf 88' lang='lat' dir='ltr'>itata</span> <span class='ocrx_word' id='word_1_234' title='bbox 1676 3149 1770 3208; x_wconf 86' lang='lat' dir='ltr'>evt·</span> 
     </span>
     <span class='ocr_line' id='line_1_26' title="bbox 282 3231 1771 3354; baseline -0.004 -27"><span class='ocrx_word' id='word_1_235' title='bbox 282 3340 285 3345; x_wconf 20' lang='lat'><strong>⁴</strong></span> <span class='ocrx_word' id='word_1_236' title='bbox 318 3246 417 3330; x_wconf 90' lang='lat' dir='ltr'>nuit.</span> <span class='ocrx_word' id='word_1_237' title='bbox 475 3233 556 3354; x_wconf 87' lang='lat' dir='ltr'>Ipsa</span> <span class='ocrx_word' id='word_1_238' title='bbox 575 3234 672 3322; x_wconf 82' lang='lat' dir='ltr'>verb</span> <span class='ocrx_word' id='word_1_239' title='bbox 695 3233 893 3331; x_wconf 87' lang='lat' dir='ltr'>arbitrata,</span> <span class='ocrx_word' id='word_1_240' title='bbox 918 3231 1009 3316; x_wconf 74' lang='lat' dir='ltr'>veri</span> <span class='ocrx_word' id='word_1_241' title='bbox 1028 3232 1167 3318; x_wconf 90' lang='lat' dir='ltr'>Christi</span> <span class='ocrx_word' id='word_1_242' title='bbox 1185 3239 1349 3317; x_wconf 86' lang='lat' dir='ltr'>Matrem</span> <span class='ocrx_word' id='word_1_243' title='bbox 1372 3231 1503 3337; x_wconf 79' lang='lat' dir='ltr'>fuisse,</span> <span class='ocrx_word' id='word_1_244' title='bbox 1520 3239 1668 3348; x_wconf 85' lang='lat' dir='ltr'>ingenti</span> <span class='ocrx_word' id='word_1_245' title='bbox 1693 3237 1771 3321; x_wconf 89' lang='lat' dir='ltr'>do·</span> 
     </span>
     <span class='ocr_line' id='line_1_27' title="bbox 243 3340 1770 3466; baseline -0.009 -18"><span class='ocrx_word' id='word_1_246' title='bbox 243 3444 247 3449; x_wconf 85' lang='lat'>.</span> <span class='ocrx_word' id='word_1_247' title='bbox 317 3352 407 3444; x_wconf 91' lang='lat' dir='ltr'>lore</span> <span class='ocrx_word' id='word_1_248' title='bbox 426 3377 604 3466; x_wconf 80' lang='lat' dir='ltr'>correpta</span> <span class='ocrx_word' id='word_1_249' title='bbox 622 3352 688 3452; x_wconf 90' lang='lat' dir='ltr'>est,</span> <span class='ocrx_word' id='word_1_250' title='bbox 711 3348 897 3445; x_wconf 87' lang='lat' dir='ltr'>credens,</span> <span class='ocrx_word' id='word_1_251' title='bbox 919 3342 957 3431; x_wconf 93' lang='lat' dir='ltr'>se</span> <span class='ocrx_word' id='word_1_252' title='bbox 977 3351 1143 3431; x_wconf 86' lang='lat' dir='ltr'>Matrem</span> <span class='ocrx_word' id='word_1_253' title='bbox 1167 3353 1206 3430; x_wconf 83' lang='lat' dir='ltr'>de</span> <span class='ocrx_word' id='word_1_254' title='bbox 1230 3344 1352 3430; x_wconf 86' lang='lat' dir='ltr'>filium</span> <span class='ocrx_word' id='word_1_255' title='bbox 1369 3353 1534 3461; x_wconf 88' lang='lat' dir='ltr'>graviter</span> <span class='ocrx_word' id='word_1_256' title='bbox 1554 3340 1770 3436; x_wconf 80' lang='lat' dir='ltr'>offendffe.</span> 
     </span>
     <span class='ocr_line' id='line_1_28' title="bbox 243 3459 1770 3578; baseline -0.007 -18"><span class='ocrx_word' id='word_1_257' title='bbox 243 3504 248 3524; x_wconf 75' lang='grc'><strong>’</strong></span> <span class='ocrx_word' id='word_1_258' title='bbox 317 3473 472 3561; x_wconf 83' lang='lat' dir='ltr'>Exinde</span> <span class='ocrx_word' id='word_1_259' title='bbox 488 3469 542 3555; x_wconf 89' lang='lat' dir='ltr'>ad</span> <span class='ocrx_word' id='word_1_260' title='bbox 559 3474 704 3551; x_wconf 85' lang='lat' dir='ltr'>tantam</span> <span class='ocrx_word' id='word_1_261' title='bbox 720 3465 903 3548; x_wconf 89' lang='lat' dir='ltr'>tristitiam</span> <span class='ocrx_word' id='word_1_262' title='bbox 924 3463 1079 3546; x_wconf 75' lang='lat' dir='ltr'>redacta</span> <span class='ocrx_word' id='word_1_263' title='bbox 1098 3463 1173 3559; x_wconf 85' lang='lat' dir='ltr'>est,</span> <span class='ocrx_word' id='word_1_264' title='bbox 1192 3484 1236 3545; x_wconf 90' lang='lat' dir='ltr'>ut</span> <span class='ocrx_word' id='word_1_265' title='bbox 1258 3459 1362 3573; x_wconf 90' lang='lat' dir='ltr'>spem</span> <span class='ocrx_word' id='word_1_266' title='bbox 1383 3488 1543 3547; x_wconf 89' lang='lat' dir='ltr'>omnem</span> <span class='ocrx_word' id='word_1_267' title='bbox 1568 3459 1770 3578; x_wconf 82' lang='lat' dir='ltr'>deposuis-</span> 
     </span>
     <span class='ocr_line' id='line_1_29' title="bbox 317 3570 1771 3691; baseline -0.008 -15"><span class='ocrx_word' id='word_1_268' title='bbox 317 3580 480 3690; x_wconf 62' lang='lat' dir='ltr'>set2‘nifi</span> <span class='ocrx_word' id='word_1_269' title='bbox 496 3576 667 3679; x_wconf 87' lang='lat' dir='ltr'>scivisset,</span> <span class='ocrx_word' id='word_1_270' title='bbox 687 3574 995 3691; x_wconf 85' lang='lat' dir='ltr'>desperationem</span> <span class='ocrx_word' id='word_1_271' title='bbox 1015 3570 1090 3661; x_wconf 87' lang='lat' dir='ltr'>esse</span> <span class='ocrx_word' id='word_1_272' title='bbox 1120 3601 1368 3689; x_wconf 89' lang='lat' dir='ltr'>peccatorum</span> <span class='ocrx_word' id='word_1_273' title='bbox 1388 3581 1609 3662; x_wconf 81' lang='lat' dir='ltr'>maximum.</span> <span class='ocrx_word' id='word_1_274' title='bbox 1667 3582 1771 3666; x_wconf 85' lang='lat' dir='ltr'>Cer·</span> 
     </span>
     <span class='ocr_line' id='line_1_30' title="bbox 317 3694 1769 3808; baseline -0.008 -18"><span class='ocrx_word' id='word_1_275' title='bbox 317 3725 451 3790; x_wconf 87' lang='lat' dir='ltr'>tamen</span> <span class='ocrx_word' id='word_1_276' title='bbox 479 3701 622 3785; x_wconf 88' lang='lat' dir='ltr'>hocin</span> <span class='ocrx_word' id='word_1_277' title='bbox 649 3699 830 3808; x_wconf 89' lang='lat' dir='ltr'>quinque</span> <span class='ocrx_word' id='word_1_278' title='bbox 857 3696 1005 3778; x_wconf 88' lang='lat' dir='ltr'>circiter</span> <span class='ocrx_word' id='word_1_279' title='bbox 1032 3717 1157 3776; x_wconf 83' lang='lat' dir='ltr'>annot</span> <span class='ocrx_word' id='word_1_280' title='bbox 1184 3697 1420 3804; x_wconf 76' lang='lat' dir='ltr'>protractum</span> <span class='ocrx_word' id='word_1_281' title='bbox 1448 3694 1522 3789; x_wconf 85' lang='lat' dir='ltr'>est,</span> <span class='ocrx_word' id='word_1_282' title='bbox 1551 3719 1637 3805; x_wconf 91' lang='lat' dir='ltr'>quo</span> <span class='ocrx_word' id='word_1_283' title='bbox 1665 3717 1769 3779; x_wconf 89' lang='lat' dir='ltr'>rem·</span> 
     </span>
     <span class='ocr_line' id='line_1_31' title="bbox 349 3799 1769 3919; baseline -0.008 -15"><span class='ocrx_word' id='word_1_284' title='bbox 349 3843 420 3905; x_wconf 86' lang='lat' dir='ltr'>ore</span> <span class='ocrx_word' id='word_1_285' title='bbox 445 3820 562 3900; x_wconf 90' lang='lat' dir='ltr'>etiam</span> <span class='ocrx_word' id='word_1_286' title='bbox 589 3811 846 3911; x_wconf 80' lang='lat' dir='ltr'>communitas</span> <span class='ocrx_word' id='word_1_287' title='bbox 866 3799 1062 3919; x_wconf 80' lang='lat' dir='ltr'>religiosa,</span> <span class='ocrx_word' id='word_1_288' title='bbox 1092 3811 1133 3890; x_wconf 91' lang='lat' dir='ltr'>in</span> <span class='ocrx_word' id='word_1_289' title='bbox 1155 3831 1235 3918; x_wconf 89' lang='lat' dir='ltr'>qna</span> <span class='ocrx_word' id='word_1_290' title='bbox 1257 3802 1404 3904; x_wconf 86' lang='lat' dir='ltr'>suerat,</span> <span class='ocrx_word' id='word_1_291' title='bbox 1424 3805 1567 3891; x_wconf 83' lang='lat' dir='ltr'>finisiro</span> <span class='ocrx_word' id='word_1_292' title='bbox 1587 3802 1670 3892; x_wconf 89' lang='lat' dir='ltr'>casu</span> <span class='ocrx_word' id='word_1_293' title='bbox 1694 3803 1769 3894; x_wconf 88' lang='lat' dir='ltr'>dis·</span> 
     </span>
     <span class='ocr_line' id='line_1_32' title="bbox 315 3846 1770 4035; baseline -0.011 -12"><span class='ocrx_word' id='word_1_294' title='bbox 315 3846 443 4023; x_wconf 48' lang='lat' dir='ltr'>aluta</span> <span class='ocrx_word' id='word_1_295' title='bbox 469 3931 535 4016; x_wconf 86' lang='lat' dir='ltr'>est.</span> <span class='ocrx_word' id='word_1_296' title='bbox 559 3999 563 4005; x_wconf 89' lang='lat'>.</span> <span class='ocrx_word' id='word_1_297' title='bbox 590 3922 768 4012; x_wconf 87' lang='lat' dir='ltr'>Tandem</span> <span class='ocrx_word' id='word_1_298' title='bbox 788 3929 884 4011; x_wconf 84' lang='lat' dir='ltr'>verb</span> <span class='ocrx_word' id='word_1_299' title='bbox 899 3919 1013 4007; x_wconf 86' lang='lat' dir='ltr'>sinito</span> <span class='ocrx_word' id='word_1_300' title='bbox 1034 3923 1304 4035; x_wconf 90' lang='lat' dir='ltr'>quinquennio</span> <span class='ocrx_word' id='word_1_301' title='bbox 1320 3915 1387 4004; x_wconf 85' lang='lat' dir='ltr'>lux</span> <span class='ocrx_word' id='word_1_302' title='bbox 1421 3912 1581 4018; x_wconf 88' lang='lat' dir='ltr'>clarior,</span> <span class='ocrx_word' id='word_1_303' title='bbox 1605 3927 1644 4005; x_wconf 83' lang='lat' dir='ltr'>di</span> <span class='ocrx_word' id='word_1_304' title='bbox 1671 3949 1770 4008; x_wconf 89' lang='lat' dir='ltr'>con-</span> 
     </span>
    </p>
   </div>
   <div class='ocr_carea' id='block_1_9' title="bbox 284 4029 1770 4255">
    <p class='ocr_par' dir='ltr' id='par_1_9' title="bbox 284 4029 1770 4255">
     <span class='ocr_line' id='line_1_33' title="bbox 284 4029 1769 4168; baseline -0.011 -29"><span class='ocrx_word' id='word_1_305' title='bbox 284 4041 461 4140; x_wconf 88' lang='lat' dir='ltr'>·solatio</span> <span class='ocrx_word' id='word_1_306' title='bbox 488 4046 620 4135; x_wconf 85' lang='lat' dir='ltr'>divina</span> <span class='ocrx_word' id='word_1_307' title='bbox 646 4038 805 4150; x_wconf 78' lang='lat' dir='ltr'>suborta</span> <span class='ocrx_word' id='word_1_308' title='bbox 831 4038 899 4138; x_wconf 84' lang='lat' dir='ltr'>est,</span> <span class='ocrx_word' id='word_1_309' title='bbox 926 4039 968 4146; x_wconf 83' lang='lat' dir='ltr'>in</span> <span class='ocrx_word' id='word_1_310' title='bbox 996 4063 1076 4152; x_wconf 89' lang='lat' dir='ltr'>qua</span> <span class='ocrx_word' id='word_1_311' title='bbox 1092 4034 1227 4122; x_wconf 88' lang='lat' dir='ltr'>didicit</span> <span class='ocrx_word' id='word_1_312' title='bbox 1253 4029 1458 4148; x_wconf 87' lang='lat' dir='ltr'>agnoscere</span> <span class='ocrx_word' id='word_1_313' title='bbox 1484 4029 1653 4123; x_wconf 82' lang='lat' dir='ltr'>fallacias</span> <span class='ocrx_word' id='word_1_314' title='bbox 1680 4037 1769 4168; x_wconf 82' lang='lat' dir='ltr'>doe·</span> 
     </span>
     <span class='ocr_line' id='line_1_34' title="bbox 923 4176 1770 4255; baseline 0.007 -24"><span class='ocrx_word' id='word_1_315' title='bbox 923 4221 929 4231; x_wconf 92' lang='lat'><em>.</em></span> <span class='ocrx_word' id='word_1_316' title='bbox 1624 4176 1770 4255; x_wconf 79' lang='lat' dir='ltr'>monas,</span> 
     </span>
    </p>
   </div>
   <div class='ocr_carea' id='block_1_10' title="bbox 0 0 1902 4994">
    <p class='ocr_par' dir='ltr' id='par_1_10' title="bbox 0 0 1902 4994">
     <span class='ocr_line' id='line_1_35' title="bbox 0 0 1902 4994; baseline 0 0"><span class='ocrx_word' id='word_1_317' title='bbox 0 0 1902 4994; x_wconf 95' lang='lat' dir='ltr'> </span> 
     </span>
    </p>
   </div>
  </div>
 </body>
</html>
