3796 4994
213 342 237 409 2
248 328 310 436 58
595 297 1079 434 Revelanchgreda
1104 305 1269 397 Parsl.

329 534 425 609 ιιι.
455 506 500 589 1ii
520 506 596 618 ipsa
619 503 856 591 verificatum
882 500 955 587 suit
970 497 1067 586 iilud
1088 504 1210 589 Cant:
1239 502 1318 634 ,52⁰
1336 498 1483 588 dormio
1514 499 1576 601 ἐι*
1600 532 1662 589 cor

212 648 331 710 meum
351 615 501 717 vinici.
585 626 691 730 Quia
710 615 802 703 licet
823 613 945 702 sensus
971 618 1115 701 suerint
1143 615 1285 728 sopiti,
1312 643 1382 699 cor
1412 642 1549 701 tamen
1572 622 1662 731 vigi·

211 740 318 824 labat
342 738 382 818 in
398 733 486 819 luce
512 736 692 819 Deitatis,
776 734 825 817 Et
852 735 932 816 hoc
953 733 1085 816 decuit
1104 733 1290 844 Reginam
1322 725 1571 845 angelorum,
1599 736 1662 844 qui

213 847 406 939 versantur
430 850 474 931 in
499 852 694 933 continuis
725 847 899 949 adibus,
941 874 993 930 ne
1021 854 1064 930 in
1093 841 1176 931 ullo
1202 872 1345 959 genere
1369 844 1460 959 ipsis
1488 845 1584 931 esset
1610 851 1666 931 in·

213 967 346 1053 ferior.

333 1104 381 1179 ιι
394 1101 429 1171 ς.
457 1073 640 1175 Deteret,
660 1096 703 1157 ut
725 1072 808 1159 hac
826 1075 1004 1188 mysteria
1027 1068 1306 1185 explicarentur
1322 1071 1451 1158 verbis
1473 1066 1664 1161 sublimio·

214 1193 342 1281 ribusi
368 1185 435 1272 sed
457 1188 539 1272 haec
559 1214 642 1272 non
661 1188 819 1279 habeor
852 1196 891 1274 δι
923 1187 951 1274 si
979 1194 1095 1275 ctiam
1121 1187 1327 1279 haberemi
1365 1215 1449 1273 nori
1478 1184 1608 1301 posset
1624 1215 1666 1275 ca

216 1311 383 1399 humana
399 1300 595 1387 infirmitas
616 1296 775 1414 assequi.

334 1435 431 1515 ιιι.
461 1419 567 1513 Dixi,
590 1418 704 1531 quod
725 1421 766 1500 B.
784 1421 910 1529 Virgo
932 1419 970 1499 in
995 1417 1122 1527 primo
1148 1440 1352 1501 momento
1376 1417 1665 1527 conceptionis

215 1534 394 1619 habuerit
424 1530 608 1617 visionem
641 1531 903 1615 abstraoivam
933 1533 1042 1619 Deir
1095 1557 1140 1615 ea
1171 1555 1301 1614 tamen
1344 1555 1424 1615 erat
1457 1527 1664 1641 perfeoior

90 1676 97 1689 ’
216 1646 401 1734 omnibus
427 1641 634 1730 visionibus
653 1647 731 1729 Dei
753 1644 1004 1733 abiimuivisr
1042 1648 1142 1729 &in
1166 1672 1214 1729 ea
1240 1650 1430 1758 cognovit
1450 1639 1566 1755 plura
1594 1646 1663 1729 ob·

216 1769 343 1871 jecia.
356 1758 477 1871 quim
497 1764 606 1845 Beati
623 1762 665 1843 in
686 1754 794 1845 coelo
819 1787 889 1872 per
906 1757 1092 1844 visionem
1115 1763 1344 1843 intuitivam.
1417 1760 1468 1843 Et
1489 1760 1662 1871 quamvis

217 1902 264 1960 ea
284 1873 378 1958 visio
408 1901 492 1955 non
514 1868 630 1955 fuerit
647 1870 824 1956 beatifica
841 1901 888 1957 ac
908 1877 1098 1970 intuitiva,
1120 1898 1200 1956 erar
1223 1862 1350 1957 taikn
1369 1876 1556 1983 proxima
1575 1874 1663 1957 bea·

217 1988 329 2074 rificae
355 1984 515 2074 visionii
545 1990 739 2099 quamvis,
766 2011 809 2071 ιιι
831 1988 965 2098 postca
978 1989 1142 2083 dicetur,
1163 1992 1207 2073 B.
1233 1990 1354 2101 Virgo
1373 2014 1446 2101 per
1462 1983 1662 2072 decursum

183 2148 187 2155 ·
218 2128 304 2190 vitae
326 2097 398 2185 suar
419 2096 548 2210 sepius
576 2098 754 2183 habuerit
776 2106 891 2183 etiarn
917 2105 1146 2185 intuitiuam.

336 2235 432 2316 238·
457 2216 502 2294 B.
520 2216 642 2323 Virgo
665 2212 716 2296 ad
736 2239 800 2296 me
818 2213 932 2299 dixit:
961 2214 1180 2299 Chariisima
1199 2210 1303 2305 filiai
1329 2207 1444 2311 volo,
1465 2236 1512 2299 ιιι
1527 2240 1577 2303 cx
1598 2218 1661 2303 de-

215 2326 420 2441 scriptione
447 2353 541 2409 meae
572 2331 658 2410 vitae
682 2322 841 2441 colligas
873 2324 1039 2411 fruoum
1076 2325 1288 2419 moralemi
1336 2328 1428 2412 audi
1450 2356 1520 2413 me
1540 2336 1661 2445 igitur,

220 2450 312 2559 quia
329 2439 473 2554 loquar
491 2438 542 2523 ad
563 2465 603 2524 te
628 2439 745 2525 verba
768 2446 854 2527 vitae
869 2468 1027 2527 aterna.
1084 2442 1259 2527 Docebo
1279 2468 1319 2527 te
1339 2470 1398 2540 ea,
1419 2471 1512 2556 quae
1541 2450 1659 2531 conti·

218 2583 313 2644 nent
336 2556 521 2641 summani
542 2552 776 2640 sanciitatem
799 2563 838 2640 δι
870 2556 1149 2666 perfeoionem
1169 2565 1254 2641 vitae
1280 2559 1521 2643 Christianae.

336 2699 357 2754 2
367 2701 430 2772 39.
459 2670 634 2753 Debetur
651 2674 742 2753 Deo
766 2673 981 2777 exjustitia,
1002 2697 1044 2754 ut
1065 2695 1250 2767 creatura,
1280 2677 1571 2783 quamprimum
1592 2672 1658 2757 ob-

217 2787 331 2869 tinuit
357 2786 463 2867 usum
486 2788 657 2877 rationis,
678 2788 844 2894 primum
872 2779 978 2867 suum
1001 2811 1152 2867 motum
1170 2784 1308 2896 dirigat
1335 2792 1376 2868 in
1402 2792 1551 2886 Deum,
1576 2814 1656 2871 euni

97 2918 103 2929 ·
217 2892 487 3013 agnoscendo,
502 2897 685 2999 amando,
707 2892 895 2999 colendo,
919 2902 957 2981 δι
975 2921 1164 3013 tanquam
1182 2894 1288 2984 suuni
1310 2896 1656 2987 creatoremacsu·

214 3038 393 3129 premuui
417 3013 635 3095 Dominum
656 3008 874 3127 adorando,
948 3018 955 3031 ‘

336 3148 436 3227 240.
459 3126 501 3211 si
519 3148 690 3209 creatura
708 3152 790 3210 non
812 3125 933 3209 statim
950 3129 990 3208 in
1007 3129 1133 3239 primo
1150 3122 1215 3211 usu
1236 3126 1393 3211 rationis
1412 3130 1654 3243 cognovit&

217 3241 421 3338 adoravit,
442 3260 594 3347 tenetur
623 3240 704 3324 hoc
730 3241 924 3353 prestare,
948 3242 1110 3353 quando
1136 3246 1217 3326 hoc
1237 3239 1427 3327 summum
1450 3242 1605 3331 bonum
1621 3268 1656 3327 a·

218 3359 358 3469 gnovit
378 3380 448 3465 per
468 3350 601 3437 fidem.
630 3434 637 3443 ,
1032 3448 1035 3453 ,

337 3494 433 3566 ²4¹·
463 3496 559 3566 242.
587 3466 798 3577 Postquam
823 3462 1119 3553 auscultaverani
1143 3469 1244 3553 hanc
1267 3467 1487 3556 doctrinam
1509 3478 1554 3558 B.
1577 3476 1653 3555 Vir·

216 3586 331 3779 pinis,
356 3580 535 3663 dicebam
562 3582 613 3663 ad
639 3577 766 3663 illam:
794 3586 1099 3693 Praesumptionis
1126 3580 1344 3697 graviismae
1370 3581 1500 3684 foret,
1528 3582 1655 3670 descri-

248 3723 312 3779 ere
342 3718 447 3778 tuam
467 3698 597 3794 vitam,
619 3690 684 3776 nisi
709 3695 748 3778 in
779 3696 858 3781 hoc
881 3696 1232 3807 obtemperandum
1261 3694 1353 3782 esset
1376 3696 1574 3785 voluntati
1596 3694 1652 3783 fisii

219 3810 290 3909 tui,
313 3812 350 3890 dr
373 3831 459 3892 tuae.
517 3810 701 3922 Loquere
719 3814 856 3922 igitur,
884 3815 977 3924 quia
999 3812 1106 3894 audit
1139 3808 1276 3894 ancilla
1309 3837 1389 3896 tua.
1443 3819 1572 3929 Perge
1601 3837 1654 3897 nit

217 3925 363 4007 docere
401 3928 438 4003 ἃ
467 3917 704 4019 illuminare,
730 3948 774 4007 ut
799 3925 963 4007 habeam
997 3928 1192 4007 materiam
1229 3922 1415 4010 laudandi
1445 3930 1653 4027 Deum,&

215 4064 347 4127 meum
366 4064 435 4122 cor
458 4036 712 4150 demergendi
728 4041 768 4121 in
790 4034 980 4123 infinitum
998 4066 1102 4124 mare
1121 4065 1270 4125 tuarum
1298 4038 1599 4154 perscoiionum.

1570 4180 1650 4261 ²43·
