3796 4994
202 296 296 385 218
490 248 621 404 iirg.
638 265 783 372 Prasi.
802 302 859 369 ex
881 275 927 371 S.
936 273 1079 409 joan.
1097 277 1149 370 de
1167 274 1313 373 Crura.

304 484 472 616 Regula
515 514 529 581 ι
547 514 588 607 5.
658 475 878 583 Donum
938 473 1229 596 habituale,
1289 509 1397 616 quo
1454 506 1644 620 cogno·

204 623 406 728 scuntut
443 619 687 738 absentia,
737 643 827 724 aut
878 620 1079 724 occulta
1123 619 1390 738 cordium,
1428 623 1645 729 confidit

202 773 255 868 in
303 758 535 898 quodam
582 758 744 865 infuso
787 758 1020 878 lumine,
1065 759 1272 867 tantum
1317 761 1532 866 relativo
1584 761 1646 867 ad

204 907 601 1008 determinatum
638 936 795 1040 genus
834 902 1172 1030 objedorum,
1202 926 1291 1007 aut
1325 905 1643 1008 circumstan-

205 1056 312 1152 tias.
421 1043 484 1145 Et
520 1052 572 1148 in
608 1042 709 1147 hoc
744 1043 1059 1148 revelationis
1097 1043 1262 1146 modo
1299 1040 1441 1148 facile
1476 1046 1644 1182 potest

204 1188 501 1291 intervenire
546 1192 777 1321 operatio
824 1182 1100 1308 doemonis,
1205 1211 1249 1294 1.
1278 1208 1369 1294 cc.
1412 1206 1465 1294 fic
1503 1209 1645 1294 habet:

204 1320 316 1414 Asius
345 1325 487 1406 modus
516 1326 631 1408 estin
659 1318 959 1408 revelationibus
986 1318 1142 1407 aliarum
1170 1327 1385 1421 veritatum,
1417 1323 1513 1407 dum
1542 1351 1579 1407 v.
1609 1352 1644 1436 g.

207 1435 403 1522 confertur
430 1433 607 1539 discretio
629 1436 838 1547 spirituum,
868 1435 1018 1521 scientia
1045 1464 1171 1521 rtrum
1197 1431 1439 1533 naturalium,
1470 1462 1515 1519 ut
1538 1433 1646 1520 Salo·

205 1563 328 1651 moni,
357 1549 505 1639 donum
533 1545 762 1663 linguatum,
790 1555 1053 1662 interpretatio
1079 1559 1313 1647 sermonum,
1348 1577 1434 1662 quae
1451 1556 1647 1661 pertinent

207 1666 258 1750 ad
285 1666 392 1747 dona
416 1669 530 1777 gratis
560 1666 660 1749 data.
730 1668 868 1750 Ptaeter
891 1667 971 1749 iraec
996 1665 1101 1759 dona
1122 1668 1236 1776 gratis
1264 1667 1353 1745 data
1370 1659 1496 1747 solent
1515 1660 1645 1775 perso·

205 1808 263 1864 uae
286 1783 327 1862 in
354 1775 594 1889 persedione
621 1778 759 1862 erimie
785 1778 1077 1890 progredientes
1102 1776 1196 1888 saepe
1222 1775 1401 1860 obtinere
1429 1770 1645 1861 iiiust'tatio·

207 1920 276 1977 nes
306 1894 357 1975 de
384 1891 497 1974 rebus
527 1888 744 1974 absentibus
770 1917 838 1975 aut
866 1888 1028 1979 futurisr
1071 1895 1337 2003 cognitionem
1360 1915 1490 1991 autem
1513 1887 1644 1974 talium

204 2005 533 2090 rerumobtinent
554 2003 753 2088 mediante
774 2001 908 2116 aliquo
928 2001 1095 2100 lumine,
1124 2006 1239 2117 quod
1260 2010 1300 2087 in
1328 2001 1396 2087 suo
1423 2011 1555 2087 animo
1572 2013 1645 2112 jam

206 2122 397 2230 deputato
425 2125 627 2230 recipiunt.
675 2122 777 2202 Non
803 2144 931 2202 tamen
956 2114 1197 2231 cognoscunt
1219 2119 1414 2201 mediante
1433 2120 1516 2202 hoc
1535 2115 1655 2224 lumi·x

207 2260 258 2316 ne
278 2238 423 2326 omnia,
449 2230 619 2343 quaeipfi
640 2226 791 2328 volunt,
820 2230 886 2315 sed
907 2258 996 2344 quae
1012 2227 1096 2317 vuit
1114 2234 1261 2317 otus,
1318 2234 1398 2316 Ubi
1420 2256 1554 2316 tamen
1572 2233 1644 2315 ob·

204 2343 444 2441 servandum,
472 2346 585 2458 quod
612 2350 749 2429 anima
774 2346 961 2429 babentes
988 2370 1160 2429 mentem
1188 2350 1309 2458 magis
1338 2347 1567 2455 deputatam
1588 2341 1643 2429 sa·

60 2470 63 2477 '
206 2454 311 2543 cilius
338 2454 544 2571 agnoscant
569 2455 721 2542 occulta
753 2459 943 2555 cordium,
973 2463 1012 2542 ἃ
1041 2460 1246 2542 hominum
1275 2454 1565 2548 inclinationem
1602 2464 1642 2542 dt

236 2572 365 2655 uidem
391 2572 649 2659 mediantibus
674 2573 822 2655 indiciis
848 2574 1025 2672 extemis,
1049 2599 1086 2654 v.
1136 2632 1148 2652 .
1176 2573 1324 2669 verbis,
1356 2573 1550 2671 motibus,
1579 2595 1641 2656 aut

203 2601 284 2770 {iiis
303 2683 425 2797 signis.
481 2690 590 2771 Nam
606 2685 700 2771 ficut
722 2689 887 2773 doemon
907 2712 953 2769 ea
969 2600 1184 2798 cognoscit,
1208 2690 1300 2798 quia
1323 2683 1472 2797 spiritus
1492 2692 1570 2786 eii,
1590 2691 1640 2771 ita

203 2827 249 2885 ea
265 2794 466 2910 'cognoscit
481 2803 606 2885 homo
631 2796 842 2911 spititualis,
861 2805 965 2902 juxta
982 2796 1077 2883 illud
1099 2795 1305 2910 Apostoli:
1332 2798 1548 2913 spiritualis
1574 2825 1641 2886 att·

200 2923 275 3002 ren
299 2909 616 3028 judicaiomnia.
685 2919 732 2997 Et
772 2906 886 2996 illud:
931 2910 1094 3029 Spiritus
1117 2912 1321 3027 scrutatur
1355 2917 1504 3010 omnia,
1533 2918 1640 3001 eiiam

127 3051 132 3065 ·
196 3022 391 3140 profunda
419 3026 532 3113 DEI.
593 3030 695 3110 Hinc
719 3021 809 3109 iicet
834 3031 902 3109 viri
926 3014 1148 3137 spirituales
1176 3053 1256 3108 non
1294 3025 1433 3138 posint
1462 3020 1639 3110 naturali·

199 3165 259 3226 tet
279 3136 513 3253 cognoscere
542 3143 797 3250 cogitationes
829 3146 867 3222 de
893 3144 1041 3223 interna
1070 3142 1306 3236 hominum,
1336 3136 1493 3250 possunt
1514 3165 1656 3224 tamen-

199 3281 246 3371 ea
265 3250 496 3366 cognoscere
517 3257 712 3365 mediante
730 3248 799 3337 iiio
821 3249 965 3337 lumine
1012 3281 1053 3336 et
1076 3255 1216 3335 indicia
1236 3252 1402 3363 praefata.
1442 3258 1491 3339 Et
1504 3280 1639 3367 quarn·

194 3361 259 3451 ‘vis
277 3373 316 3449 in
331 3373 401 3449 bac
417 3362 640 3480 cognitione
660 3364 798 3480 poffint
814 3396 949 3464 errare,
962 3282 1193 3481 pierumque
1207 3391 1338 3450 tamen
1360 3372 1554 3479 attingunt
1576 3392 1645 3450 ve·

80 3486 82 3490 ’
200 3506 301 3565 rum.
358 3486 499 3564 Neurti
535 3506 662 3564 tamen
703 3481 905 3566 amborum
936 3479 1138 3565 fidendum
1174 3481 1248 3568 ests
1289 3486 1382 3592 quia
1412 3483 1577 3566 doemon
1599 3474 1644 3563 se

137 3619 139 3623 ’
202 3593 451 3675 vehementer
481 3599 519 3677 ἃ
545 3620 682 3707 magna
719 3597 848 3679 astutia
874 3591 911 3678 se
934 3592 1154 3692 immiscet,
1197 3618 1240 3677 ut
1267 3596 1448 3705 proxime
1485 3597 1644 3680 dicdum

52 3815 57 3825 Ι
199 3705 299 3790 Ideo
326 3704 473 3819 semper
491 3708 682 3817 ejusmodi
700 3709 988 3822 cognitionibus
1010 3705 1307 3793 valedicendum
1328 3711 1394 3794 est.
1563 3716 1567 3725 '

1500 4092 1626 4215 Regu
1680 4190 1686 4197 ,
