3690 4988
296 268 305 277 ⁵
358 274 365 281 ’
420 287 592 422 Regula
620 291 680 414 ex
707 270 824 384 uara
848 287 903 385 de
926 275 1118 386 Laurssia.
1400 321 1494 418 103

56 523 96 583 ex
120 489 199 583 sola
226 495 347 610 gratia
374 480 536 583 divinat
596 494 748 579 medius
776 517 906 578 autem
922 521 973 578 ex
997 499 1199 610 utriusque
1220 495 1493 607 permixtione,

47 613 215 698 bumana
245 604 431 695 videlicet
463 608 667 704 industria,
699 613 738 690 dt
772 615 899 720 gratia
932 611 1084 693 divinae.
1142 610 1180 696 5.
1212 613 1516 719 Bonaventara

45 729 122 812 Art.
144 759 182 828 3·
206 726 260 809 de
283 725 427 808 ordine
454 719 685 838 ascendendi
708 723 760 807 ad
793 726 937 808 Deum.
1003 727 1059 807 Ex
1090 721 1327 809 senfibilibus
1348 719 1401 810 ad
1418 720 1513 839 spi-⁴

39 836 233 927 ritualium
271 841 537 947 cognitionem
574 832 800 920 ascenditur.
900 839 1029 921 Primb
1063 836 1283 948 persensus
1312 867 1495 927 externos
1579 882 1582 886 ·

37 962 311 1067 concipiuntur
327 946 521 1036 sensibilia.
579 951 766 1036 Secundb
785 979 857 1062 pet
872 956 1190 1063 imaginationem
1212 981 1415 1067 perquam
1432 981 1495 1041 re-
1611 1007 1616 1013 -

36 1099 119 1155 tum
139 1067 407 1175 similitudines
427 1070 709 1177 concipiuntur.
772 1095 808 1166 3.
833 1072 908 1149 Per
929 1070 1143 1167 rationem,
1164 1095 1370 1181 perquam
1395 1096 1494 1155 con·
1593 1150 1598 1157 .
1710 1066 1744 1163 ’,

40 1190 370 1297 opiunturterum
385 1206 540 1266 natura.
599 1212 637 1274 a.
665 1185 738 1263 Pet
758 1176 1010 1277 intelledlum,
1033 1208 1246 1295 perquem
1268 1186 1494 1294 concipiun-

41 1325 99 1383 tur
131 1299 284 1411 spiritus
321 1300 448 1380 creati.
515 1325 548 1396 5.
588 1301 659 1380 Per
682 1290 1000 1406 intelligentiam,
1030 1323 1100 1406 per
1131 1323 1249 1408 quam
1286 1301 1497 1409 percipitur-

44 1410 190 1526 spiritus-
212 1416 417 1497 increatus.
474 1423 510 1494 6.
541 1416 613 1495 Per
630 1406 866 1521 sapientiam,
897 1435 1109 1522 perquam
1136 1417 1305 1522 aperitur
1320 1407 1493 1523 spititua-

48 1525 88 1612 lis
110 1530 249 1642 gustus.
305 1520 442 1611 Sensus
468 1530 655 1637 percipit,
701 1529 927 1637 imaginatio
951 1517 1204 1635 reptaffentan
1233 1530 1331 1609 ratio
1351 1522 1492 1611 intelli·

55 1649 116 1754 git,
145 1638 362 1728 intellectus
397 1640 562 1746 judicat,
602 1643 791 1722 memoria
832 1635 983 1736 servat,
1035 1633 1286 1750 intelligentia
1315 1667 1494 1753 compre·

59 1760 191 1852 bendit,
221 1756 337 1839 &ad
362 1749 733 1865 contemplationem
758 1753 939 1841 adducit;
976 1748 1041 1836 sed
1065 1748 1245 1864 sapientia
1267 1756 1408 1867 gustam
1450 1762 1491 1840 dt

62 1870 149 1956 icfit
167 1872 217 1955 ab
239 1869 487 1954 inferioribus
510 1870 560 1952 ad
576 1865 768 1981 superiora
788 1864 968 1951 ascensus.
1029 1871 1078 1951 Et
1097 1870 1185 1951 Art.
1206 1901 1247 1971 4.
1274 1870 1326 1951 de
1349 1898 1387 1964 7.
1406 1874 1489 1957 itin.

64 2012 164 2070 atern.
240 1991 314 2069 Per
339 1989 552 2096 origenem
585 1984 725 2096 gradus
764 1980 997 2066 ascendendi
1034 1983 1084 2064 ad
1117 1983 1489 2094 contemplationem

10 2192 12 2207 Ε
66 2096 166 2208 plures
198 2098 297 2185 sunt.
353 2104 502 2182 Primus
528 2093 605 2181 vita
638 2101 773 2181 adtira.
841 2129 877 2207 a,
905 2093 1090 2181 Sensuum
1117 2103 1350 2180 exteriorum
1373 2125 1492 2188 tetra·

67 2221 156 2300 datio
178 2218 230 2299 ad
254 2219 449 2309 interiora,
480 2218 519 2294 &
545 2208 727 2296 colledio
750 2239 886 2294 eorum
911 2216 949 2294 in
974 2240 1106 2295 unum.
1148 2239 1204 2319 ¹3.
1236 2206 1490 2325 Elongatioi

65 2331 364 2437 phantasmatibus
393 2332 645 2440 imaginativis
688 2328 740 2409 ad
779 2323 992 2436 spiritualia.
1063 2357 1101 2427 4.
1136 2320 1296 2410 Tollere
1323 2330 1492 2441 impedi·

10 2450 16 2561 ἕ,
67 2470 169 2530 menta
196 2445 427 2530 retardantia
454 2445 622 2525 animam
644 2443 695 2527 ad
714 2440 866 2539 obieeta
889 2443 1083 2553 superiora
1105 2441 1346 2543 tendentem,
1372 2450 1412 2525 δι
1436 2440 1491 2526 ad

66 2558 176 2645 divina
199 2585 343 2643 naturae
364 2561 653 2670 cognitionemr
700 2550 923 2668 quodlicet
949 2557 991 2640 stt
1015 2581 1150 2666 praetet
1174 2565 1377 2654 rationem,
1405 2585 1489 2641 non

67 2676 252 2760 esttamen
281 2670 393 2785 super
425 2699 522 2755 eam.
586 2701 620 2769 ς.
652 2666 1091 2783 Veruacontemplator
1129 2671 1208 2768 est,
1248 2670 1274 2754 sr
1303 2665 1347 2754 fit
1377 2667 1489 2782 super

66 2795 171 2874 omnia
192 2782 450 2902 intelligibilia
475 2789 514 2870 in
546 2783 710 2897 caligine
735 2789 973 2897 ignorantia.
1030 2784 1156 2868 Addit
1182 2787 1347 2869 Lauraea.
1411 2790 1488 2870 Hic

26 2996 30 3005 Ι
65 2895 194 2990 ultimus
225 2902 368 3018 gradus
393 2905 447 2990 est
472 2896 754 3014 contemplatio
783 2897 930 3000 infusa,
961 2903 1087 2986 caeteri
1114 2901 1210 2985 verb
1239 2895 1410 3014 spectant
1436 2899 1490 2986 ad

41 3020 276 3134 nquifitam.
424 3021 425 3025 '

10 3240 14 3295 ³
143 3218 312 3353 Regula
348 3254 395 3346 4.
447 3213 625 3353 ltaque
671 3207 864 3318 etiamsi
911 3206 1053 3321 Deus
1099 3213 1152 3317 in
1189 3205 1388 3319 visione·
1411 3220 1489 3337 in·

10 3300 18 3545 l
62 3353 283 3498 religatur
320 3361 511 3496 absque
547 3366 695 3462 omni
737 3354 1097 3492 phantasmate
1135 3353 1188 3460 ὅ(
1222 3361 1379 3493 specie
1412 3390 1486 3460 re·
1556 3413 1558 3417 ·
1603 3450 1605 3458 .

63 3526 158 3606 tum
199 3499 531 3617 senfibilium,
573 3532 683 3603 non
725 3504 897 3636 eoipso
946 3498 1162 3605 habetur
1198 3523 1397 3605 certum
1434 3498 1487 3605 st*

10 3548 17 3763 l
64 3668 227 3775 gnum,
265 3640 407 3783 quod
445 3641 523 3746 illa
558 3639 680 3747 vifio
717 3641 776 3745 lit
812 3636 1206 3776 supernaturalia.
1300 3664 1411 3749 Patet
1438 3693 1488 3751 ex
1530 3694 1533 3699 ·

10 3774 14 3831 l
65 3785 163 3869 lidia.
216 3789 263 3870 Et
293 3815 343 3870 ex
372 3782 423 3866 C.
457 3792 529 3865 tr.==v
549 3780 617 3868 ubi
644 3780 805 3897 Laurea
834 3783 883 3865 stc
914 3785 1056 3893 ¹habeta
1093 3780 1394 3893 Contemplatio
1426 3808 1490 3865 ac·
1539 3872 1544 3885 ¹,

10 3834 17 4005 l
66 3898 174 4006 quisita
197 3905 234 3984 ἃ
259 3894 386 3984 infusa
404 3904 643 3981 conveniunt
663 3902 703 3979 in
724 3898 816 3992 hoc,
838 3898 950 4015 quod
978 3923 1141 4010 utraque
1164 3899 1218 3980 est
1242 3888 1400 4120 fimffprlex
1429 3899 1489 3978 in-

68 4015 154 4096 tuitur
179 4009 397 4101 intellectus
432 4007 511 4095 stne
547 4003 729 4108 discursu,
760 4014 863 4094 adeo
887 4034 928 4094 ut
953 4026 1118 4122 utraque
1140 4037 1228 4095 turn
1250 3995 1290 4091 su
1334 4003 1492 4091 enfione

69 4128 377 4219 adamannum
405 4131 671 4240 potentiarum
701 4125 745 4214 stt
764 4126 842 4212 firra
866 4152 954 4212 cum
976 4129 1131 4241 stupore
1160 4131 1201 4209 δι
1233 4121 1492 4208 admiratione

1354 4238 1515 4355 cogni3
