3796 4994
553 205 830 342 Regularum
857 206 1182 306 Summrrium.
1314 138 1317 146 Ι
1487 186 1582 340 ²7¹
1738 264 1742 271 ·

129 376 210 619 pel
239 410 578 531 perturbationem
636 411 842 503 occafioue
900 413 1095 526 ejusmodi
1150 406 1412 502 revelationis.
1508 419 1591 529 Par,
1658 410 1690 489 ’,

165 558 228 647 eg.
260 560 301 619 2.

242 711 400 833 Regula.
431 742 471 817 4.
533 713 712 823 Quando
754 712 840 799 duat
878 692 1137 800 revelationes
1176 706 1430 826 personarum
1472 717 1590 805 ctiam

127 827 338 916 fundatum
374 833 540 915 invicem
577 854 782 943 pugnant,
813 828 935 914 ambae
976 858 1051 943 pro
1090 829 1218 917 dubiis
1255 829 1390 914 haberi
1428 830 1590 936 debent,

126 945 195 1032 nisr
222 973 297 1061 pto
332 970 407 1031 una
437 946 580 1032 dentur
600 939 704 1060 ligna
735 939 892 1032 aliunde
919 968 1035 1033 certa.
1117 948 1240 1033 Grau.
1271 946 1368 1061 ch.
1392 973 1459 1052 25·
1484 951 1592 1087 cast}

128 1064 240 1201 up.
414 1119 416 1124 -
1301 1118 1303 1122 .

243 1241 402 1364 Regula.
438 1272 477 1347 ς.
531 1239 769 1349 ΰηίνοήίω·
788 1270 927 1329 omnes
963 1237 1246 1342 revelationes,
1283 1270 1372 1360 quae
1404 1246 1594 1361 inparti-
1683 1280 1688 1287 ·

130 1357 245 1448 culari
273 1389 357 1446 non
384 1361 533 1445 habent
560 1362 667 1472 iigna
694 1355 860 1445 aliunde
881 1383 998 1461 certa,
1027 1388 1101 1473 pro
1124 1359 1252 1444 dubiis
1276 1360 1466 1449 habendae
1489 1361 1592 1467 sunt,

129 1477 329 1593 prasertim
347 1500 437 1562 ante
449 1472 633 1590 personae,
654 1479 716 1559 cui
731 1474 842 1575 fiunt,
861 1499 1042 1562 mortem.
1097 1475 1207 1563 cers.
1224 1476 1269 1562 R.
1290 1503 1326 1564 1.

247 1657 405 1779 Regula.
437 1675 475 1746 6.
533 1658 748 1744 Univcrlim
774 1685 914 1746 omnes
941 1650 1359 1758 revelationes‚'etiam
1388 1656 1475 1760 illae,
1501 1688 1610 1779 quat.

130 1776 312 1865 videntur
337 1776 483 1861 habere
510 1771 616 1888 ligna
644 1799 762 1873 certa,
784 1804 860 1889 pro
890 1774 1017 1861 dubiis
1044 1773 1234 1859 habendae
1261 1770 1358 1874 sunt,
1397 1779 1464 1861 nili
1485 1783 1593 1892 prius
1664 1792 1669 1801 '

132 1896 347 1979 examinata
370 1888 514 1975 fuerint
541 1893 674 1974 omnia
701 1897 799 1989 adca,
831 1891 947 1993 dicia,
969 1893 1009 1973 dc
1036 1884 1171 1999 scripta
1200 1894 1280 1993 eius
1307 1887 1493 2003 personat,
1525 1896 1590 1985 cui

129 2008 243 2106 fiunt,
272 2014 312 2090 dc
338 2007 529 2121 quidem,
558 2005 627 2089 nili
656 2005 797 2092 dentur
821 2000 981 2092 effecius
1003 1999 1252 2090 revelationis
1274 1998 1402 2118 palam
1424 2011 1591 2095 miracu·

129 2120 222 2226 loli,
259 2150 386 2238 usque
421 2122 472 2206 ad
510 2128 591 2230 ejus
626 2116 798 2233 persona:
825 2147 1007 2206 mortem.
1092 2120 1207 2203 Ratio
1238 2120 1305 2219 est,
1342 2125 1436 2235 quia
1461 2126 1593 2213 omnis

130 2234 204 2325 alia
237 2237 428 2324 certitudo
451 2236 638 2322 fundauit
658 2240 699 2320 in
726 2240 949 2322 testimonio
1004 2230 1173 2321 cusona,
1217 2241 1279 2320 cui
1305 2231 1494 2325 revelatio
1523 2234 1589 2331 fita

130 2356 344 2442 authoritas
381 2378 513 2440 autem
544 2345 715 2464 personae
751 2265 1021 2467 irrefragabiRs
1048 2349 1127 2436 line
1156 2348 1363 2453 manifestis
1398 2348 1591 2439 miraculis

131 2496 224 2556 anre
248 2474 328 2577 ejus
345 2493 513 2557 mortem
535 2472 576 2553 δι
591 2466 675 2553 line.
695 2467 899 2581 probitatis
921 2470 1131 2554 constantia
1150 2465 1311 2580 probari
1336 2493 1420 2555 non
1448 2470 1588 2584 potelb
1629 2538 1632 2543 .
1762 2514 1765 2519 ·
1828 2438 1845 2457 ²

132 2580 242 2675 Gets.
264 2586 310 2670 R.
332 2615 370 2670 a.

243 2764 403 2906 Regula.
437 2795 477 2867 7.
535 2759 821 2868 Rtt‘elationes
846 2763 1058 2883 dequibus
1083 2706 1149 2852 illa
1176 2761 1255 2882 ipsa
1275 2762 1438 2881 persona
1463 2764 1591 2873 timet3
1724 2748 1728 2753 ’
1881 2754 1887 2763 ’

131 2910 182 2973 nc
209 2882 282 2972 sant
308 2912 333 2971 r
361 2881 575 2980 doemone,
604 2881 737 2968 haberi
763 2882 914 2970 'debent
941 2900 1015 2998 pro
1044 2880 1185 2982 dubiis,
1215 2886 1288 2969 nisi
1314 2887 1354 2968 in
1388 2880 1594 2997 particula·

131 3001 418 3087 riindubitatis
446 2992 636 3083 miraculis
678 2994 968 3084 confirmentur.
1027 2996 1136 3084 Gers.
1160 3002 1256 3112 Reg.
1285 3030 1325 3099 4.
1410 3002 1505 3085 Haec
1531 3026 1592 3085 rc·

130 3113 221 3242 gula
241 3110 493 3231 intelligenda
520 3116 575 3200 cst
596 3140 671 3227 pro
691 3109 804 3215 casu,
825 3141 910 3230 quo
936 3120 1054 3200 timot
1074 3109 1142 3201 ille
1175 3115 1230 3201 cst
1254 3116 1401 3217 anxius,
1430 3119 1471 3197 dc
1507 3115 1593 3202 diu·

131 3258 267 3318 turnus

244 3410 401 3532 Regula.
431 3433 471 3512 a.
530 3416 641 3497 Vita.
666 3355 884 3500 Christiana
908 3349 1138 3529 ‘nunquam'
1175 3410 1226 3498 ab
1269 3408 1352 3500 ullo
1388 3415 1597 3503 hominum

133 3529 256 3616 debet
277 3533 391 3641 dirigi
414 3556 464 3612 ex
485 3523 790 3615 revelationibus
811 3530 950 3623 dubiis.
1005 3532 1101 3617 Leo.
1116 3530 1161 3616 R
1176 3559 1215 3616 a.
1232 3532 1317 3615 Par.
1338 3532 1384 3625 R.
1397 3558 1434 3616 1.
1461 3530 1597 3638 Jond

134 3649 280 3734 Crucc.
306 3642 449 3759 paffim.

245 3825 406 3945 Regula.
437 3859 475 3928 9.
531 3822 804 3914 Revelntiones
829 3786 969 3911 *dubia
997 3828 1140 3912 necin
1169 3828 1429 3914 concionibus
1453 3854 1529 3913 nec
1555 3834 1597 3915 in

131 3939 252 4043 libris,
273 3969 348 4027 nec
369 3937 447 4037 alio
475 3942 603 4049 modo
635 3940 907 4056 publicentur,
935 3944 1006 4026 nisi
1038 3948 1143 4055 ptius
1174 3941 1199 4027 d
1230 3942 1335 4026 Sede
1366 3939 1600 4054 Apostolica

133 4065 413 4213 examinentur·
473 4059 578 4148 Cast.
599 4058 645 4148 R.
668 4088 710 4163 9.
793 4062 888 4147 Huc
913 4050 1047 4172 regula
1072 4057 1178 4147 cette
1207 4051 1342 4169 locum
1358 4055 1505 4145 habere
1525 4056 1601 4259 ppt

113 4434 159 4587 u
