3796 4994
600 327 803 431 Revela.
820 325 873 430 de
893 326 1084 473 Agraria.
1108 335 1221 439 Pars
1241 333 1300 431 ΙΙ.
1550 368 1665 475 '297
1845 455 1852 472 ,

196 510 204 520 ”
278 623 280 627 ,
328 559 432 635 rot.
460 530 582 619 DEus-
606 530 658 619 ad
676 537 719 619 B.
738 535 789 620 V.
810 530 931 666 dixit:
964 529 1160 669 ¹constituo
1185 543 1223 669 ie
1251 532 1466 673 Dominam
1502 543 1666 675 omnium

211 645 588 876 ττττττττ
605 643 1666 887 ττττττῑττττττττττττττ

217 903 302 966 nus.
373 877 465 962 Post
492 877 574 963 hat
596 873 718 973 ¹uerba
739 876 805 959 SS.
826 880 992 961 Trinitas
1014 871 1198 990 imposuit
1225 879 1268 962 in
1299 884 1379 986 ejus
1406 890 1523 993 capu‘t
1546 908 1662 970 coro·
1784 928 1791 940 ·

217 1019 322 1087 nam,
346 993 408 1074 cui
430 1012 511 1074 arte
530 986 672 1073 fusoria
695 988 975 1075 cbaraiieribus
988 986 1222 1105 ‚inscriptum
1243 1014 1345 1076 erata
1376 993 1522 1080 Mater
1542 996 1662 1089 DEI.

218 1111 305 1190 Hos
324 1128 456 1188 tamen
473 1103 708 1188 cbaraoieres
730 1106 775 1189 B.
798 1107 923 1215 Virgo
950 1128 1045 1191 tunc
1063 1131 1147 1190 non
1169 1102 1381 1196 intellexitt
1420 1104 1488 1193 sed
1510 1101 1661 1195 intelle-

213 1241 358 1303 xeruut
382 1243 454 1302 eos
479 1212 550 1302 soli
580 1211 722 1330 angeli
809 1243 903 1320 104.
931 1219 1022 1304 Esar
1043 1224 1148 1305 enim
1181 1225 1448 1320 conveniens,
1481 1246 1525 1308 ut
1552 1229 1659 1337 prius

215 1333 510 1417 eonstimeretur
528 1335 570 1415 in
589 1335 775 1445 reginam,
792 1355 1002 1443 antequam
1024 1331 1137 1419 fieret
1156 1357 1279 1418 mater
1306 1337 1407 1420 DEI.

335 1461 429 1528 106.
457 1451 538 1529 Prae
560 1439 778 1529 bumilitate
799 1443 868 1556 ipsi
886 1471 1086 1557 nunquam
1114 1449 1281 1532 venitin
1302 1474 1472 1553 mentum
1495 1476 1545 1537 ne
1569 1455 1661 1567 qui·

216 1556 307 1645 dem
327 1563 529 1671 cogitatio,
547 1561 663 1671 quod
681 1553 896 1670 aliquando
916 1555 1043 1670 pollet
1056 1558 1140 1646 fieti
1161 1584 1283 1647 mater
1306 1564 1408 1647 DEL

333 1699 429 1772 109.
448 1700 541 1758 rio.
569 1674 781 1784 Postquam
804 1673 855 1756 ab
882 1669 1038 1757 infinitis
1065 1673 1307 1784 temporibus
1335 1677 1453 1761 DEus
1473 1673 1661 1762 decreve-

213 1809 272 1873 rat
293 1788 614 1887 iucarnationem,
630 1784 785 1870 locutus
809 1789 864 1870 est
884 1780 1058 1871 Gabrieli
1076 1787 1188 1873 lbnri
1205 1787 1255 1870 ad
1273 1788 1418 1900 pedem
1439 1790 1571 1876 throni
1599 1790 1658 1877 di·

200 1904 307 1996 uini,
324 1890 377 1983 ¹&
403 1900 650 1985 audientibus
669 1894 816 2013 angelis
847 1899 916 2011 ipfi
938 1899 1110 1996 mandat,
1131 1903 1305 1986 nuntiare
1327 1909 1369 1987 B.
1385 1906 1548 2014 Virgini,
1572 1928 1658 1989 eam

213 2010 381 2097 futuram
409 2039 571 2098 matrem
600 2017 707 2105 DEI.
788 2015 928 2126 ltaque
956 2009 1118 2099 Gabriel
1150 2040 1240 2099 cum
1270 2011 1400 2101 multis
1426 2011 1657 2127 angelorum

215 2123 384 2211 millibus
411 2122 608 2212 descendit
633 2128 684 2213 ad
703 2134 745 2211 B.
763 2131 812 2213 V.
888 2129 1023 2239 Caput
1039 2125 1154 2239 ipfius
1176 2127 1400 2215 redimitum.
1424 2156 1504 2215 erat
1523 2129 1657 2217 diade·

216 2265 339 2328 mares
364 2244 477 2326 vestis
500 2266 580 2326 erat
604 2247 697 2326 varii
719 2237 875 2326 coloris.
955 2241 1024 2327 Ad
1052 2247 1189 2352 peinis
1213 2242 1384 2355 gerebat
1404 2269 1556 2329 crucem
1585 2244 1658 2333 dus

214 2350 370 2466 plicem.
436 2361 494 2440 u.
525 2361 644 2468 Virgo
674 2380 767 2439 tunc
799 2352 1028 2440 numerabas
1046 2381 1181 2442 ‚annos
1199 2361 1329 2442 ‘attam
1354 2354 1658 2472 quatuordeeim

216 2495 306 2554 cum
321 2466 498 2571 dimidio,
514 2474 553 2552 δι
574 2471 659 2552 dits
679 2468 954 2580 septendecim,
977 2490 1080 2577 114.
1215 2506 1219 2513 =
1682 2472 1685 2485 '

337 2607 431 2680 τις.
458 2595 550 2666 ιι6.
577 2576 714 2668 Vultus
726 2587 771 2666 B.
786 2585 836 2667 V.
852 2585 1067 2692 erasmagis
1083 2572 1297 2692 oblongus,
1316 2577 1433 2691 quim
1450 2581 1656 2683 rotundus,

216 2720 293 2779 nec
312 2690 551 2791 macilentus,
568 2722 643 2780 nec
662 2697 857 2808 pinguis‘
887 2688 1017 2779 Color
1033 2717 1115 2783 erat
1157 2718 1257 2804 rope
1272 2695 1477 2779 castaneus.
1490 2776 1501 2799 .
1530 2688 1656 2780 Frons
1784 2691 1790 2704 '

215 2805 332 2922 larga.
385 2805 594 2921 supercilia
619 2807 799 2922 perfecte.
813 2786 1010 2897 incurva‘
1039 2721 1330 2914 ocullmagnt.
1369 2812 1428 2895 flu
1456 2802 1525 2895 illa
1545 2804 1657 2900 colui·

216 2925 266 3008 ris
285 2946 367 3006 etat
396 2922 517 3043 mcclii
541 2931 642 3007 inter
663 2921 831 3021 fastum,
849 2926 899 3023 Ιδι
923 2915 1289 3007 uiridem-saturum.
1323 3020 1327 3025 ,
1355 2837 1481 3043 Nulli
1510 2915 1657 3043 oblon-

216 3063 302 3150 gus.
356 3041 416 3119 Os
432 3044 592 3148 parvum
616 3063 706 3121 cum
735 3031 847 3121 labiis
871 3030 1118 3125 torturum
1160 3027 1291 3122 Color
1305 3035 1428 3119 vestis
1450 3057 1532 3119 erat
1552 3060 1657 3121 arro·

215 3176 237 3236 a
283 3172 427 3235 enteus.
951 3192 957 3201 ·
1146 3210 1151 3223 .
1643 3222 1648 3231 .
1736 3165 1741 3174 ’

237 3178 282 3332 lg
332 3290 428 3362 123.
455 3260 525 3345 Ad
545 3256 838 3347 describendum
859 3267 936 3368 jam
954 3260 1174 3374 mysterium
1191 3261 1468 3347 incarnationis
1482 3260 1592 3374 erigo
1608 3286 1656 3347 o·

217 3373 327 3464 culos
349 3378 401 3461 ad
427 3374 601 3460 divinum
623 3373 769 3473 lumen,
792 3374 908 3490 quod
929 3400 994 3459 me
1013 3378 1113 3489 'regit
1138 3375 1366 3461 &instruit-
1409 3452 1413 3459 .
1508 3382 1544 3435 ·⁴

173 3506 178 3517 '
335 3516 430 3590 124.
472 3494 670 3601 Tempore
694 3490 1366 3603 Incarnationis'gbitusfhumauum
1395 3508 1478 3571 etat
1501 3492 1655 3598 penitus

215 3600 435 3715 oppressum
454 3599 593 3689 somno
616 3598 828 3688 oblivionis
853 3602 905 3685 de
926 3627 1020 3686 vero
1038 3606 1152 3704 Deo,
1175 3587 1274 3714 qbin
1295 3595 1393 3685 ullus
1412 3605 1654 3712 reperiretur,

216 3722 288 3830 qui
302 3723 465 3830 aperiret
489 3745 535 3803 os
564 3718 615 3803 ad
637 3715 904 3802 confitendum
923 3717 1072 3811 Dium.
1126 3788 1129 3793 .
1152 3718 1286 3800 Paucis
1312 3717 1483 3827 exceptis
1502 3715 1554 3798 de
1578 3741 1654 3828 po·

216 3826 312 3943 pulo
328 3827 456 3916 eletio
469 3826 612 3948 reliqui
633 3857 772 3917 omnes
795 3825 958 3947 oppressl
987 3852 1095 3914 erant
1111 3835 1230 3915 nobie
1246 3852 1317 3940 per
1339 3830 1448 3930 sobo
1471 3824 1655 3916 &ferme

220 3970 305 4028 too
335 3972 474 4030 annos.
1315 3978 1319 3989 ·
1507 3972 1513 3985 ·

278 4170 995 4268 .o.a.A.reneveutmrsu.
1188 4176 1265 4286 up
1343 4157 1347 4163 “
1501 4098 1650 4263 ω’.
