3796 4994
600 317 802 422 revelat.
827 316 881 416 dt
902 312 1093 453 Agreda.
1116 320 1231 440 Pars
1250 322 1309 415 Is.
1502 421 1508 447 p
1571 350 1671 460 399

350 536 474 630 1386.
503 526 558 610 Ut
582 518 679 610 clavi
697 520 849 638 possent
868 523 1078 624 incurvari,
1104 521 1301 607 camifices
1324 520 1564 609 inverterunt
1589 552 1674 614 cru·
1781 598 1785 603 .
1869 583 1873 591 ,

230 644 331 738 cern,
357 638 409 724 sac
432 663 474 724 ut
495 664 637 750 corpus
655 641 796 737 Christi
823 642 979 747 jacuerit
1004 633 1074 722 sub
1095 661 1208 721 cruce
1224 640 1266 720 in
1282 658 1393 722 terra.
1477 638 1545 721 Ob
1570 639 1672 729 hanc

228 749 495 860 crudelitatem
519 775 674 841 exortus
700 748 848 838 clamor
867 756 908 837 in
925 747 1090 865 populo.
1146 756 1189 833 Β.
1217 753 1342 862 Virgo
1371 754 1495 836 oravit
1517 758 1671 843 Patrem

228 863 438 966 coelestem,
467 891 509 952 ut
562 894 603 953 er
622 863 783 980 angelos
803 867 883 952 hoc
908 865 1130 978 impediret,
1160 865 1230 977 qui
1252 865 1374 949 statim
1390 863 1486 974 jussit
1511 865 1670 982 angelis,

227 1007 271 1068 ut
289 982 508 1095 supponant
526 894 607 1066 luas
628 1007 776 1077 manus,
797 1006 847 1066 ne
864 977 984 1066 facies
1000 979 1142 1068 Christi
1164 975 1365 1073 laederetur
1379 977 1404 1066 ai
1420 976 1513 1065 saxis
1533 987 1572 1066 δι
1590 984 1670 1071 sor·

225 1097 341 1183 dibus
365 1096 421 1181 ibi
441 1094 668 1201 lacentibus.
731 1093 942 1181 Carnifices
978 1099 1020 1178 &
1043 1093 1168 1196 Judaei
1191 1119 1280 1178 non
1314 1119 1559 1208 agnoverunt
1587 1099 1668 1185 hoc

223 1205 463 1311 miraculum,
495 1207 562 1294 sed
586 1207 846 1308 crediderunt,
868 1209 1064 1295 Christum
1084 1203 1236 1315 jacuisse
1257 1211 1299 1293 in
1323 1231 1438 1295 terra.
1471 1244 1473 1248 ⁴

342 1342 466 1429 1387.
492 1319 726 1408 Revelatum
753 1325 852 1409 mihi¹
875 1348 1043 1436 quoque
1067 1324 1134 1423 est,
1157 1320 1272 1436 quod
1296 1325 1492 1408 carnifices
1515 1315 1668 1410 sustule-

222 1441 298 1525 rint
317 1438 358 1521 in
372 1435 504 1522 altum
522 1462 675 1523 crucem
698 1431 841 1521 lanceis
871 1442 911 1520 δι
938 1437 1063 1536 hastis.¹
1097 1430 1102 1441 ‘
1144 1442 1239 1522 Haec
1259 1451 1366 1522 arma
1389 1433 1667 1550 supposuerunt

222 1551 386 1637 brachiis
407 1553 562 1650 Christi,
587 1576 629 1634 ut
651 1549 701 1636 fic
726 1543 941 1636 elevaretur
973 1577 1092 1652 cruar3
1162 1578 1216 1634 uo
1236 1547 1408 1649 facium,
1430 1574 1475 1635 ut
1498 1577 1544 1635 ea
1561 1578 1667 1639 anna
1728 1622 1730 1627 .

220 1658 724 1779 penetraverintin‘carnem
737 1665 891 1752 christi
947 1667 1006 1760 Ex
1027 1660 1126 1749 cons
1164 1664 1468 1750 'dationecrucir
1490 1667 1530 1747 iu
1545 1662 1666 1772 fovea

219 1807 325 1865 nova
344 1776 592 1864 causabantur
614 1775 785 1863 vulnera.
924 1833 933 1843 --

227 1905 242 1956 Γ
340 1911 464 1996 1388·
516 1895 665 1977 Summi
697 1891 927 1979 Sacerdotes
954 1887 1191 1979 &Pharisaei
1223 1889 1415 2000 jaciebant
1448 1886 1664 2004 lapides&

217 2001 346 2204 {utum
374 2029 510 2093 ronna
534 2006 744 2094 Christum.
828 2007 894 2094 Ab
930 2009 1045 2095 initio
1082 2008 1198 2095 etiam
1225 2000 1283 2092 illi
1312 2000 1508 2094 illuserunt
1540 2007 1681 2123 ambo
1774 2070 1779 2081 .

234 2144 435 2206 atrones.-

233 2208 256 2256 ⁸
338 2253 461 2341 1389.
502 2239 603 2322 cum
621 2240 666 2321 B.
686 2239 810 2350 Virgo
832 2240 1006 2323 cuncter
1023 2233 1074 2322 fic
1088 2231 1201 2321 illudi
1221 2234 1430 2333 Cluilium,¹
1453 2229 1686 2348 provoluta
1744 2297 1750 2307 -

221 2350 275 2434 est
292 2376 424 2434 coram
449 2350 631 2435 crucifixo
660 2355 871 2464 ingenua,
895 2355 936 2434 &
964 2377 1039 2462 pro
1067 2345 1164 2435 Zelo
1192 2354 1345 2463 rogavit
1375 2345 1569 2447 coelestem
1588 2356 1664 2438 Pa·
1771 2386 1775 2406 ·

220 2485 333 2559 trem,
361 2489 404 2547 ut
430 2462 590 2574 perfidia
616 2463 843 2568 Judaeorum
874 2462 1191 2548 confunderetur.
1272 2461 1377 2546 Dein
1403 2458 1442 2547 se
1470 2468 1662 2552 convertit

218 2576 272 2660 ad
301 2573 537 2662 irrationales
574 2602 797 2675 creaturas,
828 2601 875 2659 ac
904 2575 1021 2661 dixit:
1070 2572 1208 2662 Ovos
1235 2572 1452 2690 insenftbiles
1477 2585 1662 2665 creatura

218 2687 417 2801 monstrose
448 2687 606 2799 aliquem
626 2687 775 2803 senfitm
798 2683 939 2776 doloris
951 2746 965 2788 ,
985 2713 1092 2801 quem
1117 2685 1304 2775 demorsa
1328 2686 1445 2796 veslrt’
1473 2697 1662 2779 creatoris

216 2804 391 2918 recusans
416 2798 622 2890 rationales
645 2798 824 2890 homines.
879 2802 964 2889 Vos
986 2799 1082 2905 crasi,
1099 2799 1176 2922 stis,
1204 2800 1295 2892 luna
1307 2840 1320 2906 5
1334 2799 1470 2914 stella,
1499 2802 1659 2916 planeta

215 2923 375 3024 relinere
394 2915 558 3030 veslrum
581 2914 741 3032 cursum,
764 2913 823 3011 Θ
844 2914 1020 3035 denegate
1037 2913 1248 3005 bominibus
1273 2915 1437 3022 aelirum
1459 2920 1659 3028 influxunt.

216 3032 300 3120 Vos
325 3028 504 3127 elementa
533 3042 675 3119 mutate
710 3029 855 3141 vestras
891 3031 1117 3142 qualitates,
1153 3028 1212 3128 ξς
1248 3031 1325 3146 ipsu
1360 3041 1467 3119 serra
1495 3032 1658 3146 seponas
1784 3070 1786 3075 ·

216 3151 403 3259 quierem
459 3143 631 3261 diffiliuni
672 3168 795 3256 rupes.
879 3144 962 3279 Kos
998 3141 1199 3260 sepulchra
1234 3143 1293 3242 Θ*
1318 3142 1468 3260 sarculi
1511 3153 1657 3283 aperite

215 3252 1657 3486 ulrauusinuessanus„asturiumiuisn

216 3488 368 3600 sospita
393 3485 439 3573 de
461 3493 626 3574 veritate
647 3514 757 3600 quam
778 3489 842 3598 ipt
864 3483 1048 3604 degloriet
1071 3494 1250 3577 creaioris
1270 3515 1316 3576 ac
1339 3484 1582 3603 redemptoris
1589 3489 1655 3606 spi

216 3611 405 3691 conantur
427 3599 640 3717 obscurare.
1136 3655 1140 3661 ·
1319 3698 1325 3707 ,

338 3715 559 3821 1390.·Ob
582 3715 653 3800 has
666 3742 798 3828 preces
821 3722 860 3801 ot
878 3718 1100 3804 mandatum
1121 3722 1167 3802 Β.
1196 3720 1364 3834 Virginis
1385 3720 1497 3804 Deus
1524 3745 1570 3803 ea
1594 3716 1654 3805 fe·

218 3831 286 3927 cit,
307 3857 391 3942 quae
406 3827 627 3944 sequuntur.
685 3836 895 3943 Propterea
911 3837 1012 3916 enirn
1032 3828 1143 3919 multi
1157 3833 1328 3918 converfi
1342 3836 1438 3923 suut.
1499 3833 1565 3917 Ob
1586 3836 1656 3919 has

216 3971 351 4057 preces
375 3948 419 4028 B.
440 3951 489 4029 V.
511 3940 728 4056 inspiratum
748 3944 822 4031 fuit
842 3941 981 4049 Pilato,
1003 3971 1048 4032 ut
1072 3975 1154 4031 non
1170 3972 1334 4032 mutaret
1345 3941 1513 4032 titulum.
1553 3953 1653 4030 Orn-

213 4085 285 4145 nes
317 4053 544 4170 insensibiles
562 4081 740 4149 creatura
756 4085 965 4174 paruerunt
990 4062 1176 4150 mandato
1194 4067 1240 4148 Β.
1258 4063 1434 4174 Virginis.
1492 4059 1559 4149 Ab
1577 4059 1653 4143 ho·

1604 4199 1651 4261 ra
