3796 4994
623 249 928 346 Revelati'oues
964 253 1008 349 Sa
1041 249 1283 347 Gevtrudt's.
1564 278 1654 374 145

328 455 382 552 C.
424 482 490 552 17·
531 452 748 537 Gerrrudes
776 456 827 536 D.
862 449 1117 538 Mechtildem
1154 458 1193 538 in
1228 456 1347 566 gratia
1377 450 1659 540 revelationum

212 595 305 655 tunc
342 563 536 652 celebrem
573 567 761 650 accedens
807 572 843 650 ei
875 563 1081 677 supplicat,
1110 594 1159 653 ut
1193 573 1409 652 Dominum
1434 565 1672 657 consuleret..

213 688 301 769 En!
335 687 475 767 iterum
504 676 735 763 familiaritas
757 706 846 764 cunt
870 681 1078 764 visioiiaria.
1291 744 1296 749 .

331 800 374 881 1.
401 825 436 881 s.
455 795 506 879 C.
528 821 592 889 19.
619 793 791 876 Christus
808 796 845 875 S.
863 796 1047 878 Gertrudi
1070 788 1204 894 asserit,
1230 791 1267 878 se
1284 789 1338 879 illi
1353 793 1531 881 conferre
1550 823 1659 882 revo-

215 907 393 1010 lationes,
412 934 457 1005 ut¹
469 932 535 993 eas
556 903 637 992 aliis
654 904 828 999 infinuet.
858 908 967 991 idem
982 908 1075 990 dicit
1095 910 1145 991 C.
1164 932 1226 991 ie.
1246 915 1368 992 immo
1384 912 1492 993 addit
1506 915 1575 993 :Si
1590 916 1661 1024 qui

213 1022 388 1137 maligno
406 1023 529 1107 corde
545 1015 747 1105 maluerint
763 1023 846 1104 istas
859 1017 1115 1104 revelationes
1129 1018 1361 1119 calumniari,
1369 1052 1570 1134 peccatum
1592 1051 1662 1107 eo·

213 1137 359 1223 sumsit
376 1135 485 1247 super
501 1161 591 1221 eosr
605 1134 797 1246 propheta
812 1160 982 1247 namque
998 1162 1046 1218 ex
1062 1164 1125 1219 me
1139 1135 1254 1220 dicit:
1286 1144 1432 1220 Ponam
1454 1142 1510 1222 eis
1533 1137 1659 1222 offen·

215 1245 399 1347 diculum‚
416 1277 462 1333 ac
475 1247 502 1333 si
517 1252 686 1346 diceret3
714 1243 834 1330 multa
846 1243 1012 1359 dispono
1026 1254 1065 1331 in
1081 1245 1238 1332 salutem
1253 1246 1479 1347 eleslorum,
1500 1247 1590 1335 licet
1602 1259 1662 1335 in·

216 1365 269 1451 de
288 1364 447 1474 reprobi
467 1357 779 1446 scandalizentur.
818 1365 874 1444 Ex
889 1365 967 1445 lioc
984 1389 1078 1473 ergo
1098 1365 1317 1473 praejudicio
1341 1363 1498 1462 facium,
1519 1391 1560 1447 ut
1581 1362 1662 1452 suas

215 1480 379 1564 visiones
399 1478 477 1561 sine
493 1476 730 1560 hastatione
742 1477 903 1560 haberet
922 1505 995 1586 pto
1012 1479 1165 1574 divinis,
1183 1505 1270 1590 qua
1288 1477 1524 1562 confidentia
1545 1472 1663 1590 pluri·

216 1621 324 1677 mum
353 1616 467 1704 auget
488 1597 565 1674 vim
590 1593 901 1784 imapinanonis,
936 1615 1075 1700 utpote
1102 1588 1268 1674 liberata
1291 1590 1314 1676 ὲ
1336 1618 1439 1674 metu
1465 1587 1660 1677 illufionis.

215 1708 294 1790 Sed
321 1702 539 1817 responderi
568 1729 662 1812 pote
694 1764 707 1800 ‚
737 1730 786 1784 eir
815 1730 889 1802 eo,
918 1705 1031 1815 quod
1059 1708 1098 1785 iti
1142 1706 1180 1786 S.
1221 1704 1417 1787 Gertrude
1454 1711 1663 1815 reperiatur

215 1824 410 1934 ingenium
434 1814 711 1915 seltcilstmum,
739 1820 778 1897 δι
800 1819 1023 1928 imaginatio
1043 1814 1290 1913 vivacissima,
1318 1814 1480 1930 aliaeque
1502 1813 1662 1930 dispofi·

216 1940 345 2019 tiones
370 1936 599 2044 propinquae
620 1930 669 2011 ad
699 1933 799 2029 lioc,
823 1955 865 2012 ut
885 1957 933 2013 ex
971 1927 1154 2014 concursu
1188 1926 1375 2013 luminum
1401 1930 1659 2043 supernatura·

216 2045 325 2145 lium,
347 2047 554 2132 landarum
583 2038 912 2141 amasionum&
936 2047 1208 2155 operationum
1239 2045 1440 2153 phantafiae
1466 2042 1662 2130 nascantur

216 2160 380 2245 visiones
407 2155 597 2243 naturales
637 2163 676 2239 dt
707 2157 951 2270 quandoque
990 2153 1185 2242 illusiones
1230 2159 1453 2254 doemonis,
1498 2163 1663 2246 nonest

218 2299 349 2361 tamen
377 2298 546 2369 certum,
570 2269 623 2355 fic
652 2271 873 2383 contigisset
918 2276 1009 2384 quia
1036 2276 1074 2352 δι
1103 2273 1210 2355 Deus
1234 2267 1348 2361 solet.
1371 2278 1426 2355 uti
1443 2273 1573 2359 ‘caulis
1606 2271 1661 2359 se·

217 2390 368 2488 tundis,
394 2412 582 2501 quantum
605 2386 755 2496 potell,
780 2385 832 2468 ad
853 2379 934 2466 suas
962 2388 1210 2495 operationes
1245 2382 1571 2496 supernaturales,
1599 2415 1664 2474 eas

216 2498 468 2596 assumendo,
497 2499 703 2611 dirigendo
721 2524 766 2578 ac
789 2495 1039 2607 perficiendo.
1109 2496 1218 2580 ldem
1241 2525 1322 2579 non
1351 2501 1439 2581 rari>
1462 2494 1561 2583 solet
1587 2501 1663 2586 ob·
1702 2528 1705 2532 ’

216 2612 325 2729 sequi
349 2617 496 2710 sanclis,
524 2640 635 2695 etiam
671 2613 764 2693 dum
799 2636 1080 2723 nonnunquam
1115 2611 1294 2694 videntur
1325 2637 1474 2695 tentare
1514 2614 1659 2712 Deum,

217 2729 351 2841 sicque
378 2728 548 2839 praebere
581 2725 824 2808 occasionem
854 2719 1017 2807 illusioni
1047 2726 1266 2820 doemonis,
1299 2727 1403 2808 cedit
1425 2729 1528 2809 enim
1553 2720 1681 2813 Deus

216 2840 315 2953 sape
343 2870 425 2927 non
453 2837 522 2924 soli
557 2841 757 2951 exigentiae
786 2833 958 2924 Ecclesia
985 2865 1030 2920 ac
1058 2833 1290 2949 Religionis,
1318 2833 1526 2924 sedetiam
1551 2843 1688 2925 nabi..

217 2955 578 3068 tuatispraejudiciis
611 2956 845 3049 amicorum,
883 2976 926 3036 ut
950 2957 1066 3062 proin
1093 2955 1131 3034 in
1158 2955 1318 3034 notoriis
1356 2957 1487 3038 amicis
1514 2955 1591 3038 Dei
1619 2960 1661 3039 in

217 3071 413 3173 ejusmodi
448 3064 530 3150 casu
558 3062 809 3175 dispositionis
836 3061 899 3148 vel
930 3071 1146 3177 apparentis
1174 3069 1397 3149 temeritatis
1421 3061 1664 3178 presumptio
1716 3145 1719 3148 ,
1858 3110 1863 3114 -

216 3188 350 3296 potius
374 3184 444 3266 stet
464 3209 537 3291 pro
562 3184 790 3289 operatione
814 3179 913 3276 Dei,
933 3180 1052 3292 qualm
1070 3172 1248 3261 illusione
1278 3179 1498 3274 doemonis,
1519 3180 1586 3265 nifi
1615 3207 1664 3268 ex
1693 3178 1697 3187 ’

216 3292 359 3493 effpdu
399 3291 462 3381 vel
506 3297 788 3378 circumstantiis
826 3293 967 3376 dentur
1001 3293 1163 3406 positiva
1195 3292 1335 3376 indicia
1367 3287 1550 3383 illusionis
1582 3294 1664 3379 dia·

216 3411 366 3497 boica.

362 3521 486 3627 Llll.
546 3519 890 3626 Observantur
924 3527 978 3625 in
1014 3518 1424 3626 Revelationibus
1461 3520 1508 3626 S.
1546 3518 1665 3627 Ger·

218 3665 380 3773 trudis
415 3663 557 3801 plura
594 3665 716 3780 alia,
740 3695 864 3800 ‚quas
901 3687 992 3768 aut
1036 3660 1264 3799 praebent
1300 3694 1665 3800 argumentum

222 3814 535 3942 operationis
586 3803 940 3938 phantastica,
994 3828 1086 3909 aut
1130 3801 1284 3909 facilis
1334 3807 1665 3941 deceptionis,

222 3975 314 4054 aut
349 3945 772 4050 contradiffionis.
844 3975 943 4057 Sunt
971 3999 1101 4060 autem
1128 3966 1339 4085 sequentia.
1389 3974 1459 4054 sic

272 4112 379 4203 ·D.
393 4109 440 4195 Ε.
451 4110 508 4195 A.
527 4107 570 4197 de
589 4105 763 4195 Revelat.
781 4109 884 4197 Pars
903 4108 958 4200 ΙΙ.
1121 4112 1158 4196 Τ
1419 4081 1523 4195 LS.
1543 4080 1664 4190 Ger·
