3796 4994
152 336 278 447 „78
424 418 438 426 ,
610 321 719 452 Reg.
742 310 967 419 Prassex
984 285 1262 420 P.Graoirr‡‘
1388 415 1392 427 ,

119 594 124 605 .
214 515 291 620 else
318 520 358 604 in
385 543 564 718 peccato,
594 525 635 604 δι
660 519 859 615 multoties
888 520 983 611 nihil
1012 522 1119 611 aliud
1146 508 1379 636 reportatur,
1406 514 1530 636 quam
1548 511 1660 604 wcon·

213 630 313 721 fufio
334 662 384 719 ve
418 633 575 720 infamia
601 644 792 745 proximi,
828 645 868 724 dc
896 640 1121 725 curiositatis
1146 640 1436 737 nutrimentum,
1458 662 1549 719 cum
1578 636 1660 720 hoc

216 749 368 834 donum
388 747 626 837 discretionis
649 753 844 866 spirituum
870 760 909 839 δι
935 758 1219 869 cogitationum
1246 751 1376 857 cordis
1399 750 1512 834 detur
1532 747 1678 850 iDeo
1715 803 1717 806 -

79 935 82 939 .
216 871 350 981 'paucis
378 866 634 977 prudentibus
660 874 856 954 taciturnis
881 869 932 954 ad
956 875 1174 955 utilitatem.
1230 863 1503 977 Temporibus
1528 864 1666 950 nostris

217 978 383 1064 vidimus
409 980 601 1066 deteemn
628 1007 702 1096 pro
727 985 903 1069 heretica
921 979 1064 1090 Juliam
1093 981 1316 1097 quandam*
1337 1007 1425 1093 quae
1446 1003 1561 1062 tantae
1582 1003 1674 1064 ctat.

218 1097 565 1179 existimationis&
588 1093 699 1183 famae
721 1093 939 1195 sanctitatis,
968 1122 1011 1183 ut
1030 1095 1142 1183 multi
1162 1120 1387 1183 veterentur
1408 1091 1598 1178 accedere
1613 1093 1665 1179 ad

37 1286 41 1291 .
214 1200 322 1320 illam
347 1203 636 1313 consulendam,
664 1210 732 1299 nifi
747 1216 851 1326 ptius
871 1209 971 1298 sacra
987 1207 1256 1410 exomoloiest
1276 1232 1434 1327 peccata
1456 1212 1673 1321 expiarent,

69 1418 73 1441 Ι
218 1325 302 1433 Qui
324 1318 481 1409 effeiius
510 1352 594 1410 non
624 1320 681 1410 illi
709 1323 876 1411 fatidica
906 1320 1113 1411 diabolice
1139 1330 1187 1410 tri
1217 1325 1394 1424 uendus,
1429 1316 1496 1406 sed
1529 1321 1668 1409 divina

219 1435 388 1524 bonitati
408 1424 517 1523 malis
539 1444 682 1526 utentis
703 1440 756 1524 ad
784 1440 960 1540 bonum,
986 1445 1027 1524 δι
1052 1442 1258 1526 devotioni
1284 1435 1457 1523 fidelium
1486 1464 1668 1524 reveren·

188 1653 192 1661 Ι
219 1556 332 1653 uum,
361 1581 465 1668 quos
489 1577 628 1665 putant
645 1551 774 1640 servos
797 1558 889 1654 Dei,
917 1561 988 1670 qui
1008 1554 1075 1641 etsr
1092 1558 1133 1638 in
1155 1552 1362 1640 individuo
1382 1551 1668 1661 deciperentud

217 1694 306 1757 non
330 1668 623 1781 decipiebantur
655 1674 696 1753 in
724 1665 923 1755 universali
952 1671 1201 1756 estimatione
1226 1666 1422 1754 servorum
1448 1668 1539 1750 Dei.
1608 1667 1673 1753 Sic

221 1776 302 1868 ille.
359 1790 518 1895 Quare,
540 1781 607 1869 nist
635 1812 683 1870 ex
711 1782 793 1869 aliis
815 1786 967 1871 indiciis
990 1784 1274 1870 demonstretur
1307 1785 1445 1866 veritas
1465 1775 1677 1866 revelatio·

51 1962 54 1967 2
222 1900 404 2097 '¹³⁸’qu
429 1897 690 1986 demonstrata
713 1898 972 2016 supponenda
1012 1895 1180 2031 ndito,
1213 1895 1429 2024 rejicienda
1462 1889 1550 1981 sunt
1575 1890 1675 1984 tales

219 2037 312 2098 reve
327 2037 490 2099 annues.
964 2067 967 2070 -

240 2288 242 2292 .
329 2213 500 2345 Regula
538 2243 617 2336 31.
652 2206 727 2315 Ex
763 2206 1137 2317 circumstantia
1169 2207 1271 2331 loci
1305 2206 1387 2317 vel
1418 2215 1717 2347 tempotlss

201 2380 336 2457 non
370 2353 542 2491 potest
574 2354 704 2459 sumi
739 2375 877 2460 cette
910 2350 1080 2494 regula
1122 2385 1221 2492 pro
1263 2347 1560 2489 adstruenda
1595 2349 1677 2461 vel

55 2621 56 2625 p
94 2558 97 2563 .
211 2490 572 2633 ‘improbanda
606 2493 930 2624 revelatione
1037 2523 1152 2607 Ratio
1181 2521 1248 2621 est,
1276 2525 1369 2634 quia
1399 2525 1438 2603 a
1465 2518 1565 2604 fiunt
1589 2514 1679 2604 mu.

52 2652 62 2670 '
195 2669 196 2672 ¹
226 2632 353 2721 sconis
384 2636 626 2722 doemonum·
649 2637 701 2721 de
732 2634 820 2739 die,
850 2643 891 2721 dc
910 2641 951 2724 in
969 2631 1149 2723 Ecclesia.
1177 2636 1272 2740 Jobi
1293 2665 1329 2721 t.
1350 2630 1493 2746 legitur
1517 2635 1680 2719 doemo.

164 2771 192 2827 π
231 2778 324 2836 nem
346 2747 524 2857 adstitisse
545 2756 587 2844 in
608 2746 772 2838 confilio
800 2752 999 2839 bonorum
1022 2746 1273 2864 angelorumt
1311 2751 1507 2836 Christum
1534 2745 1679 2834 sustulit

228 2869 272 2953 in
295 2860 542 2978 pinnaculum
567 2864 705 3010 templi
712 2867 981 3012 efi‘l‘mqu‘·
1003 2864 1178 3063 sogpeffit
1211 2859 1341 2997 falsam
1371 2857 1681 2996 revelationem.

229 2981 282 3066 Et
304 2976 416 3093 supra
443 3008 492 3065 ex
519 2982 752 3067 Rusbrochrr
784 3008 863 3067 vtta
883 2985 934 3069 C.
958 3010 996 3084 i·
1028 3008 1071 3065 re
1086 3005 1147 3064 ata
1174 2982 1228 3064 est
1249 2980 1403 3063 instorta
1428 2977 1481 3061 de
1504 2975 1679 3082 muliere,

229 3095 497 3297 qffiwbus
520 3096 733 3185 doemoniis
758 3100 892 3213 stipata
917 3093 1131 3207 accedebat
1154 3097 1205 3185 ad
1224 3093 1515 3210 percipiendam
1529 3095 1684 3179 Eucha-

153 3264 171 3287 ..
230 3237 263 3295 n
373 3269 385 3294 .
796 3276 798 3281 s
935 3231 937 3236 ·
1119 3292 1121 3297 ,

342 3389 511 3524 Regula
542 3403 620 3513 32.
656 3382 766 3523 lpse
792 3364 1150 3525 multiplicitas
1184 3379 1563 3493 revelationum
1597 3373 1684 3491 ali·

120 3572 124 3577 ·
186 3611 191 3618 -
239 3538 323 3638 cui
354 3530 579 3668 perlonae
609 3523 741 3634 fasta
773 3520 990 3666 suspesla
1026 3528 1146 3633 esto.
1231 3556 1347 3640 Ratio
1376 3553 1451 3650 est,
1483 3556 1686 3666 quianon

237 3670 393 3759 videtin
418 3668 646 3784 congruum
659 3669 800 3755 divinae
822 3665 1023 3784 sapientia,
1043 3663 1302 3784 multiplicate
1315 3675 1355 3755 in
1379 3663 1606 3752 immensum
1627 3693 1689 3768 te·

238 3781 471 3901 velationes,
498 3777 603 3869 nulla
625 3809 836 3897 apparente
862 3783 1092 3870 necessitate.
1151 3788 1263 3869 Hanc
1289 3777 1464 3898 tegulam
1488 3777 1707 3896 persequi-⁶

89 3989 92 3993 ,
239 3923 303 3985 tut
323 3899 371 3986 P.
392 3897 578 3998 Gracina
601 3902 643 3985 P.
663 3929 701 3984 2.
720 3901 764 3986 L
787 3929 824 4004 3.
845 3901 898 3987 C.
921 3929 957 3985 a.
979 3899 1039 3984 hir
1056 3899 1204 3985 verbis:
1240 3902 1334 3987 Con
1364 3900 1602 3982 eminatam
1628 3894 1691 3980 di·

42 4104 45 4109 ,
97 4124 100 4129 θ
209 4011 358 4129 versas
376 4000 620 4126 temporibus
649 4014 796 4100 eadem
824 4008 989 4113 velaliae
1013 4011 1275 4100 revelationes
1303 3927 1510 4125 diligenter
1539 4038 1588 4094 ex
1620 4037 1689 4093 en-

94 4134 99 4154 ‘
242 4129 400 4231 dendo.
422 4155 475 4216 ue
498 4121 762 4244 multiplicitas
786 4129 997 4217 arundetn
1016 4127 1097 4216 fine
1117 4126 1337 4217 aeoesiimte
1366 4038 1692 4257 magnamsripi·

48 4284 51 4288 ·
700 4286 702 4290 ⁴
1089 4295 1094 4302 -
1532 4267 1694 4331 etonem
