3796 4994
211 354 277 453 72
612 318 718 463 ltegss
743 322 1262 435 Padl.errP.Gravina

215 530 538 615 demonstraretur
566 531 709 617 domus
739 561 876 640 aurea,
898 565 1025 651 -quam
1056 534 1333 652 spoponderat.
1396 542 1546 626 Vemm
1567 537 1670 649 elre-¹

214 649 344 729 monis
364 648 554 758 praestigiae
585 646 746 733 detctiae
769 648 862 736 sunt
945 659 1047 737 Cum
1074 660 1178 739 enim
1212 658 1414 738 Diaconos
1441 683 1530 739 cum
1550 653 1661 741 socio

215 759 267 841 ad
290 763 506 869 Principem
533 756 803 875 ablegaretur,
845 770 885 849 in
910 766 1096 852 itinererl
1123 771 1301 879 quodam
1333 764 1558 883 preference
1577 763 1660 882 spe·

217 877 317 956 ciem
344 875 513 957 hominis
539 875 683 959 domus
709 872 775 961 illa
792 904 908 963 aurea
924 880 1075 965 ostensa
1097 886 1163 965 est.
1217 885 1299 967 ded
1319 883 1489 994 signante
1509 878 1547 968 se
1563 884 1661 967 Dia·

217 1013 325 1070 cono
342 985 457 1098 figno
484 994 605 1073 crucia
629 986 773 1101 species
801 986 903 1077 illius
925 995 1094 1081 horrunia
1120 1001 1161 1081 in
1184 993 1347 1111 figuram
1372 995 1596 1098 doemonis,
1618 1002 1661 1083 dc

217 1102 361 1185 domur
388 1103 428 1182 in
448 1095 594 1186 luctum
615 1100 799 1191 conuersa
827 1104 892 1191 cst.

333 1268 504 1401 Regula
563 1304 641 1369 ιι.
718 1265 900 1374 Omne
960 1270 1107 1409 quod
1160 1271 1408 1377 revelatur
1454 1280 1662 1411 privarit

216 1404 647 1533 revelationibus,
703 1388 739 1513 d
770 1406 1014 1520 discordet
1043 1414 1074 1518 a
1103 1412 1275 1554 regula
1318 1411 1430 1519 fidei
1466 1412 1521 1521 δι
1548 1446 1663 1519 mo·

217 1546 374 1655 ribus,
410 1548 889 1689 consuetudinibus,
925 1585 985 1658 ac
1018 1563 1281 1693 praeceptis
1319 1553 1558 1675 Ecclestae‚
1592 1591 1665 1662 re·

219 1687 494 1849 jiciendum
538 1693 627 1798 (est.
726 1723 848 1803 Retio
875 1721 952 1819 eil,
987 1718 1083 1837 quia
1110 1721 1249 1805 verita
1276 1744 1360 1802 non
1391 1721 1447 1804 est
1473 1717 1543 1803 sabi
1571 1747 1668 1817 con·

218 1854 344 1917 m.

328 1990 497 2121 Regula
537 2020 617 2109 23·
649 1977 908 2122 sanquis
943 1982 1145 2091 vivendi
1170 1980 1362 2089 modus
1395 1984 1670 2091 assumatur

222 2122 302 2233 vel
352 2120 745 2243 introducatur,
802 2134 964 2232 etiam
1028 2124 1116 2233 sub
1175 2132 1335 2262 specie
1384 2125 1670 2245 sanditatis,

221 2265 381 2404 quem
413 2265 637 2404 populus
676 2264 774 2373 Del
813 2268 1001 2373 servare
1045 2302 1157 2373 non
1198 2273 1479 2387 consuevit,
1510 2294 1570 2371 ut
1599 2266 1672 2373 su·

221 2409 413 2544 spellus
454 2416 600 2515 vitari
641 2405 807 2516 debet.
894 2436 1014 2521 llario
1054 2439 1132 2553 est,
1183 2437 1278 2550 quia
1314 2437 1413 2519 ratio
1454 2431 1673 2548 prudentia

222 2555 367 2664 exigit,
394 2556 493 2635 utin
515 2550 731 2636 duratione
763 2551 1021 2635 humanorum
1049 2559 1205 2636 artuum
1228 2576 1374 2634 certum
1398 2544 1547 2660 semper
1576 2578 1695 2661 prae·-

51 2764 71 2789 ‚
223 2660 369 2750 seratur
385 2670 548 2750 incerto.
613 2666 718 2749 Cum
749 2693 846 2777 ergo
866 2658 974 2777 sequi
1001 2662 1274 2750 Ecclesrasticas
1297 2659 1448 2777 regulas
1477 2667 1540 2748 via
1571 2690 1675 2748 certa

226 2782 267 2860 δι
288 2803 373 2863 tuta
398 2778 474 2868 fite
522 2802 684 2863 econtra
712 2775 822 2892 sequi
846 2805 1010 2891 privatas
1040 2774 1323 2876 revelationes,
1360 2782 1422 2861 via
1448 2782 1594 2861 incerta
1616 2777 1673 2874 stt,

224 2894 293 2977 ista
315 2889 480 3007 relinqui
506 2892 639 2982 debet.
695 2889 884 3006 Regulam
908 2894 1057 3005 probat
1079 2897 1251 2979 Gravina
1273 2888 1474 3005 exemplis.
1530 2896 1610 2991 Sic,
1632 2916 1677 2979 ut

224 3002 344 3091 refert
372 3008 417 3093 P.
448 3003 578 3095 Nrder
601 3012 646 3093 1„
681 3036 718 3109 5.
741 3011 793 3095 C.
823 3024 862 3101 8.
887 3004 963 3094 suit
995 3000 1182 3093 Coloniae
1209 3008 1389 3120 quaedam
1421 3011 1533 3121 uirgo
1564 3008 1694 3123 omni·

582 3116 681 3256 i
694 3120 905 3321 triu
1064 3116 1677 3323 dfert

246 3264 287 3321 es
384 3264 806 3323 enraruarmtsro
919 3264 946 3322 u
1165 3266 1184 3323 r
1616 3266 1677 3323 r-

226 3267 383 3451 srstenrp3
432 3377 519 3464 quae
542 3354 581 3433 dt
600 3352 695 3435 mira
730 3350 968 3443 ostentabatt
1013 3294 1154 3438 ultrum
1181 3356 1284 3437 enim
1313 3348 1337 3435 a
1363 3354 1400 3434 le
1421 3264 1678 3463 'celrlfradtum

226 3470 271 3550 iu
299 3468 485 3577 parietem
505 3471 685 3572 jadtatum
716 3469 925 3578 reparavita
960 3493 1143 3579 mappam
1167 3463 1193 3552 al
1215 3461 1253 3551 se
1279 3460 1680 3579 laceratamintegra·

222 3583 299 3663 vir.
367 3584 470 3662 Cum
509 3579 594 3663 duae
630 3606 757 3691 partes
790 3583 892 3663 inter
925 3576 965 3665 se
1001 3576 1194 3778 litigarent
1231 3581 1283 3665 de
1316 3578 1421 3665 Sede
1447 3576 1680 3679 Trevirenfi,

229 3719 349 3777 unam
371 3714 521 3803 partem
545 3687 584 3776 se
609 3689 712 3780 velle
744 3696 1007 3781 inthronizare
1032 3695 1297 3809 goriabarut‚
1327 3718 1370 3778 ut
1398 3690 1543 3779 fecerat
1571 3722 1682 3807 quae-

230 3808 323 3891 dam
351 3810 506 3913 Joanna
531 3803 684 3892 Catulo
705 3810 802 3921 Regi
824 3802 971 3908 Gallia,
1001 3838 1121 3924 quam
1149 3805 1459 3895 &resuscitatam
1478 3806 1680 3897 asserebat.

230 3922 311 4005 Sed
330 3944 443 4033 capta
463 3921 517 4009 ab
534 3922 766 4036 Inquisitore
785 3921 884 4007 clam
904 3926 956 4006 de
973 3920 1149 4009 Colonia
1163 3927 1304 4009 eduda
1320 3918 1488 4008 Galliam
1509 3926 1683 4023 intravit,

228 4030 342 4120 militi
364 4042 405 4119 in
429 4042 715 4123 matrimonium
746 4036 951 4150 copulatur
980 4036 1005 4122 a
1031 4034 1137 4124 malo
1157 4035 1386 4129 sacerdotet
1422 4035 1490 4122 sed
1519 4038 1684 4125 tandem

229 4144 449 4265 Mtterrsem
466 4154 662 4262 civitatem
685 4152 794 4251 adiit,
815 4156 854 4237 δι
880 4148 1076 4265 publicam
1097 4150 1358 4241 concubinam
1386 4158 1478 4267 egit.
1639 4262 1689 4353 ¹ss

1541 4271 1666 4382 Qua·
