3796 4994
465 181 468 186 ¹
632 225 939 325 Revelrtiones
956 150 1019 329 ¹S.
1059 227 1302 329 Gerontis.
1601 262 1660 358 71

220 423 467 515 immortalem
491 415 532 511 in
542 421 749 539 sepulchris
774 424 1019 538 reliquerunt.
1076 428 1153 516 Eo!
1178 459 1264 517 troo
1287 432 1476 544 excipitur
1492 431 1531 517 S.
1545 436 1667 536 Joan·

219 569 304 636 nes,
327 568 414 624 cum
432 562 609 622 tametio
638 543 728 623 tima
754 537 880 625 fuisset
903 543 1119 654 excipiendi
1145 546 1318 637 occastor
1358 575 1448 631 nam
1470 549 1509 632 S.
1535 550 1665 662 Chry·

218 653 411 740 sostomus
436 656 476 734 in
495 654 573 734 hoc
595 568 770 736 sermone
788 674 836 738 ex
855 656 1024 739 instituto
1056 658 1134 766 agit
1163 658 1214 742 de
1241 655 1420 761 laudibus
1449 656 1666 773 Apostolo-

221 795 319 852 rum.
403 766 468 848 Ad
490 766 590 848 huuc
616 762 875 849 difficultatem
901 764 1004 850 forte
1026 770 1250 878 tesponderi
1277 775 1428 883 potest,
1445 773 1482 854 S.
1506 778 1669 857 Gertru·

221 881 313 964 dem
330 907 413 963 noo
430 874 545 991 loqui
566 878 618 962 de
638 874 891 989 assumptione
915 887 1114 991 corporis,
1136 878 1203 965 led
1226 891 1382 974 animaet
1414 890 1454 967 &
1473 887 1670 991 Christum

223 1020 308 1079 non
340 993 492 1087 dicere,
523 991 638 1105 quod
672 1018 814 1101 corpus
840 993 878 1076 S.
903 996 1067 1097 Joannis
1094 999 1136 1078 itt
1161 993 1306 1082 coelum
1332 994 1576 1111 assumpserit,
1602 997 1672 1087 led

225 1107 339 1222 quod
362 1134 452 1191 eum
468 1104 520 1189 de
540 1127 692 1217 corpore
714 1100 955 1218 assumpserit.
1194 1134 1197 1145 ·

366 1345 426 1451 X.
480 1343 535 1450 L.
572 1385 618 1474 4.
657 1343 718 1449 C.
760 1381 838 1472 27.
893 1341 940 1448 S.
990 1342 1261 1456 Gettrudes
1305 1360 1359 1456 io
1401 1349 1529 1458 festo
1577 1355 1668 1480 Pa.
1760 1444 1764 1449 .

223 1485 400 1595 schatis
455 1489 517 1590 ad
564 1485 861 1590 Dominum
899 1496 1000 1589 ait:
1073 1510 1188 1596 Doce
1217 1538 1294 1612 tre,
1332 1511 1434 1622 quali
1465 1513 1671 1606 devotione

224 1639 264 1716 ie
288 1626 445 1712 laudare
471 1626 593 1738 poffim
624 1647 695 1736 per
710 1621 894 1740 Alleluja‚
924 1622 1027 1734 quod
1045 1629 1160 1710 lolio
1184 1623 1338 1738 insesso
1364 1625 1430 1739 isto
1457 1629 1674 1740 repetitur?

224 1738 410 1939 repondit
459 1742 684 1826 Dominus:
743 1735 1080 1846 convenientissime
1117 1745 1257 1847 potetis
1301 1765 1357 1822 me
1392 1763 1464 1852 per
1500 1740 1680 1860 astripo-
1716 1740 1719 1745 ’

226 1885 270 1942 co
298 1852 437 1939 rudore
460 1859 498 1939 in
528 1856 668 1938 unione
692 1849 813 1937 laudis
834 1848 1215 1961 coelrssiumeior'um,
1242 1855 1305 1959 qui
1321 1850 1510 1963 peridem
1532 1884 1587 1942 me
1601 1865 1672 1973 ju-

221 1973 325 2088 giler
351 1963 570 2052 collaudant
604 1969 644 2050 in
683 1962 794 2061 coelir.
873 1964 927 2050 Et
952 1961 1089 2074 adjecit
1126 1963 1332 2050 Dominus.
1419 1967 1534 2053 Nota
1567 1998 1670 2086 cepo,

225 2080 329 2196 quod
351 2084 391 2167 in
420 2075 486 2165 illa
511 2074 670 2164 siliione
699 2073 868 2164 Allelu'o
909 2105 1033 2164 omnes
1060 2073 1214 2163 uocaset
1246 2080 1499 2167 inueniuntur
1557 2093 1670 2174 roser

214 2192 338 2313 sulm
365 2191 550 2292 vocalem,
580 2191 634 2290 0,
664 2217 742 2301 que
765 2106 929 2275 dolorem
949 2191 1158 2308 fignificat,
1189 2188 1248 2286 65
1268 2213 1341 2302 pro
1367 2187 1435 2279 illa
1454 2104 1670 2306 duplicatur
1709 2202 1711 2209 ’

215 2313 344 2423 prima
371 2304 515 2392 vocalis
549 2307 592 2389 A.
679 2308 734 2387 lta
763 2305 949 2388 Christus.
1002 2304 1080 2387 sed
1107 2333 1181 2388 nec
1208 2329 1341 2388 natura
1368 2332 1438 2416 per
1465 2309 1565 2393 hanc
1593 2338 1668 2396 vo·

224 2417 349 2507 colem
378 2417 562 2532 fignificat
588 2421 717 2529 potius
736 2412 930 2513 dolorem,
957 2416 1077 2528 quim
1105 2413 1346 2528 voluptatem
1373 2445 1459 2502 cum
1478 2446 1524 2505 ea
1542 2418 1669 2508 exclu-

223 2540 346 2621 matio
363 2562 432 2647 pet
448 2540 486 2615 0
508 2534 622 2615 eriam
644 2528 778 2614 serviat
802 2531 853 2613 ad
880 2529 1133 2642 expressiones
1157 2536 1273 2614 animi
1302 2525 1427 2632 laetts3
1455 2559 1528 2616 nec
1552 2541 1669 2624 etiam
1694 2615 1698 2628 .

222 2652 266 2733 id
294 2647 474 2762 fignificat
510 2674 558 2729 ex
591 2647 827 2727 institutione
856 2645 956 2739 Dei,
999 2639 1062 2727 vel
1093 2647 1307 2728 hominum.
1392 2650 1507 2730 Forte
1537 2672 1669 2736 tamen

223 2757 315 2848 solis
336 2756 457 2846 Gallis
475 2761 542 2844 isia
563 2753 709 2842 vocalis
737 2759 789 2841 est
814 2753 938 2843 littera
964 2755 1244 2871 doloriquuia
1263 2758 1318 2841 est
1335 2759 1439 2869 apud
1460 2753 1549 2845 illos
1568 2758 1667 2848 diffi·
1844 2837 1848 2841 .

226 2872 307 2960 cilis
332 2876 673 2985 pronuntiationis,
701 2872 855 2954 testatur
890 2873 1104 2984 Gregorius
1130 2870 1381 2972 Turroneufis
1408 2873 1450 2957 L.
1475 2901 1508 2974 5.
1530 2878 1581 2960 C.
1596 2907 1665 2978 44.

225 2985 469 3099 Clrilpericum
499 2986 634 3102 Regem
659 3011 800 3068 novom
825 2981 990 3069 liliorum
1019 2978 1298 3096 OAsphobeto
1320 2980 1469 3070 Gallico
1491 2985 1670 3100 inferuis,-

214 3100 275 3216 st,
294 3096 363 3212 sed
382 3125 460 3185 rem
488 3100 642 3207 coruiffe
661 3097 839 3211 fircceffu.
932 3099 1038 3182 Dein
1068 3103 1107 3179 in
1143 3102 1214 3179 hac
1241 3092 1497 3208 explicatione
1527 3097 1669 3213 suppo·

225 3222 342 3310 nitur,
362 3240 499 3296 vocem
530 3205 694 3318 Alleluia
721 3238 768 3293 ex
788 3211 960 3294 instituto
992 3209 1042 3292 sc
1069 3207 1179 3294 fuisse
1204 3210 1428 3321 mysteriose
1460 3238 1670 3327 coagmen·
1699 3240 1704 3247 ·

224 3351 365 3414 tatamt
399 3326 510 3437 quod
532 3348 660 3409 tumen
688 3317 820 3406 falsum
851 3326 905 3406 est
939 3324 1026 3408 cum
1054 3327 1201 3407 conliet
1227 3319 1322 3406 illud
1352 3320 1431 3407 srne
1451 3333 1558 3413 omni
1584 3357 1670 3442 my·

223 3443 342 3523 sterio
363 3437 469 3522 soille
492 3435 750 3548 compostum
776 3464 822 3518 ex
849 3439 907 3519 his
932 3437 1087 3520 duobus
1115 3435 1337 3519 nominibus
1367 3437 1553 3525 hebraicis
1574 3442 1669 3531 Ho-

222 3549 313 3648 lesu,
343 3557 381 3633 &
399 3553 469 3663 Ja,
501 3552 612 3664 quod
641 3553 744 3634 idem
772 3550 836 3649 est,
864 3575 909 3632 ac
937 3546 1087 3634 laulate
1120 3545 1275 3634 Dllum.
1357 3549 1436 3633 Sed
1463 3549 1672 3665 responde·

222 3666 286 3746 bit
315 3663 415 3746 sorte
440 3662 590 3777 aliquis,
618 3665 810 3746 Christum
835 3657 950 3774 loqui
969 3689 1016 3747 err
1032 3659 1291 3774 suppositione
1312 3690 1580 3777 praeconcepta
1600 3664 1670 3755 a'u·

220 3778 382 3873 dientir,
399 3798 440 3860 ot
465 3774 587 3860 sensus
608 3775 670 3863 ἣτε
688 3777 812 3889 juxta
844 3802 926 3859 voe
943 3779 1023 3858 hoc
1050 3800 1197 3860 nomen
1237 3770 1403 3875 Alleluia
1433 3777 1551 3862 habet
1577 3808 1665 3869 etur

211 3889 579 3998 compositionem
637 3913 702 3974 aut
744 3889 916 3976 Christus
951 3885 1112 4001 respexit
1156 3889 1207 3975 ad
1244 3891 1426 4000 Origines
1464 3892 1665 3979 hebraicas

365 4016 376 4031 ·
1500 4028 1666 4114 quarum
1768 4011 1776 4024 “
