3796 4994
217 182 289 351 pr
306 274 344 347 2.
400 182 401 189 Ν
613 233 919 341 Reuelrriones
951 238 1010 339 S.·
1033 180 1279 342 motus.

234 443 394 536 debir
416 439 590 559 perficias
624 439 789 560 aliquod
818 470 921 558 opus
947 444 1102 530 bonum
1130 446 1171 529 in
1205 445 1353 531 unione
1380 445 1532 560 pietatis
1561 438 1679 547 iiiior.

235 590 319 680 qua
341 588 419 676 ego
443 557 567 647 remisi
599 559 671 644 tibi
701 563 833 654 omniu
845 585 1019 757 peccatu
1044 582 1122 642 tun
1192 560 1296 644 Dein
1325 587 1481 646 orarec
1552 567 1583 647 it
1606 589 1682 676 pro

235 680 368 762 amicis
387 672 459 759 suis
481 669 717 785 specialibus,
737 697 779 757 ut
803 678 843 784 ip
889 677 1003 757 etiam
1022 676 1242 783 acciperent
1260 667 1419 758 similem
1440 703 1517 759 ton
1535 672 1680 761 olatio·

62 798 66 810 “
236 816 328 877 nem
349 817 367 878 t
421 794 527 895 cujus
559 786 738 899 precibus
778 788 974 869 Dominus
1012 809 1181 869 comens
1206 788 1279 870 rit:
1328 793 1578 903 omnesqui
1608 815 1700 881 vo,

118 923 121 934 ·
233 899 322 988 lunt
340 927 469 987 tecum
503 895 719 1011 persolvere
741 895 1034 985 satisfadiionem
1055 898 1126 983 tibi
1154 904 1385 1005 injuncium,
1417 900 1525 986 simul
1551 927 1681 987 tecum

235 1016 408 1124 habeant
442 1011 697 1099 remissionem
727 1018 902 1098 omnium
931 1036 1179 1125 peccatorum
1206 1008 1361 1098 suorum
1392 1041 1442 1098 err
1484 1019 1560 1100 inc
1592 1041 1681 1103 mee

234 1128 525 1216 bmediuione.
580 1129 630 1212 Et
654 1126 706 1213 fic
732 1132 873 1213 iterum
898 1119 1049 1212 extensu
1075 1151 1192 1209 minu
1212 1124 1323 1213 dedit
1352 1127 1682 1228 benedictionem

238 1248 333 1330 Huc
352 1239 549 1353 promissio
576 1241 729 1326 videtur
749 1239 889 1325 cedere
906 1242 947 1323 in
965 1259 1230 1351 contemptum
1265 1238 1453 1338 clavium,
1480 1247 1519 1327 dr
1547 1237 1681 1328 ludul·

238 1361 469 1472 gentiacum,
496 1355 662 1440 maxime
683 1350 757 1438 illis
776 1352 1041 1465 temporibus,
1069 1353 1211 1467 quibus
1233 1349 1485 1467 Indulgentiae
1503 1351 1682 1468 plenarie

238 1493 523 1671 f⁰ff¹bp⁰⁸⁶¹²¹¹t
546 1466 821 1666 obtitrfgriiffisi
847 1458 1073 1664 difficssllirnis
1096 1466 1326 1665 operibusist
1347 1464 1424 1664 {iiic
1439 1494 1683 1665 autemdprae-

255 1611 308 1670 cn
339 1606 452 1666 untur
487 1609 515 1665 o
545 1607 608 1665 era
682 1610 703 1662 c
759 1607 833 1666 ma.
975 1607 1037 1663 ern
1065 1605 1255 1664 motivum
1326 1609 1350 1666 u
1414 1609 1494 1666 non
1528 1611 1568 1666 vr
1598 1607 1682 1668 erut

239 1698 345 1783 adeo
363 1608 571 1808 magnutbr
605 1720 652 1779 ec
679 1695 854 1807 denique
878 1690 981 1778 aliud
998 1694 1053 1778 est
1074 1696 1268 1778 remittere
1283 1721 1455 1807 peccata,
1474 1691 1578 1780 uliud
1595 1724 1682 1809 poe·

241 1836 310 1897 nas
333 1814 500 1923 peccatis
521 1807 684 1894 debitas.
738 1804 977 1921 Responderi
996 1810 1136 1921 potest,
1162 1803 1226 1892 bic
1252 1807 1400 1894 taurum
1423 1808 1681 1921 infinuariiu·

240 1916 490 2037 dulgentiam
502 1916 709 2033 plenariam
733 1950 807 2036 pro
844 1924 996 2020 amicis,
1024 1946 1066 2004 ut
1091 1948 1194 2007 nunc
1217 1917 1315 2007 solet
1335 1923 1502 2011 concedi
1525 1921 1682 2009 dSum·

84 2043 88 2048 ’
121 2034 123 2038 ’
240 2042 314 2122 mis
331 2034 584 2120 Pontificibus
610 2040 727 2118 cuivis
747 2039 1005 2147 peregrinanti
1018 2039 1210 2134 Romam,
1235 2031 1423 2124 sedsalvis
1446 2035 1680 2124 conditioni·

102 2234 105 2239 .
237 2149 329 2253 bus,
349 2177 436 2266 quae
456 2144 581 2238 insunt
599 2145 865 2267 indulgentiis.
1331 2153 1334 2159 ’

349 2378 437 2463 XV.
494 2375 663 2479 unc.
689 2403 755 2460 ιι.
810 2374 1101 2462 &benedictus
1125 2374 1166 2458 S.
1190 2374 1377 2460 Gettrudi
1398 2403 1587 2490 apparent
1614 2378 1684 2464 aitr

59 2582 62 2587 .
243 2493 485 2604 Quicunque
512 2517 577 2575 me
597 2489 810 2575 admonere
826 2487 1009 2575 studuerit
1029 2484 1129 2574 illius
1154 2489 1373 2602 dignitatis,
1404 2518 1482 2603 qua
1502 2518 1571 2577 me
1596 2494 1684 2577 Do·

243 2610 370 2690 minus
394 2628 472 2687 tum
493 2598 662 2716 glorioso
682 2602 762 2688 fine
782 2604 962 2716 dignatus
984 2605 1038 2688 est
1060 2604 1255 2687 bonorare
1274 2629 1319 2685 ac
1339 2603 1575 2703 beatificare,
1596 2607 1685 2690 huic

139 2810 143 2818 ¹
244 2743 323 2830 ego
342 2721 382 2799 in
399 2717 496 2800 hora
515 2720 650 2801 mortis
672 2713 743 2803 surr
766 2713 832 2802 tali
848 2713 1036 2802 fidelitate
1064 2711 1161 2801 volo
1190 2713 1331 2813 adesse,
1355 2718 1469 2848 quod
1485 2719 1589 2804 certe
1612 2747 1685 2832 op·

74 2868 78 2875 r
241 2840 390 2945 ponam
408 2853 472 2911 me
491 2823 546 2913 illi
564 2857 612 2914 ex
630 2835 738 2915 omni
755 2856 876 2941 parte,
903 2856 982 2944 qut
1004 2829 1149 2914 videbo
1171 2829 1321 2914 infidias
1343 2834 1589 2918 inimicorum
1613 2860 1686 2918 no·

244 2946 366 3051 civius
398 2965 531 3027 contra
563 2947 683 3054 ipsum
720 2937 867 3042 saevire,
888 2967 940 3028 ut
980 2970 1067 3027 mea
1095 2942 1287 3055 praeseutia
1313 2941 1484 3029 munitus
1521 2942 1685 3060 laqueos

242 3059 488 3144 inimicorum
508 3057 647 3142 evadat
671 3051 821 3141 securus
840 3084 885 3141 ac
909 3052 1001 3142 coeli
1028 3058 1168 3171 gaudia
1190 3081 1299 3169 petat
1324 3055 1404 3141 sine
1427 3054 1508 3144 fine
1536 3059 1686 3144 beatus.

243 3171 288 3255 sn
305 3163 480 3284 bocipso
504 3174 628 3283 cupite
645 3175 684 3253 S.
703 3172 916 3256 Gerrrudes
939 3196 1077 3266 nanut,
1091 3166 1130 3254 se
1153 3167 1286 3256 vidisse
1304 3167 1449 3255 multos
1468 3176 1686 3259 benedidi-

168 3369 175 3376 ,
244 3311 319 3368 nos
336 3284 554 3370 damnatos.
604 3287 660 3369 ‘sn
679 3287 811 3369 iudice
828 3288 1102 3396 expurgatorio
1121 3286 1261 3368 merito
1279 3289 1526 3371 continentur
1548 3312 1686 3371 omnes

244 3399 427 3510 precandi
446 3391 635 3500 sormulae,
650 3402 692 3483 in
711 3396 855 3510 quibus
872 3403 1119 3481 continentur·
1136 3392 1273 3482 similes
1290 3397 1576 3510 promiffioner.
1607 3399 1686 3485 Sed

274 3510 373 3592 otest
394 3511 640 3623 responderi,
671 3507 938 3622 promissiones
962 3509 1071 3622 posse
1100 3507 1175 3595 esse
1205 3536 1337 3607 verus,
1365 3535 1510 3623 ¹utpote
1537 3509 1687 3626 semper

264 3628 270 3642 ’
316 3625 421 3705 ‘ntus
445 3629 560 3708 tacite
575 3623 626 3707 ad
646 3619 786 3707 limites
805 3629 990 3713 rationisr
1014 3629 1108 3737 quia
1132 3648 1263 3711 tamen
1283 3619 1368 3708 sunt
1393 3629 1564 3735 private,
1587 3631 1627 3709 δι
1643 3621 1686 3710 li·
1711 3728 1715 3735 ¹

120 3760 123 3765 ·
245 3739 627 3833 mirationesomnes
649 3737 675 3822 d
694 3730 845 3847 populo
866 3763 946 3821 non
963 3735 1116 3848 possunt
1141 3732 1337 3852 cognbscr',
1355 3738 1460 3824 tede
1475 3739 1686 3853 probiben-

244 3870 309 3934 tur
323 3843 447 3964 spargi
465 3847 509 3936 in
531 3844 739 3962 populum,
760 3872 831 3936 tut
852 3845 931 3964 legi
955 3846 1162 3964 ipopulo.

1589 4056 1681 4160 XVI}
