3796 4994
474 274 477 280 Ι
606 342 807 453 neveurss
827 348 881 452 de
903 348 1092 488 Agreda.
1108 357 1220 451 Pars
1239 357 1300 455 II.
1581 382 1672 487 ²9¹

232 535 443 668 operibat
466 556 667 642 creationis
697 558 824 670 primo
856 556 934 643 die.
1023 557 1185 643 Creatio
1218 554 1328 655 coeli,
1350 558 1391 637 dc
1420 555 1541 653 terrae,
1570 548 1681 658 lucit,
1853 632 1861 642 .

233 674 276 752 dr
312 663 558 780 Angelorum
588 675 661 758 &c
744 676 843 757 Tam
873 669 974 758 clare
998 669 1068 784 ipfi
1100 665 1433 783 praesentabantur,
1459 695 1505 753 ac
1531 669 1559 754 st
1587 668 1681 757 fuis,

230 777 288 1026 set
320 777 545 980 ¹lllalenll'ost
575 916 729 1011 raptum·
760 891 1016 1012 perseveravit
1036 916 1127 981 toto
1157 894 1223 982 die
1250 920 1363 982 orare
1392 893 1562 1010 expanfis
1593 923 1674 983 ma·

229 1004 414 1221 mbmla.
469 1123 514 1210 Β.
541 1124 592 1208 V.
617 1121 669 1206 ad
696 1150 763 1207 me
801 1124 924 1210 dixitr
948 1106 955 1115 ’
980 1127 1055 1209 Per
1094 1149 1240 1209 novem
1276 1116 1366 1208 illos
1404 1120 1488 1207 dies
1525 1119 1672 1236 spiritur

227 1255 338 1315 meus
370 1231 445 1319 fuit
472 1238 600 1321 unitus
637 1234 849 1323 invariabili
877 1235 1039 1324 essentiae
1063 1239 1215 1323 divina.
1308 1239 1462 1322 Notitia
1489 1235 1541 1323 de
1566 1265 1691 1346 creag

229 1348 323 1428 turis
352 1370 448 1431 tunc
473 1350 567 1432 mihi
599 1355 881 1436 communicata
915 1377 996 1437 etat
1030 1380 1080 1435 co
1149 1348 1365 1450 rehenfiva,
1401 1356 1442 1435 dc
1469 1376 1549 1436 erat
1579 1380 1667 1465 pet·

227 1453 371 1546 fedior
396 1486 443 1544 ea
470 1466 639 1561 notitia,
687 1490 807 1577 quam
847 1466 993 1552 babent
1025 1469 1153 1581 angel
1184 1465 1237 1548 de
1276 1469 1453 1548 creaturis
1490 1465 1665 1551 videndo
1832 1536 1838 1545 .

227 1575 361 1656 omnia
390 1579 431 1659 in
458 1578 598 1663 DEO;
638 1603 909 1694 necunquam
937 1607 1072 1664 eorum
1105 1583 1217 1692 potui
1244 1573 1438 1679 oblivisci,
1462 1603 1549 1692 quar
1575 1604 1668 1665 tunc
1798 1661 1802 1671 .

227 1683 414 1889 dldlmld.
467 1801 678 1901 Decebat‚
719 1826 763 1891 ut
798 1831 879 1901 ea,
919 1831 1008 1918 quae
1045 1828 1125 1895 etat
1158 1801 1287 1889 futura
1322 1802 1524 1888 mediatrix
1567 1808 1667 1889 inter

226 1907 382 1997 DEUM
416 1918 456 1997 dr
484 1917 722 2015 hominem,
758 1918 813 2004 de
848 1943 1018 2033 utroque
1049 1915 1200 2033 aliquid
1235 1921 1505 2031 participaret,
1540 1941 1664 2027 utque

224 2016 312 2158 lolo
332 2027 445 2113 ΒΕΘ
467 2035 622 2121 minor;
651 2036 793 2118 ceteris
815 2057 945 2119 autem
971 2033 1166 2136 omnibus,
1192 2058 1278 2147 quar
1302 2058 1387 2116 non
1408 2026 1492 2116 suot
1513 2031 1664 2130 DEUS,

225 2137 646 2352 malorrlffetlecuudo
689 2259 755 2347 die
782 2262 989 2346 Novennae
1022 2260 1157 2353 denuo
1195 2254 1343 2344 elevata
1370 2256 1421 2342 ad
1450 2174 1662 2343 videndum

222 2361 391 2458 DEUM.
450 2370 621 2456 Videbat
637 2394 731 2456 tunc
752 2400 870 2482 opera
890 2378 1119 2486 pertinentia
1136 2374 1187 2457 ad
1208 2370 1417 2469 secundum
1436 2371 1540 2456 diem
1557 2396 1662 2455 crea·

220 2478 359 2567 tionisr
385 2482 482 2568 vidit
501 2490 602 2569 enim
622 2486 851 2572 divifionem
871 2512 1073 2600 aquarum,
1097 2491 1135 2571 dr
1159 2491 1200 2569 in
1222 2485 1356 2570 medio
1377 2482 1660 2569 firmamentum
1810 2552 1817 2563 .

221 2613 315 2691 cum
336 2587 441 2679 coelo
458 2593 685 2708 crystallino,
702 2625 833 2711 aqueo
858 2606 1116 2686 communiter
1145 2599 1265 2683 duo.

342 2729 406 2802 ιε.
428 2737 491 2805 19·
515 2739 578 2796 ao.
608 2717 698 2795 Hoc
715 2710 886 2796 secundo
913 2711 979 2798 die
1002 2717 1119 2798 DEus
1140 2719 1182 2799 B.
1202 2714 1401 2823 Virginem
1423 2705 1559 2824 aliquo
1573 2734 1661 2793 mo·

221 2813 279 2899 do
298 2825 522 2933 participem
543 2825 714 2911 reddidit
732 2821 804 2910 suae
828 2830 1146 3023 omnipotentior
1191 2821 1356 2911 contulit
1378 2829 1480 2910 enim
1501 2819 1556 2909 illi
1576 2817 1661 2934 ple·
1829 2874 1832 2879 -

218 2935 361 3017 narum
381 2940 609 3045 potestatem
633 2941 674 3022 in
690 2943 854 3025 influxus
878 2967 941 3026 coe
955 2969 1081 3036 orum,
1099 2935 1354 3051 planetarum,
1378 2943 1417 3021 dc
1442 2934 1659 3040 elemento-

218 3066 318 3143 tum,
338 3048 476 3136 addito
493 3053 694 3150 mandato,
720 3076 762 3136 ut
783 3055 865 3137 hac
889 3060 1019 3140 omnia
1039 3048 1097 3139 illi
1127 3054 1347 3138 obedireou
1428 3055 1545 3150 Ratio
1569 3071 1655 3133 tan·

217 3174 265 3237 ta
293 3163 491 3267 potestatis
522 3190 603 3249 erat
635 3169 750 3249 etiam
777 3168 879 3255 baca
921 3173 1013 3282 quia
1033 3163 1111 3281 ipsa
1134 3190 1313 3279 exempta
1333 3163 1406 3249 fuit
1432 3162 1456 3249 d
1481 3184 1647 3358 peccato

218 3270 396 3381 originali
424 3280 463 3358 ἀ
491 3282 571 3384 ejus
599 3273 788 3393 sequeliss
823 3285 959 3396 itaque
981 3308 1064 3368 non
1093 3279 1285 3379 decebat,
1312 3302 1355 3363 ut
1387 3282 1482 3361 invo
1500 3298 1650 3361 ceretu
1811 3290 1816 3301 “
1855 3336 1871 3367 .

216 3394 414 3471 communi
434 3386 619 3475 sententia
637 3417 773 3477 contra
799 3397 975 3504 posteros
1010 3395 1132 3493 abda,
1159 3419 1293 3480 contra
1315 3418 1417 3508 quos
1454 3393 1569 3474 DEua
1592 3413 1652 3472 ar·

215 3500 335 3581 mavit
360 3527 496 3588 omnes
527 3530 727 3591 creaturas.
809 3509 914 3592 Nam
941 3506 969 3593 sr
997 3507 1066 3621 ipfi
1090 3503 1241 3595 fuillent
1267 3506 1496 3594 obedientes
1520 3505 1649 3604 DEO,

215 3628 298 3691 non
317 3606 468 3701 fuilsent
490 3616 580 3729 palii
608 3617 915 3705 inobedientiam
943 3626 982 3705 dc
1007 3619 1244 3708 molestiaral
1273 3626 1462 3707 creaturis.
1542 3619 1650 3730 Quia

210 3743 324 3920 iii
341 3728 552 3931 “lilii
568 3740 1283 3935 “alileaiizffiiiil
1292 3729 1650 3933 adilinda?
1685 3866 1688 3872 ·

208 3948 307 4049 jeria
327 3864 452 4055 ralatri,
474 3984 561 4069 qua
577 3953 660 4044 lunt
681 3959 847 4061 sublesta
870 3957 967 4061 filio,
983 3879 1071 4047 c'tlllr
1092 3968 1132 4047 dr
1150 3962 1229 4074 ipse
1255 3961 1299 4046 fit
1319 3960 1504 4068 subjectus
1521 3959 1645 4040 matri.

210 4053 353 4150 Noluit
371 4088 501 4156 tamen
519 4072 599 4157 boc
620 4069 825 4188 privilegio
851 4080 905 4161 uti
923 4077 979 4163 'ad
1001 4074 1104 4278 sgaron
1116 4075 1451 4280 pommoditatem
1468 4066 1646 4278 plauci?
