3796 4994
212 349 316 453 304
596 255 1302 450 uevruadergremmm

57 541 59 544 ’
207 525 324 618 vites,
346 496 569 603 hahuerunt
585 521 702 604 etiam
730 518 893 605 domum
914 523 956 603 in
983 518 1163 617 Hebron,
1185 524 1226 602 δι
1250 522 1290 601 in
1311 511 1490 630 pluribus
1505 504 1591 601 aliis
1606 510 1663 600 lo·

214 641 282 722 cis.
366 635 565 718 Zacharias
584 633 686 717 obiit
702 657 847 748 quarto
869 633 1001 717 mense
1022 637 1111 749 post
1131 636 1386 718 Nativitatem
1407 631 1567 718 Christi.
1620 632 1682 715 Et‘

212 752 298 836 haec
317 743 501 832 sufficiant
521 772 595 858 pro
618 743 874 859 dilucidando
903 746 1054 848 dubio,
1080 746 1148 832 ubi
1170 749 1315 832 steten
1346 744 1494 830 domus
1524 744 1667 828 zacha·

102 960 113 981 ·
215 860 881 1101 shisslasahhsslls
897 859 1362 1076 suasanus
1379 858 1668 1086 mh

199 1088 889 1202 ³

216 1312 402 1405 revelavit
412 1230 557 1428 yaliquis
576 1234 748 1429 anlgelus,
772 1344 892 1432 quem
915 1343 963 1403 ex
984 1320 1152 1426 injuncta
1174 1232 1270 1400 rlrhi
1294 1313 1529 1401 obedientia
1553 1314 1670 1400 debui

217 1431 273 1518 de
294 1433 695 1544 hacreinterrogare.
1604 1518 1618 1540 ,

338 1572 438 1629 ara.
478 1547 517 1628 S.
548 1540 694 1657 Joseph
719 1538 874 1658 aliquot
900 1540 1064 1658 passibus
1093 1539 1316 1656 praecedens
1349 1546 1462 1626 venit
1490 1544 1669 1655 prioris

223 1658 389 1743 domum
415 1660 616 1754 Zacharia,
640 1657 708 1743 ubi
732 1683 876 1743 vocans
901 1656 1137 1742 domesticos
1157 1656 1331 1742 dicebat:
1366 1658 1577 1742 Dominus
1602 1685 1670 1742 uo·

221 1774 374 1857 hiscum
400 1772 457 1873 fit,
472 1778 513 1855 δι
534 1766 682 1883 repleat
704 1775 852 1858 animas
870 1773 1015 1858 vestras
1038 1768 1103 1858 sua
1133 1771 1265 1854 divina
1286 1773 1418 1891 gratia.
1506 1768 1670 1855 Elisabe-

221 1888 298 1972 thae
316 1892 394 1993 jam
413 1882 540 1970 fuerat
551 1891 657 1998 prius
682 1881 907 1984 revelatum,
933 1908 1134 1971 venturam
1159 1885 1336 1972 Mariam.
1408 1885 1557 1996 Itaque
1582 1911 1671 1998 pro·

221 1997 326 2086 cessit
342 1995 398 2086 illi
422 2000 605 2088 obviamr
633 2024 802 2085 attamen
815 2003 938 2085 Maria
954 2004 1062 2114 prior
1073 1996 1178 2093 illam
1194 1993 1381 2094 salutavit,
1399 1995 1560 2083 dcent:
1588 2002 1670 2084 Do

168 2118 172 2127 '
220 2116 350 2199 minus
369 2137 523 2214 tecum,
542 2111 766 2199 Chariistma
794 2135 973 2227 cognata.
1059 2112 1277 2225 Respondit
1299 2108 1515 2196 Elisabeth:
1563 2114 1670 2197 Idem

220 2227 423 2358 Doninus'
446 2225 518 2313 tibi
540 2226 751 2340 rependat,
777 2226 893 2342 quod
920 2224 974 2310 ad
1000 2251 1127 2312 meam
1159 2221 1471 2312 consolationem
1499 2226 1583 2313 huc
1608 2254 1668 2313 ve·

219 2364 335 2425 nens.
1011 2384 1022 2402 ι
1338 2389 1340 2392 -

341 2479 439 2556 ¹¹4·
467 2457 512 2538 B.
534 2458 584 2540 V.
607 2452 740 2540 adme
758 2451 874 2539 dixit:
909 2448 966 2536 ob
989 2449 1199 2540 naturalem
1221 2448 1528 2566 compassionem
1552 2459 1670 2570 impe

223 2568 321 2655 travi
340 2567 543 2655 animabus
564 2564 696 2655 omnia
715 2569 835 2666 bona,
859 2564 1089 2682 temporalia
1115 2574 1154 2653 ἃ
1176 2562 1389 2682 spiritualia.

232 2730 236 2737 -
281 2740 285 2747 ·
342 2711 390 2769 er
403 2709 440 2784 ς.
468 2684 687 2783 Omnibus,
704 2687 774 2799 qui
791 2705 1048 2798 peceaverunt
1069 2688 1110 2770 in
1126 2682 1301 2781 Adamo,
1325 2705 1457 2769 uterus
1478 2706 1670 2771 maternus

222 2787 610 2907 servitprocarcere.
831 2856 834 2861 -

291 2970 294 2975 ·
341 2923 439 2993 aaa.
476 2911 565 2995 Erat
590 2915 751 2995 onavus
778 2933 872 2994 tunc
905 2911 988 2995 dies
1018 2912 1107 3024 post
1134 2911 1474 3012 lncamationtm,
1504 2912 1668 3028 quando

225 3025 269 3106 u
290 3022 414 3137 Virgo
433 3017 605 3110 salutavit
624 3018 828 3109 Elisabeth.
881 3031 993 3108 Tunc
1011 3024 1179 3108 chrislus
1199 3030 1240 3109 in
1259 3049 1372 3108 utero
1391 3048 1575 3111 materno
1594 3053 1669 3112 ere·

80 3191 87 3207 -
223 3141 282 3236 xit
300 3132 339 3221 se
359 3147 401 3223 in
425 3163 563 3252 genua,
584 3134 795 3250 &rogavit
815 3134 1012 3224 coelestem
1029 3142 1195 3244 Patrem,
1217 3163 1262 3224 ut
1287 3135 1469 3225 liberaret
1492 3140 1536 3227 S.
1553 3145 1669 3247 Joan·

221 3273 312 3335 nem
335 3249 539 3364 dpereato
557 3247 746 3367 originali.

343 3388 438 3459 218.
471 3368 646 3483 Qrando
666 3369 787 3453 Maria
815 3361 988 3452 salutavit
1008 3361 1199 3452 Elisabeth
1226 3369 1269 3449 in
1294 3362 1479 3451 cubiculo
1503 3365 1669 3454 secunda

224 3474 324 3572 uice,
350 3480 544 3564 dicendo:
572 3478 725 3567 DEUS
743 3486 782 3565 ie
790 3478 961 3596 plutei,
983 3489 1143 3615 cognata
1170 3506 1251 3566 mea
1271 3476 1510 3590 Charrffirna,
1536 3478 1599 3577 Θ*
1616 3478 1667 3568 di·

223 3592 360 3675 uinum
389 3588 511 3683 iumen
539 3592 602 3680 dei
627 3589 697 3679 tibi
720 3597 885 3712 graiium
914 3592 974 3691 65
999 3605 1137 3693 oriam,
1166 3597 1286 3680 DEus
1313 3593 1455 3680 infudit
1482 3600 1524 3682 S.
1549 3597 1668 3699 Joan·

224 3707 266 3788 ni
286 3703 593 3813 perfeniffimum
615 3705 723 3793 usum
746 3713 928 3807 rationis,
952 3734 996 3795 ut
1016 3709 1055 3794 se
1078 3706 1299 3821 disponeret
1320 3710 1372 3793 ad
1390 3715 1554 3820 gratiam
1578 3713 1669 3795 teci·

224 3818 436 3926 piendam-3
472 3828 513 3905 δι
529 3829 569 3909 in
587 3825 661 3908 hac
680 3826 956 3936 preparatione
985 3822 1062 3909 fuit
1088 3827 1290 3917 mandatus
1311 3822 1335 3909 d
1356 3849 1524 3936 peccato
1554 3829 1667 3940 origi·

143 3991 151 4005 .
190 4010 194 4019 ,
225 3931 320 4028 nali.¹
397 3938 549 4023 Eodem
575 3962 755 4049 ternpore
787 3939 883 4023 vidit
911 3943 1083 4042 Joannes
1106 3940 1299 4023 Christum
1322 3965 1393 4048 per
1416 3962 1573 4024 utenrm
1599 3947 1667 4025 vir·

226 4054 387 4165 gineum
417 4076 604 4168 tanquam
626 4081 698 4169 per
715 4046 951 4166 crystallum
979 4079 1098 4168 quern
1118 4057 1232 4166 proin
1256 4054 1560 4166 flexis-genibus
1578 4056 1668 4139 ado·

320 4216 325 4225 ·
724 4229 726 4233 η
1562 4193 1665 4269 ravit.
