3796 4994
618 272 791 408 Regulae
805 294 873 369 'ex
894 267 1014 370 Card.
1039 265 1093 368 de
1109 271 1314 369 Laurea:
1587 302 1685 407 ¹¹7

212 477 345 568 sternat
368 484 488 566 inter
506 477 696 564 morbum
721 481 875 575 mentis,
895 481 936 562 dt
956 474 1126 563 morsum
1153 473 1365 589 serpentis?
1393 481 1685 594 quantumlibet
1766 585 1769 589 ⁴

214 602 299 683 enim
328 601 432 710 quis
454 601 573 678 omni
594 596 765 679 custodia
790 589 911 678 servet
931 590 1151 689 corsuum,
1178 598 1218 674 ἂ
1247 600 1386 676 omnin
1411 625 1499 708 quae
1520 601 1619 681 intra
1641 595 1681 683 se

216 739 439 811 moventur,
471 706 751 824 vigilantiffima
780 713 999 794 intentione
1025 706 1228 803 observet,
1255 712 1371 791 etiam
1402 711 1429 794 fi
1459 711 1684 797 diuturnum
1740 739 1745 755 ·

220 827 312 912 forte
331 832 376 909 in
407 829 472 909 his
494 826 674 908 habuerit
699 828 936 919 exercitium,
967 828 1006 905 δι
1025 820 1217 935 -frequens
1240 826 1566 931 experimentum
1599 855 1683 911 non

221 947 361 1057 poterit
381 966 520 1026 tamen
547 940 598 1023 ad
651 967 758 1022 urum
781 944 821 1021 in
845 934 883 1021 se
905 933 1145 1051 dignoscere,
1167 936 1428 1023 discernereve
1451 935 1596 1023 malum
1622 948 1683 1026 in·

223 1082 351 1141 netum
384 1061 428 1139 de
451 1051 596 1139 malum
615 969 867 1140 domatum·
896 1046 1152 1136 nam-delicta
1177 1055 1267 1163 quis
1294 1046 1506 1166 intelligit?
1532 1058 1581 1140 Et
1605 1084 1684 1169 ego

226 1200 299 1257 non
329 1166 491 1283 poffum
522 1170 674 1254 tradere
703 1171 817 1252 vobis
839 1171 952 1280 quod
971 1193 1054 1251 non
1084 1175 1230 1276 accepi.
1289 1169 1388 1250 Non
1417 1192 1548 1253 autem
1574 1190 1694 1256 acce·'

228 1292 276 1400 pi,
297 1284 449 1383 fateor,
475 1286 581 1369 unde
601 1281 782 1399 affignem
801 1308 943 1367 certam
963 1285 1171 1367 notionem
1191 1284 1291 1365 inter
1312 1309 1467 1393 partum
1487 1285 1629 1388 cordis,
1644 1290 1685 1368 dc
1841 1339 1844 1342 >

230 1400 471 1489 seminarium
497 1402 629 1485 hostis.
877 1426 879 1431 ·
1435 1406 1439 1425 ²

333 1585 508 1716 Regula
549 1612 628 1697 η.
678 1579 857 1718 Itaque
895 1591 1053 1688 etiam
1088 1580 1153 1689 de
1183 1581 1373 1689 Sandis
1406 1578 1548 1687 cetto
1585 1584 1688 1688 sciri

235 1755 342 1830 non
377 1722 564 1860 potest,
599 1743 778 1827 utrum
812 1734 864 1828 in
901 1757 1082 1833 eorum
1120 1722 1399 1844 Edafibu's,
1436 1725 1515 1851 vei
1549 1759 1685 1830 teve·

237 1863 512 1972 latronibus
549 1863 895 1972 determinatis
929 1902 1038 1975 non
1065 1878 1370 1976 interveniat
1402 1864 1695 1995 fraudulen·'¹

242 2034 287 2116 ta
322 2008 567 2150 suggestio
604 2005 884 2130 doemonis,
917 2014 1005 2115 nist
1027 2022 1094 2144 in
1129 2009 1389 2116 individua
1425 2007 1579 2117 inan
1607 2008 1687 2117 vel

246 2152 547 2261 revelatione
603 2146 888 2260 habeantur
954 2139 1174 2290 positiva
1232 2154 1368 2290 figna
1426 2153 1745 2285 moraliter„

248 2320 400 2415 certa,
426 2291 672 2402 exclufiva
695 2306 868 2401 omnis
888 2293 1185 2402 formidinis.
1257 2324 1443 2435 sequitur
1469 2323 1551 2404 haec
1575 2346 1697 2434 regne

247 2431 341 2523 lrex
361 2437 623 2551 precedente.

342 2612 513 2742 Regula
566 2643 644 2708 η.
700 2576 1061 2712 Revelationes
1104 2642 1166 2711 ex
1210 2602 1358 2711 DEO
1404 2636 1516 2709 non
1559 2605 1696 2725 sunt,

253 2751 454 2973 duam
487 2772 776 2974 ressugnant
808 2747 927 2854 fidei
954 2758 1083 2857 circa
1106 2749 1301 2891 agenda
1330 2749 1408 2858 vel
1430 2746 1694 2900 credendo
1845 2886 1847 2891 ,

194 2966 198 2973 .
291 2918 361 2976 .n.
385 2918 482 2994 374·
573 2913 663 2974 atet.

203 3132 211 3146 .
345 3058 516 3186 Regula
550 3069 625 3177 2'3·
674 3040 894 3159 Cett'um
936 3052 1147 3193 quidem
1182 3051 1276 3168 est,
1312 3046 1698 3155 illustrationem

253 3196 333 3302 eise
369 3196 401 3298 ὲ
437 3193 574 3313 De0,
610 3196 821 3332 quando
850 3195 914 3302 ad
952 3200 1158 3300 bonum
1182 3191 1472 3329 profedum
1495 3199 1694 3312 incitat,
1836 3228 1840 3232 ·

257 3339 320 3444 itd
355 3334 462 3442 hoc
496 3338 660 3474 ipsum
698 3366 896 3445 certum
932 3341 1176 3457 nonest,
1212 3337 1354 3476 quod
1391 3345 1444 3440 in
1480 3339 1525 3440 se
1561 3328 1737 3445 vide-f

257 3480 587 3598 rothonum,
623 3478 653 3585 d
688 3474 1057 3613 doemone'hic
1091 3478 1144 3587 ὃ(
1178 3511 1320 3586 nunc
1352 3511 1462 3586 non
1500 3478 1696 3583 ordina·

259 3625 383 3728 fiad
421 3623 636 3728 malum.
716 3647 824 3748 ibid.
855 3630 895 3729 n.
922 3673 1015 3747 377.
1089 3640 1291 3731 Probatur
1329 3672 1379 3727 ex
1415 3642 1454 3730 S.
1483 3636 1701 3759 Augustino

262 3763 299 3849 dt
323 3769 427 3851 Gen.
447 3767 499 3848 ad
519 3767 608 3848 Lite
633 3766 675 3847 L
710 3791 774 3846 tr.
810 3764 862 3845 C.
901 3790 965 3864 ¹3·
1034 3755 1226 3842 Discretio
1259 3753 1348 3842 sane
1378 3754 1599 3841 difficillima
1629 3757 1698 3865 est,

264 3903 333 3963 urm
360 3878 509 3992 spiritus
531 3874 721 4000 malignus
746 3875 854 3988 quafi
879 3868 1107 3986 tranquillus
1131 3881 1223 3984 agit,
1253 3900 1297 3956 ac
1319 3870 1398 3955 stne
1425 3876 1632 3954 vexatione
1655 3893 1706 3999 aja

267 3984 352 4105 lique
374 3997 558 4128 eorporis
579 3991 767 4148 assotnpto
789 3991 966 4120 huorono.
984 3988 1110 4127 spiritu
1131 3988 1240 4082 dicit,
1260 3988 1374 4100 quod
1393 3986 1545 4096 potede
1574 4004 1704 4178 qdand

272 4104 447 4211 irenem
477 4133 571 4193 vert
603 4106 724 4206 drot,-
749 4101 928 4217 &nolu
959 4105 1156 4321 pssaedtcat.
1230 4099 1488 4214 transfigurat
1513 4095 1704 4320 ssediptdrln
