3796 4994
341 294 346 304 ’
476 278 763 436 Meriones
780 297 842 417 Θ·
855 308 965 410 uita
983 310 1149 412 Mart'ae
1165 310 1220 409 de
1242 316 1432 458 Agredu.
1567 328 1670 446 '475
1806 314 1814 323 ’

228 516 319 601 Mea
329 508 419 612 fila,
433 541 515 599 non
534 516 608 600 tibi
625 512 780 600 difficile
796 515 876 600 hoc
886 517 1110 603 mandatum
1127 517 1287 637 accidat,
1297 546 1375 632 ego
1389 520 1461 605 tibi
1480 517 1635 606 affistam
1652 566 1673 590 ·

218 635 312 714 neni
330 631 381 713 ad
400 656 484 730 me,
509 657 555 714 ac
583 644 675 742 pete
696 630 721 716 i
744 658 809 714 me
835 626 1034 716 consilium
1063 679 1083 699 ·
1153 636 1210 716 Ex
1238 660 1290 716 eo
1309 638 1374 717 die
1396 644 1438 718 ll.
1458 641 1583 748 Virgo
1603 662 1671 723 me

222 746 359 841 audiit,
384 772 449 829 me
467 745 649 848 instruxit,
677 749 718 831 δι
738 739 995 844 illuminavit,
1024 751 1064 830 δι
1086 749 1368 858 mylletia'vitae
1391 748 1462 834 suae
1485 753 1579 833 mihi
1610 778 1672 835 re·
1745 798 1753 808 ·

224 855 380 955 velavit,
406 855 609 971 presertim
630 858 771 943 diebus
792 857 907 944 fellis.
936 859 1198 971 lleperebatut
1219 865 1334 946 etiam
1364 859 1492 975 saepius
1508 865 1672 950 manda·

222 986 306 1057 turn
328 972 517 1069 divinum,
536 997 579 1056 ut
594 998 654 1071 ea,
683 1000 771 1086 quae
790 1001 860 1086 per
878 971 1157 1058 revelationem
1177 998 1426 1170 apuoveram,
1443 972 1670 1069 scriberem

225 1090 319 1198 quia
347 1087 456 1169 Deus
484 1082 713 1185 declaravit,
742 1083 780 1171 se
798 1114 844 1171 ea
863 1088 957 1171 mihi
976 1087 1120 1173 diblare
1142 1117 1192 1174 ue
1220 1116 1258 1173 e.
1314 1096 1416 1175 Huic
1436 1093 1572 1181 divinae
1595 1120 1669 1179 vo·
1824 1194 1829 1201 ¹

221 1194 373 1297 luntati,
388 1227 504 1312 quam
522 1203 739 1285 constanter
753 1207 911 1315 agnovi,
935 1201 1073 1286 decem
1092 1207 1199 1287 annis
1213 1206 1343 1305 restiti,
1358 1207 1489 1292 donec
1509 1207 1669 1295 tandem

219 1311 321 1398 lianc
342 1314 512 1397 divinam
532 1316 614 1399 llisl
665 1320 737 1400 ‘am
757 1314 921 1400 scribere
944 1318 1167 1430 inceperim:
1261 1356 1264 1363 ·
1539 1392 1542 1397 .

187 1474 193 1485 ·
339 1444 378 1521 8.
423 1429 529 1521 Cum
558 1431 612 1513 de
674 1455 726 1515 oc
751 1429 938 1516 mandato
962 1431 1100 1516 divino
1127 1426 1318 1517 scribendi
1343 1435 1452 1520 istam
1473 1437 1669 1521 historiam

223 1536 440 1626 conferrem
463 1567 551 1626 cum
572 1549 669 1628 meis
695 1539 869 1658 angelis,
904 1570 1012 1657 quos
1039 1548 1150 1631 Deus
1167 1548 1210 1633 in
1231 1546 1334 1629 hunc
1352 1548 1468 1632 finem
1497 1579 1571 1662 pto
1586 1546 1669 1633 alfi-

222 1656 355 1754 slentia
373 1658 466 1739 milri
490 1657 763 1769 deputaverat,
795 1663 834 1740 δι
852 1657 1110 1744 obtenderem
1126 1685 1252 1743 nream
1288 1661 1581 1763 inhabilitatem,
1603 1661 1667 1747 sat-

220 1774 308 1880 pius
332 1771 425 1853 mihi
445 1768 746 1882 responderunt,
773 1773 873 1855 hanc
898 1767 973 1855 else
996 1769 1238 1856 voluntatem
1261 1774 1353 1871 Dei,
1374 1800 1417 1860 ot
1433 1776 1589 1860 scribam
1609 1779 1667 1858 vi-

221 1905 301 1966 tam
323 1887 364 1964 B.
384 1886 562 1995 Virginis.
619 1882 749 1972 Semel
765 1884 815 1970 lic
830 1885 924 1969 mihi
937 1886 1292 1972 concionabantur:
1323 1932 1343 1955 ·
1393 1895 1559 1976 Tantam
1582 1915 1666 1973 cet·

205 1997 431 2092 'titudinem
450 1999 600 2095 habetis
613 2027 686 2084 vos
712 2001 892 2083 homines
913 2000 964 2084 de
980 1995 1182 2086 voluntate
1199 2003 1277 2086 Dei
1295 2028 1364 2114 per
1384 2004 1665 2119 obedientiam,

219 2114 404 2223 quantam
425 2138 499 2197 nos
513 2114 787 2227 habemusper
804 2112 990 2209 visionem
1006 2119 1231 2203 intuitivam'
1244 2117 1335 2202 Dei.
1362 2168 1378 2185 -
1438 2120 1575 2231 ltaque
1596 2143 1663 2200 co·
1776 2200 1785 2204 -

219 2230 321 2338 gira,
352 2227 430 2311 hoc
457 2225 671 2342 praecepisse
702 2254 792 2315 tuos
820 2223 1032 2341 superiores
1053 2278 1076 2297 ··
1135 2229 1312 2344 Quodsi
1337 2232 1564 2317 obedientia
1589 2229 1663 2317 tibi
1689 2272 1702 2297 ,-

216 2345 382 2444 iniuncta
406 2348 621 2427 contineret
655 2341 804 2457 aliquid
832 2344 1034 2442 indecens,
1060 2346 1171 2429 Deus
1198 2343 1241 2427 id
1262 2346 1301 2429 in
1326 2370 1398 2431 tuo
1420 2345 1569 2431 calamo
1592 2352 1663 2429 im·

217 2454 371 2566 pediret
393 2482 464 2568 per
482 2454 719 2555 miraculum,
738 2463 1005 2545 &innovaret
1028 2458 1109 2543 hoc
1128 2453 1366 2558 miraculum,
1385 2461 1501 2575 quod
1522 2461 1663 2574 perpor'

218 2573 334 2657 travit
355 2584 444 2653 'curn
467 2570 705 2657 Abrahamo.
754 2610 774 2625 ··
903 2622 906 2627 ·
981 2594 985 2601 ·

171 2757 181 2779 .
245 2694 250 2717 ²
335 2710 375 2779 9.
402 2685 574 2768 Eandem
597 2681 839 2769 voluntatem
856 2626 1150 2773 aemendatum
1169 2684 1248 2769 Dei
1274 2686 1313 2770 in
1340 2680 1471 2772 multis
1494 2683 1576 2773 aliis
1591 2713 1663 2774 oc·

218 2792 434 2881 calonibus
456 2802 548 2882 mihi
570 2796 782 2890 declaravit·
802 2802 843 2885 S.
866 2796 1047 2886 Michael.

338 2938 401 2994 ιο.
430 2905 538 2997 Ultra
554 2916 621 2997 has
636 2910 956 3029 revelationes&
979 2909 1085 3012 alias,
1105 2915 1144 2998 in
1167 2913 1311 3028 quibus
1336 2914 1569 3001 demandata
1586 2913 1661 3001 fuit

217 3018 422 3137 descriptio
450 3031 535 3110 vitae
556 3032 601 3110 B.
621 3032 694 3128 V„
717 3030 827 3112 Deus
847 3023 1006 3139 ipsemet
1024 3033 1066 3113 in
1086 3035 1242 3140 propria
1258 3025 1662 3139 personairnmediare
1695 3056 1702 3063 ·

216 3134 408 3249 saepiliime
427 3142 468 3222 δι
483 3137 679 3225 multoties
695 3143 795 3227 hanc
817 3140 880 3229 ina
980 3136 1178 3228 iuuenem
1196 3140 1584 3241 mihimenifeilavit,
1602 3143 1662 3226 di-

218 3277 311 3337 cens
336 3298 355 3347 r
385 3280 489 3340 nunc
510 3257 564 3341 est
584 3251 764 3341 voluntas·
793 3280 917 3356 mea,
1046 3253 1207 3351 scribare
1228 3284 1281 3345 ne
1301 3254 1471 3356 recuses,
1492 3253 1561 3343 sed
1577 3254 1661 3343 &o

216 3367 423 3454 obediens.
486 3374 496 3405 ³
884 3382 887 3391 '
965 3384 969 3395 '
1454 3398 1457 3405 ’
1655 3430 1660 3437 -

336 3511 400 3568 ιι.
427 3486 520 3566 Hac
543 3486 675 3567 omnia
691 3506 821 3569 tamen
850 3508 932 3571 non
952 3482 1109 3572 fuerunt
1127 3481 1343 3570 sufficientia
1357 3483 1408 3570 ad
1422 3511 1487 3570 me
1503 3510 1662 3597 penno·

217 3594 403 3699 rendum,
422 3621 466 3681 ut
478 3595 681 3681 scriberem
700 3601 806 3683 illam
827 3604 959 3698 vitam,
972 3602 1038 3685 nist
1057 3596 1311 3686 intercessisset
1327 3600 1554 3686 obedientia
1569 3623 1662 3713 erga
1684 3608 1687 3612 “

215 3714 458 3827 Superiores,
475 3740 548 3823 pto
578 3739 747 3827 quorum
766 3707 1015 3825 illustratione
1039 3717 1173 3829 rogavi
1190 3717 1337 3800 Deum.
1656 3808 1659 3813 ,

336 3856 400 3913 ιι.
428 3827 544 3911 Satan
567 3848 731 3941 quoque
749 3825 894 3912 incuiiit
913 3829 1006 3912 milri
1026 3854 1190 3941 magnos
1215 3853 1353 3927 metus,
1366 3847 1410 3910 ut
1430 3823 1661 3920 desisterem,

215 3939 419 4027 &uitiiset
436 3967 563 4025 meam
591 3945 806 4053 ignaviam,
838 3940 905 4027 nili
936 3966 1115 4026 meorum
1134 3944 1382 4054 Superiorum
1402 3945 1542 4025 invicia
1562 3945 1659 4021 cona·

214 4059 346 4141 stantia
366 4083 430 4140 me
457 4056 664 4141 animasset.
720 4061 790 4141 His
811 4085 893 4141 non
911 4055 1151 4141 obstantibus
1166 4084 1247 4141 tem
1264 4048 1403 4150 distuli,
1423 4048 1501 4149 seu,
1516 4078 1559 4136 ιιι
1577 4078 1661 4135 me-

213 4167 289 4295 lius
310 4172 450 4270 dicam,
480 4164 613 4257 mulne
626 4240 629 4245 .
642 4175 752 4259 aunis
770 4175 907 4273 restiti,
935 4184 1093 4285 meque·
1109 4171 1343 4259 obedientiae
1362 4165 1549 4283 opposui,
1573 4190 1662 4371 opp:

948 4291 1027 4374 00
1045 4312 1128 4373 oa
1573 4308 1598 4367 a
1770 4348 1773 4353 .
