<?xml version="1.0" encoding="UTF-8"?>
<!DOCTYPE html PUBLIC "-//W3C//DTD XHTML 1.0 Transitional//EN"
    "http://www.w3.org/TR/xhtml1/DTD/xhtml1-transitional.dtd">
<html xmlns="http://www.w3.org/1999/xhtml" xml:lang="en" lang="en">
 <head>
  <title>
</title>
<meta http-equiv="Content-Type" content="text/html;charset=utf-8" />
  <meta name='ocr-system' content='tesseract 3.04.00' />
  <meta name='ocr-capabilities' content='ocr_page ocr_carea ocr_par ocr_line ocrx_word'/>
</head>
<body>
  <div class='ocr_page' id='page_1' title='image "./derevelationibu00amorgoog_0738.png"; bbox 0 0 3796 4994; ppageno 0'>
   <div class='ocr_carea' id='block_1_1' title="bbox 606 352 1707 509">
    <p class='ocr_par' dir='ltr' id='par_1_1' title="bbox 606 352 1707 509">
     <span class='ocr_line' id='line_1_1' title="bbox 606 352 1707 509; baseline 0.002 -50"><span class='ocrx_word' id='word_1_1' title='bbox 606 352 873 509; x_wconf 41' lang='lat' dir='ltr'>nevel*</span> <span class='ocrx_word' id='word_1_2' title='bbox 887 355 1073 491; x_wconf 82' lang='lat' dir='ltr'>Agreda.</span> <span class='ocrx_word' id='word_1_3' title='bbox 1096 364 1205 456; x_wconf 80' lang='lat' dir='ltr'>Pars</span> <span class='ocrx_word' id='word_1_4' title='bbox 1217 363 1296 461; x_wconf 76' lang='lat' dir='ltr'>m.</span> <span class='ocrx_word' id='word_1_5' title='bbox 1559 387 1622 484; x_wconf 80' lang='lat'>43</span> <span class='ocrx_word' id='word_1_6' title='bbox 1637 387 1669 485; x_wconf 77' lang='grc' dir='ltr'>ς,</span> <span class='ocrx_word' id='word_1_7' title='bbox 1704 456 1707 461; x_wconf 87' lang='grc'>.</span> 
     </span>
    </p>
   </div>
   <div class='ocr_carea' id='block_1_2' title="bbox 210 532 1665 2849">
    <p class='ocr_par' dir='ltr' id='par_1_2' title="bbox 214 532 1664 705">
     <span class='ocr_line' id='line_1_2' title="bbox 214 532 1664 705; baseline -0.003 -56"><span class='ocrx_word' id='word_1_8' title='bbox 214 556 401 649; x_wconf 77' lang='lat' dir='ltr'>visionem</span> <span class='ocrx_word' id='word_1_9' title='bbox 411 563 750 705; x_wconf 61' lang='lat' dir='ltr'>Dtiintuitivagr„</span> <span class='ocrx_word' id='word_1_10' title='bbox 785 532 805 571; x_wconf 63' lang='lat'>¹</span> <span class='ocrx_word' id='word_1_11' title='bbox 863 578 950 677; x_wconf 78' lang='lat' dir='ltr'>&#39;rrea</span> <span class='ocrx_word' id='word_1_12' title='bbox 960 560 1209 649; x_wconf 72' lang='lat' dir='ltr'>anniversaria</span> <span class='ocrx_word' id='word_1_13' title='bbox 1219 561 1407 650; x_wconf 76' lang='lat' dir='ltr'>memorii</span> <span class='ocrx_word' id='word_1_14' title='bbox 1419 588 1505 648; x_wconf 90' lang='lat' dir='ltr'>cum</span> <span class='ocrx_word' id='word_1_15' title='bbox 1515 562 1664 687; x_wconf 50' lang='lat' dir='ltr'>ang*</span> 
     </span>
    </p>

    <p class='ocr_par' dir='ltr' id='par_1_3' title="bbox 217 673 1663 906">
     <span class='ocr_line' id='line_1_3' title="bbox 217 673 1601 765; baseline -0.001 -3"><span class='ocrx_word' id='word_1_16' title='bbox 217 673 428 764; x_wconf 84' lang='lat' dir='ltr'>celebravit</span> <span class='ocrx_word' id='word_1_17' title='bbox 440 679 528 760; x_wconf 83' lang='lat' dir='ltr'>boc</span> <span class='ocrx_word' id='word_1_18' title='bbox 553 674 689 761; x_wconf 88' lang='lat' dir='ltr'>festum</span> <span class='ocrx_word' id='word_1_19' title='bbox 721 686 792 762; x_wconf 76' lang='lat' dir='ltr'>can</span> <span class='ocrx_word' id='word_1_20' title='bbox 910 683 972 763; x_wconf 89' lang='lat' dir='ltr'>··in</span> <span class='ocrx_word' id='word_1_21' title='bbox 996 678 1160 765; x_wconf 90' lang='lat' dir='ltr'>modum</span> <span class='ocrx_word' id='word_1_22' title='bbox 1187 681 1319 763; x_wconf 85' lang='lat' dir='ltr'>chori.</span> <span class='ocrx_word' id='word_1_23' title='bbox 1598 686 1601 691; x_wconf 86' lang='grc'><strong>’</strong></span> 
     </span>
     <span class='ocr_line' id='line_1_4' title="bbox 334 788 1663 906; baseline -0.003 -30"><span class='ocrx_word' id='word_1_24' title='bbox 334 790 672 890; x_wconf 72' lang='lat' dir='ltr'>r7o.·Mifitetiam</span> <span class='ocrx_word' id='word_1_25' title='bbox 690 804 873 877; x_wconf 67' lang='lat' dir='ltr'>unum&#39;ert</span> <span class='ocrx_word' id='word_1_26' title='bbox 881 788 952 877; x_wconf 91' lang='lat' dir='ltr'>suis</span> <span class='ocrx_word' id='word_1_27' title='bbox 966 789 1112 906; x_wconf 80' lang='lat' dir='ltr'>angelis</span> <span class='ocrx_word' id='word_1_28' title='bbox 1123 794 1173 876; x_wconf 88' lang='lat' dir='ltr'>ad</span> <span class='ocrx_word' id='word_1_29' title='bbox 1183 788 1358 890; x_wconf 85' lang='lat' dir='ltr'>Paulum,</span> <span class='ocrx_word' id='word_1_30' title='bbox 1372 798 1442 904; x_wconf 92' lang='lat' dir='ltr'>qui</span> <span class='ocrx_word' id='word_1_31' title='bbox 1452 790 1566 876; x_wconf 80' lang='lat' dir='ltr'>eisuo</span> <span class='ocrx_word' id='word_1_32' title='bbox 1588 815 1663 873; x_wconf 90' lang='lat' dir='ltr'>no-</span> 
     </span>
    </p>

    <p class='ocr_par' dir='ltr' id='par_1_4' title="bbox 213 901 1660 1027">
     <span class='ocr_line' id='line_1_5' title="bbox 213 901 1660 1027; baseline -0.001 -35"><span class='ocrx_word' id='word_1_33' title='bbox 213 911 320 992; x_wconf 89' lang='lat' dir='ltr'>mine</span> <span class='ocrx_word' id='word_1_34' title='bbox 331 908 518 1019; x_wconf 84' lang='lat' dir='ltr'>praberet</span> <span class='ocrx_word' id='word_1_35' title='bbox 527 904 721 1027; x_wconf 68' lang='lat' dir='ltr'>fidutiam.</span> <span class='ocrx_word' id='word_1_36' title='bbox 776 910 951 1021; x_wconf 83' lang='lat' dir='ltr'>Angelus</span> <span class='ocrx_word' id='word_1_37' title='bbox 966 904 1142 1022; x_wconf 80' lang='lat' dir='ltr'>apparuit</span> <span class='ocrx_word' id='word_1_38' title='bbox 1151 901 1275 992; x_wconf 90' lang='lat' dir='ltr'>Paulo</span> <span class='ocrx_word' id='word_1_39' title='bbox 1286 910 1327 991; x_wconf 90' lang='lat' dir='ltr'>in</span> <span class='ocrx_word' id='word_1_40' title='bbox 1346 904 1514 991; x_wconf 72' lang='lat' dir='ltr'>burnan!</span> <span class='ocrx_word' id='word_1_41' title='bbox 1527 903 1660 1019; x_wconf 80' lang='lat' dir='ltr'>specie.</span> 
     </span>
    </p>

    <p class='ocr_par' dir='ltr' id='par_1_5' title="bbox 331 1016 1634 1133">
     <span class='ocr_line' id='line_1_6' title="bbox 331 1016 1634 1133; baseline 0.001 -28"><span class='ocrx_word' id='word_1_42' title='bbox 331 1051 426 1117; x_wconf 74' lang='lat'>271.</span> <span class='ocrx_word' id='word_1_43' title='bbox 456 1018 647 1105; x_wconf 84' lang='lat' dir='ltr'>Paulusei</span> <span class='ocrx_word' id='word_1_44' title='bbox 667 1016 883 1133; x_wconf 73' lang='lat' dir='ltr'>respondite</span> <span class='ocrx_word' id='word_1_45' title='bbox 911 1068 928 1088; x_wconf 89' lang='lat'><strong>·</strong></span> <span class='ocrx_word' id='word_1_46' title='bbox 1027 1058 1031 1063; x_wconf 94' lang='lat'>·</span> <span class='ocrx_word' id='word_1_47' title='bbox 1122 1066 1164 1089; x_wconf 90' lang='lat'>-·</span> <span class='ocrx_word' id='word_1_48' title='bbox 1201 1062 1205 1069; x_wconf 93' lang='lat'>·</span> <span class='ocrx_word' id='word_1_49' title='bbox 1259 1072 1261 1077; x_wconf 93' lang='lat'>·</span> <span class='ocrx_word' id='word_1_50' title='bbox 1624 1094 1634 1113; x_wconf 85' lang='lat'><strong>.</strong></span> 
     </span>
    </p>

    <p class='ocr_par' dir='ltr' id='par_1_6' title="bbox 210 1128 1660 1477">
     <span class='ocr_line' id='line_1_7' title="bbox 332 1128 1659 1250; baseline -0.001 -31"><span class='ocrx_word' id='word_1_51' title='bbox 332 1155 426 1235; x_wconf 80' lang='lat'>278.</span> <span class='ocrx_word' id='word_1_52' title='bbox 452 1130 626 1246; x_wconf 74' lang='lat' dir='ltr'>speciale</span> <span class='ocrx_word' id='word_1_53' title='bbox 653 1138 746 1220; x_wconf 90' lang='lat' dir='ltr'>mihi</span> <span class='ocrx_word' id='word_1_54' title='bbox 768 1132 900 1221; x_wconf 91' lang='lat' dir='ltr'>lumen</span> <span class='ocrx_word' id='word_1_55' title='bbox 922 1128 1106 1219; x_wconf 80' lang='lat' dir='ltr'>c&#39;ollatum</span> <span class='ocrx_word' id='word_1_56' title='bbox 1123 1137 1178 1220; x_wconf 82' lang='lat' dir='ltr'>est</span> <span class='ocrx_word' id='word_1_57' title='bbox 1199 1135 1250 1221; x_wconf 88' lang='lat' dir='ltr'>ad</span> <span class='ocrx_word' id='word_1_58' title='bbox 1273 1134 1502 1250; x_wconf 85' lang='lat' dir='ltr'>retegendas</span> <span class='ocrx_word' id='word_1_59' title='bbox 1520 1141 1659 1247; x_wconf 82' lang='lat' dir='ltr'>perpe·</span> 
     </span>
     <span class='ocr_line' id='line_1_8' title="bbox 210 1249 1642 1361; baseline -0.004 -25"><span class='ocrx_word' id='word_1_60' title='bbox 210 1274 298 1336; x_wconf 86' lang='lat' dir='ltr'>tuas</span> <span class='ocrx_word' id='word_1_61' title='bbox 311 1249 462 1334; x_wconf 86' lang='lat' dir='ltr'>infidias</span> <span class='ocrx_word' id='word_1_62' title='bbox 475 1250 722 1347; x_wconf 88' lang='lat' dir='ltr'>doemonum,</span> <span class='ocrx_word' id='word_1_63' title='bbox 734 1277 831 1361; x_wconf 87' lang='lat' dir='ltr'>quas</span> <span class='ocrx_word' id='word_1_64' title='bbox 843 1249 1069 1335; x_wconf 88' lang='lat' dir='ltr'>bominibus</span> <span class='ocrx_word' id='word_1_65' title='bbox 1083 1254 1239 1336; x_wconf 78' lang='lat' dir='ltr'>liniunt.</span> <span class='ocrx_word' id='word_1_66' title='bbox 1260 1257 1371 1335; x_wconf 86' lang='lat' dir='ltr'>Hanc</span> <span class='ocrx_word' id='word_1_67' title='bbox 1381 1254 1579 1337; x_wconf 87' lang='lat' dir='ltr'>veritatem</span> <span class='ocrx_word' id='word_1_68' title='bbox 1635 1252 1642 1266; x_wconf 88' lang='lat'>&#39;</span> 
     </span>
     <span class='ocr_line' id='line_1_9' title="bbox 213 1361 1660 1477; baseline -0.003 -25"><span class='ocrx_word' id='word_1_69' title='bbox 213 1366 255 1452; x_wconf 87' lang='lat' dir='ltr'>hi</span> <span class='ocrx_word' id='word_1_70' title='bbox 273 1366 468 1449; x_wconf 84' lang='lat' dir='ltr'>Dominus</span> <span class='ocrx_word' id='word_1_71' title='bbox 486 1363 615 1450; x_wconf 88' lang='lat' dir='ltr'>adhuc</span> <span class='ocrx_word' id='word_1_72' title='bbox 630 1368 751 1477; x_wconf 83' lang='lat' dir='ltr'>magis</span> <span class='ocrx_word' id='word_1_73' title='bbox 767 1361 975 1450; x_wconf 85' lang='lat' dir='ltr'>declaravit</span> <span class='ocrx_word' id='word_1_74' title='bbox 992 1361 1195 1450; x_wconf 84' lang='lat' dir='ltr'>occalione</span> <span class='ocrx_word' id='word_1_75' title='bbox 1209 1362 1472 1451; x_wconf 89' lang='lat' dir='ltr'>converfionis</span> <span class='ocrx_word' id='word_1_76' title='bbox 1485 1366 1524 1450; x_wconf 64' lang='grc' dir='ltr'>ἃ</span> <span class='ocrx_word' id='word_1_77' title='bbox 1539 1368 1592 1449; x_wconf 83' lang='lat' dir='ltr'>Pa</span> <span class='ocrx_word' id='word_1_78' title='bbox 1635 1362 1660 1447; x_wconf 90' lang='lat' dir='ltr'>i.</span> 
     </span>
    </p>

    <p class='ocr_par' dir='ltr' id='par_1_7' title="bbox 213 1474 1663 1935">
     <span class='ocr_line' id='line_1_10' title="bbox 334 1474 1663 1592; baseline -0.005 -28"><span class='ocrx_word' id='word_1_79' title='bbox 334 1507 429 1575; x_wconf 80' lang='lat'>279·</span> <span class='ocrx_word' id='word_1_80' title='bbox 456 1476 574 1581; x_wconf 88' lang='lat' dir='ltr'>Judas</span> <span class='ocrx_word' id='word_1_81' title='bbox 594 1478 813 1562; x_wconf 85' lang='lat' dir='ltr'>Thaddaeus</span> <span class='ocrx_word' id='word_1_82' title='bbox 833 1484 874 1564; x_wconf 94' lang='lat' dir='ltr'>in</span> <span class='ocrx_word' id='word_1_83' title='bbox 896 1476 960 1564; x_wconf 87' lang='lat' dir='ltr'>sua</span> <span class='ocrx_word' id='word_1_84' title='bbox 978 1474 1147 1592; x_wconf 83' lang='lat' dir='ltr'>Epistola</span> <span class='ocrx_word' id='word_1_85' title='bbox 1170 1483 1376 1568; x_wconf 87' lang='lat' dir='ltr'>Canonica</span> <span class='ocrx_word' id='word_1_86' title='bbox 1399 1481 1516 1563; x_wconf 84' lang='lat' dir='ltr'>dicit:</span> <span class='ocrx_word' id='word_1_87' title='bbox 1546 1474 1663 1590; x_wconf 86' lang='lat' dir='ltr'>quod</span> 
     </span>
     <span class='ocr_line' id='line_1_11' title="bbox 214 1588 1661 1706; baseline -0.003 -28"><span class='ocrx_word' id='word_1_88' title='bbox 214 1595 257 1678; x_wconf 85' lang='lat' dir='ltr'>S.</span> <span class='ocrx_word' id='word_1_89' title='bbox 282 1588 451 1677; x_wconf 86' lang='lat' dir='ltr'>Michael</span> <span class='ocrx_word' id='word_1_90' title='bbox 485 1618 692 1703; x_wconf 89' lang='lat' dir='ltr'>propterea</span> <span class='ocrx_word' id='word_1_91' title='bbox 727 1595 975 1678; x_wconf 87' lang='lat' dir='ltr'>contenderit</span> <span class='ocrx_word' id='word_1_92' title='bbox 1009 1621 1096 1678; x_wconf 89' lang='lat' dir='ltr'>cum</span> <span class='ocrx_word' id='word_1_93' title='bbox 1130 1590 1321 1693; x_wconf 88' lang='lat' dir='ltr'>diabolo,</span> <span class='ocrx_word' id='word_1_94' title='bbox 1358 1599 1450 1706; x_wconf 90' lang='lat' dir='ltr'>quia</span> <span class='ocrx_word' id='word_1_95' title='bbox 1479 1588 1661 1676; x_wconf 80' lang='lat' dir='ltr'>diabolus</span> 
     </span>
     <span class='ocr_line' id='line_1_12' title="bbox 213 1703 1661 1822; baseline -0.001 -30"><span class='ocrx_word' id='word_1_96' title='bbox 213 1703 374 1792; x_wconf 82' lang='lat' dir='ltr'>uolebat</span> <span class='ocrx_word' id='word_1_97' title='bbox 402 1704 628 1789; x_wconf 87' lang='lat' dir='ltr'>manifestari</span> <span class='ocrx_word' id='word_1_98' title='bbox 655 1734 795 1819; x_wconf 84' lang='lat' dir='ltr'>corpus</span> <span class='ocrx_word' id='word_1_99' title='bbox 821 1708 986 1821; x_wconf 81' lang='lat' dir='ltr'>Moysis,</span> <span class='ocrx_word' id='word_1_100' title='bbox 1010 1708 1125 1822; x_wconf 92' lang='lat' dir='ltr'>quod</span> <span class='ocrx_word' id='word_1_101' title='bbox 1149 1712 1187 1794; x_wconf 89' lang='lat' dir='ltr'>S.</span> <span class='ocrx_word' id='word_1_102' title='bbox 1207 1704 1378 1794; x_wconf 87' lang='lat' dir='ltr'>Michael</span> <span class='ocrx_word' id='word_1_103' title='bbox 1393 1703 1487 1818; x_wconf 82' lang='lat' dir='ltr'>jussu</span> <span class='ocrx_word' id='word_1_104' title='bbox 1516 1709 1593 1792; x_wconf 89' lang='lat' dir='ltr'>Dei</span> <span class='ocrx_word' id='word_1_105' title='bbox 1618 1709 1661 1790; x_wconf 83' lang='lat' dir='ltr'>in</span> 
     </span>
     <span class='ocr_line' id='line_1_13' title="bbox 215 1816 767 1935; baseline -0.002 -30"><span class='ocrx_word' id='word_1_106' title='bbox 215 1820 352 1935; x_wconf 85' lang='lat' dir='ltr'>aliquo</span> <span class='ocrx_word' id='word_1_107' title='bbox 373 1817 467 1902; x_wconf 84' lang='lat' dir='ltr'>loto</span> <span class='ocrx_word' id='word_1_108' title='bbox 494 1816 767 1905; x_wconf 85' lang='lat' dir='ltr'>occultaverat.</span> 
     </span>
    </p>

    <p class='ocr_par' dir='ltr' id='par_1_8' title="bbox 213 1935 1665 2396">
     <span class='ocr_line' id='line_1_14' title="bbox 334 1935 1663 2051; baseline -0.002 -32"><span class='ocrx_word' id='word_1_109' title='bbox 334 1953 429 2034; x_wconf 78' lang='lat'>283.</span> <span class='ocrx_word' id='word_1_110' title='bbox 457 1936 501 2017; x_wconf 89' lang='lat' dir='ltr'>In</span> <span class='ocrx_word' id='word_1_111' title='bbox 518 1935 646 2046; x_wconf 92' lang='lat' dir='ltr'>primo</span> <span class='ocrx_word' id='word_1_112' title='bbox 661 1943 736 2042; x_wconf 87' lang='lat' dir='ltr'>jam</span> <span class='ocrx_word' id='word_1_113' title='bbox 756 1960 975 2038; x_wconf 88' lang='lat' dir='ltr'>momento,</span> <span class='ocrx_word' id='word_1_114' title='bbox 998 1964 1082 2051; x_wconf 93' lang='lat' dir='ltr'>quo</span> <span class='ocrx_word' id='word_1_115' title='bbox 1104 1940 1228 2035; x_wconf 82' lang='lat' dir='ltr'>homo</span> <span class='ocrx_word' id='word_1_116' title='bbox 1251 1938 1468 2047; x_wconf 90' lang='lat' dir='ltr'>concipitur</span> <span class='ocrx_word' id='word_1_117' title='bbox 1491 1938 1531 2043; x_wconf 85' lang='lat' dir='ltr'>in</span> <span class='ocrx_word' id='word_1_118' title='bbox 1549 1955 1663 2018; x_wconf 87' lang='lat' dir='ltr'>utero</span> 
     </span>
     <span class='ocr_line' id='line_1_15' title="bbox 213 2038 1665 2164; baseline -0.004 -29"><span class='ocrx_word' id='word_1_119' title='bbox 213 2074 409 2145; x_wconf 87' lang='lat' dir='ltr'>materno,</span> <span class='ocrx_word' id='word_1_120' title='bbox 429 2053 551 2134; x_wconf 89' lang='lat' dir='ltr'>oritur</span> <span class='ocrx_word' id='word_1_121' title='bbox 568 2055 769 2134; x_wconf 91' lang='lat' dir='ltr'>contentio</span> <span class='ocrx_word' id='word_1_122' title='bbox 784 2048 1015 2137; x_wconf 86' lang='lat' dir='ltr'>doemonum</span> <span class='ocrx_word' id='word_1_123' title='bbox 1036 2080 1123 2137; x_wconf 91' lang='lat' dir='ltr'>cum</span> <span class='ocrx_word' id='word_1_124' title='bbox 1143 2038 1288 2164; x_wconf 73' lang='lat' dir='ltr'>angebs</span> <span class='ocrx_word' id='word_1_125' title='bbox 1304 2052 1432 2135; x_wconf 89' lang='lat' dir='ltr'>bonis.</span> <span class='ocrx_word' id='word_1_126' title='bbox 1492 2051 1665 2132; x_wconf 89' lang='lat' dir='ltr'>Doemo·</span> 
     </span>
     <span class='ocr_line' id='line_1_16' title="bbox 216 2162 1663 2279; baseline -0.003 -30"><span class='ocrx_word' id='word_1_127' title='bbox 216 2192 285 2249; x_wconf 90' lang='lat' dir='ltr'>nes</span> <span class='ocrx_word' id='word_1_128' title='bbox 305 2163 551 2247; x_wconf 90' lang='lat' dir='ltr'>contendunt</span> <span class='ocrx_word' id='word_1_129' title='bbox 575 2163 643 2248; x_wconf 87' lang='lat' dir='ltr'>fibi</span> <span class='ocrx_word' id='word_1_130' title='bbox 664 2164 799 2248; x_wconf 85' lang='lat' dir='ltr'>deberi</span> <span class='ocrx_word' id='word_1_131' title='bbox 823 2168 922 2249; x_wconf 87' lang='lat' dir='ltr'>ltanc</span> <span class='ocrx_word' id='word_1_132' title='bbox 946 2192 1155 2251; x_wconf 89' lang='lat' dir='ltr'>creaturam</span> <span class='ocrx_word' id='word_1_133' title='bbox 1183 2214 1200 2231; x_wconf 93' lang='lat'><strong>·</strong></span> <span class='ocrx_word' id='word_1_134' title='bbox 1247 2162 1376 2279; x_wconf 83' lang='lat' dir='ltr'>angeli</span> <span class='ocrx_word' id='word_1_135' title='bbox 1392 2164 1490 2248; x_wconf 91' lang='lat' dir='ltr'>boni</span> <span class='ocrx_word' id='word_1_136' title='bbox 1508 2186 1663 2246; x_wconf 86' lang='lat' dir='ltr'>contra·</span> 
     </span>
     <span class='ocr_line' id='line_1_17' title="bbox 215 2274 1664 2396; baseline -0.003 -32"><span class='ocrx_word' id='word_1_137' title='bbox 215 2284 315 2364; x_wconf 91' lang='lat' dir='ltr'>rium</span> <span class='ocrx_word' id='word_1_138' title='bbox 345 2276 564 2362; x_wconf 89' lang='lat' dir='ltr'>defendunt</span> <span class='ocrx_word' id='word_1_139' title='bbox 592 2327 607 2344; x_wconf 93' lang='lat'><strong>·</strong></span> <span class='ocrx_word' id='word_1_140' title='bbox 638 2283 730 2391; x_wconf 89' lang='lat' dir='ltr'>quia</span> <span class='ocrx_word' id='word_1_141' title='bbox 763 2302 964 2391; x_wconf 81' lang='lat' dir='ltr'>peccatum</span> <span class='ocrx_word' id='word_1_142' title='bbox 993 2277 1180 2396; x_wconf 84' lang='lat' dir='ltr'>originale</span> <span class='ocrx_word' id='word_1_143' title='bbox 1207 2307 1290 2393; x_wconf 74' lang='lat' dir='ltr'>non</span> <span class='ocrx_word' id='word_1_144' title='bbox 1316 2282 1370 2365; x_wconf 79' lang='lat' dir='ltr'>est</span> <span class='ocrx_word' id='word_1_145' title='bbox 1397 2306 1446 2366; x_wconf 85' lang='lat' dir='ltr'>tx</span> <span class='ocrx_word' id='word_1_146' title='bbox 1471 2274 1664 2363; x_wconf 68' lang='lat' dir='ltr'>eledione</span> 
     </span>
    </p>

    <p class='ocr_par' dir='ltr' id='par_1_9' title="bbox 213 2419 1662 2849">
     <span class='ocr_line' id='line_1_18' title="bbox 241 2419 1387 2477; baseline -0.003 0"><span class='ocrx_word' id='word_1_147' title='bbox 241 2421 286 2477; x_wconf 95' lang='lat' dir='ltr'>ro</span> <span class='ocrx_word' id='word_1_148' title='bbox 316 2419 378 2476; x_wconf 88' lang='lat' dir='ltr'>rra</span> <span class='ocrx_word' id='word_1_149' title='bbox 1382 2442 1387 2453; x_wconf 86' lang='lat'><em>-</em></span> 
     </span>
     <span class='ocr_line' id='line_1_19' title="bbox 213 2421 1661 2621; baseline 0 -32"><span class='ocrx_word' id='word_1_150' title='bbox 213 2421 239 2505; x_wconf 68' lang='lat' dir='ltr'>p</span> <span class='ocrx_word' id='word_1_151' title='bbox 288 2421 312 2505; x_wconf 64' lang='lat' dir='ltr'><strong>p</strong></span> <span class='ocrx_word' id='word_1_152' title='bbox 335 2535 429 2607; x_wconf 81' lang='lat'>294.</span> <span class='ocrx_word' id='word_1_153' title='bbox 457 2509 578 2616; x_wconf 75' lang='lat' dir='ltr'>Saepe,</span> <span class='ocrx_word' id='word_1_154' title='bbox 590 2509 754 2619; x_wconf 89' lang='lat' dir='ltr'>quando</span> <span class='ocrx_word' id='word_1_155' title='bbox 773 2508 885 2593; x_wconf 91' lang='lat' dir='ltr'>Deus</span> <span class='ocrx_word' id='word_1_156' title='bbox 901 2502 986 2592; x_wconf 89' lang='lat' dir='ltr'>vult</span> <span class='ocrx_word' id='word_1_157' title='bbox 1002 2511 1157 2621; x_wconf 86' lang='lat' dir='ltr'>operari</span> <span class='ocrx_word' id='word_1_158' title='bbox 1169 2502 1338 2621; x_wconf 83' lang='lat' dir='ltr'>aliquam</span> <span class='ocrx_word' id='word_1_159' title='bbox 1353 2499 1661 2615; x_wconf 75' lang='lat' dir='ltr'>corruetlionem.</span> 
     </span>
     <span class='ocr_line' id='line_1_20' title="bbox 213 2602 1662 2849; baseline -0.002 -143"><span class='ocrx_word' id='word_1_160' title='bbox 213 2624 406 2849; x_wconf 54' lang='lat' dir='ltr'>wei</span> <span class='ocrx_word' id='word_1_161' title='bbox 434 2625 603 2734; x_wconf 73' lang='lat' dir='ltr'>precipit</span> <span class='ocrx_word' id='word_1_162' title='bbox 619 2620 885 2722; x_wconf 86' lang='lat' dir='ltr'>doemonibus,</span> <span class='ocrx_word' id='word_1_163' title='bbox 905 2647 948 2707; x_wconf 90' lang='lat' dir='ltr'>ut</span> <span class='ocrx_word' id='word_1_164' title='bbox 969 2620 1020 2707; x_wconf 84' lang='lat' dir='ltr'>ab</span> <span class='ocrx_word' id='word_1_165' title='bbox 1037 2647 1083 2706; x_wconf 89' lang='lat' dir='ltr'>ea</span> <span class='ocrx_word' id='word_1_166' title='bbox 1096 2624 1221 2706; x_wconf 89' lang='lat' dir='ltr'>anima</span> <span class='ocrx_word' id='word_1_167' title='bbox 1240 2602 1495 2751; x_wconf 48' lang='lat' dir='ltr'>reseda*</span> <span class='ocrx_word' id='word_1_168' title='bbox 1515 2614 1553 2727; x_wconf 78' lang='lat' dir='ltr'>[e</span> <span class='ocrx_word' id='word_1_169' title='bbox 1567 2644 1662 2732; x_wconf 77' lang='lat' dir='ltr'>pra·</span> 
     </span>
    </p>
   </div>
   <div class='ocr_carea' id='block_1_3' title="bbox 315 2762 604 2843">
    <p class='ocr_par' dir='ltr' id='par_1_10' title="bbox 315 2762 604 2843">
     <span class='ocr_line' id='line_1_21' title="bbox 315 2762 604 2843; baseline 0 -24"><span class='ocrx_word' id='word_1_170' title='bbox 315 2832 320 2843; x_wconf 71' lang='lat'><em>,</em></span> <span class='ocrx_word' id='word_1_171' title='bbox 396 2764 436 2819; x_wconf 89' lang='lat' dir='ltr'>rn</span> <span class='ocrx_word' id='word_1_172' title='bbox 455 2762 604 2820; x_wconf 88' lang='lat' dir='ltr'>orcum.</span> 
     </span>
    </p>
   </div>
   <div class='ocr_carea' id='block_1_4' title="bbox 213 2830 1767 3278">
    <p class='ocr_par' dir='ltr' id='par_1_11' title="bbox 213 2830 1767 3275">
     <span class='ocr_line' id='line_1_22' title="bbox 345 2830 1767 2964; baseline -0.003 -30"><span class='ocrx_word' id='word_1_173' title='bbox 345 2866 439 2944; x_wconf 81' lang='lat'>296.</span> <span class='ocrx_word' id='word_1_174' title='bbox 470 2849 645 2959; x_wconf 88' lang='lat' dir='ltr'>Quando</span> <span class='ocrx_word' id='word_1_175' title='bbox 669 2845 746 2935; x_wconf 89' lang='lat' dir='ltr'>tale</span> <span class='ocrx_word' id='word_1_176' title='bbox 763 2830 1132 2964; x_wconf 33' lang='lat' dir='ltr'>aliquidfiebntingit,</span> <span class='ocrx_word' id='word_1_177' title='bbox 1152 2846 1196 2934; x_wconf 85' lang='lat' dir='ltr'>fit</span> <span class='ocrx_word' id='word_1_178' title='bbox 1212 2875 1373 2962; x_wconf 86' lang='lat' dir='ltr'>magnus</span> <span class='ocrx_word' id='word_1_179' title='bbox 1392 2832 1554 2945; x_wconf 78' lang='lat' dir='ltr'>eiulatus</span> <span class='ocrx_word' id='word_1_180' title='bbox 1572 2845 1663 2931; x_wconf 78' lang='lat' dir='ltr'>dot·</span> <span class='ocrx_word' id='word_1_181' title='bbox 1764 2910 1767 2915; x_wconf 83' lang='grc'><strong>-</strong></span> 
     </span>
     <span class='ocr_line' id='line_1_23' title="bbox 214 2950 1662 3079; baseline -0.003 -29"><span class='ocrx_word' id='word_1_182' title='bbox 214 2991 376 3050; x_wconf 90' lang='lat' dir='ltr'>monum</span> <span class='ocrx_word' id='word_1_183' title='bbox 403 2969 441 3048; x_wconf 91' lang='lat' dir='ltr'>in</span> <span class='ocrx_word' id='word_1_184' title='bbox 464 2963 642 3060; x_wconf 86' lang='lat' dir='ltr'>inferno,</span> <span class='ocrx_word' id='word_1_185' title='bbox 674 2970 712 3047; x_wconf 74' lang='grc' dir='ltr'>ἃ</span> <span class='ocrx_word' id='word_1_186' title='bbox 749 2990 886 3049; x_wconf 88' lang='lat' dir='ltr'>eorum</span> <span class='ocrx_word' id='word_1_187' title='bbox 913 2991 1073 3079; x_wconf 82' lang='lat' dir='ltr'>regnum</span> <span class='ocrx_word' id='word_1_188' title='bbox 1103 2959 1231 3049; x_wconf 91' lang='lat' dir='ltr'>multis</span> <span class='ocrx_word' id='word_1_189' title='bbox 1265 2963 1403 3048; x_wconf 91' lang='lat' dir='ltr'>diebus</span> <span class='ocrx_word' id='word_1_190' title='bbox 1427 2950 1662 3063; x_wconf 80' lang='lat' dir='ltr'>debilitatur,</span> 
     </span>
     <span class='ocr_line' id='line_1_24' title="bbox 213 3075 1439 3275; baseline -0.002 -110"><span class='ocrx_word' id='word_1_191' title='bbox 213 3080 348 3165; x_wconf 90' lang='lat' dir='ltr'>donec</span> <span class='ocrx_word' id='word_1_192' title='bbox 368 3085 506 3162; x_wconf 89' lang='lat' dir='ltr'>iterum</span> <span class='ocrx_word' id='word_1_193' title='bbox 526 3079 728 3162; x_wconf 85' lang='lat' dir='ltr'>obtineant</span> <span class='ocrx_word' id='word_1_194' title='bbox 748 3075 940 3162; x_wconf 85' lang='lat' dir='ltr'>licentiam</span> <span class='ocrx_word' id='word_1_195' title='bbox 961 3079 1151 3164; x_wconf 90' lang='lat' dir='ltr'>redeundi</span> <span class='ocrx_word' id='word_1_196' title='bbox 1172 3085 1211 3163; x_wconf 89' lang='lat' dir='ltr'>in</span> <span class='ocrx_word' id='word_1_197' title='bbox 1236 3077 1439 3275; x_wconf 51' lang='lat' dir='ltr'>*dum</span> 
     </span>
    </p>

    <p class='ocr_par' dir='ltr' id='par_1_12' title="bbox 1220 3216 1237 3278">
     <span class='ocr_line' id='line_1_25' title="bbox 1220 3216 1237 3278; baseline 0 0"><span class='ocrx_word' id='word_1_198' title='bbox 1220 3216 1237 3278; x_wconf 92' lang='lat' dir='ltr'>t</span> 
     </span>
    </p>
   </div>
   <div class='ocr_carea' id='block_1_5' title="bbox 212 3188 1704 4330">
    <p class='ocr_par' dir='ltr' id='par_1_13' title="bbox 212 3188 1704 4330">
     <span class='ocr_line' id='line_1_26' title="bbox 335 3188 1665 3305; baseline -0.005 -27"><span class='ocrx_word' id='word_1_199' title='bbox 335 3220 431 3289; x_wconf 83' lang='lat'>²97·</span> <span class='ocrx_word' id='word_1_200' title='bbox 459 3200 500 3277; x_wconf 85' lang='lat' dir='ltr'>B.</span> <span class='ocrx_word' id='word_1_201' title='bbox 520 3196 644 3305; x_wconf 84' lang='lat' dir='ltr'>Virgo</span> <span class='ocrx_word' id='word_1_202' title='bbox 665 3188 807 3290; x_wconf 86' lang='lat' dir='ltr'>effecit,</span> <span class='ocrx_word' id='word_1_203' title='bbox 834 3192 949 3303; x_wconf 92' lang='lat' dir='ltr'>quod</span> <span class='ocrx_word' id='word_1_204' title='bbox 967 3188 1103 3278; x_wconf 83' lang='lat' dir='ltr'>Saulus</span> <span class='ocrx_word' id='word_1_205' title='bbox 1121 3191 1220 3278; x_wconf 86' lang='lat' dir='ltr'>fueri</span> <span class='ocrx_word' id='word_1_206' title='bbox 1323 3216 1384 3275; x_wconf 93' lang='lat' dir='ltr'>tus</span> <span class='ocrx_word' id='word_1_207' title='bbox 1405 3218 1453 3276; x_wconf 85' lang='lat' dir='ltr'>ex</span> <span class='ocrx_word' id='word_1_208' title='bbox 1468 3190 1665 3302; x_wconf 80' lang='lat' dir='ltr'>unguibus</span> 
     </span>
     <span class='ocr_line' id='line_1_27' title="bbox 212 3299 1666 3414; baseline -0.006 -20"><span class='ocrx_word' id='word_1_209' title='bbox 212 3303 617 3414; x_wconf 80' lang='lat' dir='ltr'>Luciferi‚&amp;lticcum</span> <span class='ocrx_word' id='word_1_210' title='bbox 632 3328 717 3391; x_wconf 85' lang='lat' dir='ltr'>tota</span> <span class='ocrx_word' id='word_1_211' title='bbox 731 3310 794 3390; x_wconf 86' lang='lat' dir='ltr'>lua</span> <span class='ocrx_word' id='word_1_212' title='bbox 807 3309 972 3393; x_wconf 88' lang='lat' dir='ltr'>cohorte</span> <span class='ocrx_word' id='word_1_213' title='bbox 987 3311 1028 3391; x_wconf 91' lang='lat' dir='ltr'>in</span> <span class='ocrx_word' id='word_1_214' title='bbox 1043 3334 1179 3392; x_wconf 90' lang='lat' dir='ltr'>orcum</span> <span class='ocrx_word' id='word_1_215' title='bbox 1194 3305 1377 3403; x_wconf 87' lang='lat' dir='ltr'>detrusus,</span> <span class='ocrx_word' id='word_1_216' title='bbox 1398 3331 1484 3389; x_wconf 91' lang='lat' dir='ltr'>cum</span> <span class='ocrx_word' id='word_1_217' title='bbox 1497 3308 1542 3388; x_wconf 87' lang='lat' dir='ltr'>iis</span> <span class='ocrx_word' id='word_1_218' title='bbox 1555 3299 1666 3387; x_wconf 86' lang='lat' dir='ltr'>vide·</span> 
     </span>
     <span class='ocr_line' id='line_1_28' title="bbox 215 3415 1704 3534; baseline -0.008 -29"><span class='ocrx_word' id='word_1_219' title='bbox 215 3418 309 3506; x_wconf 88' lang='lat' dir='ltr'>licet</span> <span class='ocrx_word' id='word_1_220' title='bbox 322 3421 505 3521; x_wconf 83' lang='lat' dir='ltr'>omnibus</span> <span class='ocrx_word' id='word_1_221' title='bbox 517 3421 784 3519; x_wconf 85' lang='lat' dir='ltr'>doemonibus,</span> <span class='ocrx_word' id='word_1_222' title='bbox 798 3424 867 3534; x_wconf 87' lang='lat' dir='ltr'>qui</span> <span class='ocrx_word' id='word_1_223' title='bbox 881 3415 1037 3506; x_wconf 83' lang='lat' dir='ltr'>Saulum</span> <span class='ocrx_word' id='word_1_224' title='bbox 1050 3426 1291 3505; x_wconf 88' lang='lat' dir='ltr'>concitarunt</span> <span class='ocrx_word' id='word_1_225' title='bbox 1305 3443 1440 3503; x_wconf 87' lang='lat' dir='ltr'>contra</span> <span class='ocrx_word' id='word_1_226' title='bbox 1452 3419 1659 3504; x_wconf 86' lang='lat' dir='ltr'>Christum.</span> <span class='ocrx_word' id='word_1_227' title='bbox 1695 3478 1704 3493; x_wconf 85' lang='grc'><strong><em>,</em></strong></span> 
     </span>
     <span class='ocr_line' id='line_1_29' title="bbox 336 3530 1663 3648; baseline -0.004 -27"><span class='ocrx_word' id='word_1_228' title='bbox 336 3558 430 3633; x_wconf 80' lang='lat'><strong>298·</strong></span> <span class='ocrx_word' id='word_1_229' title='bbox 460 3539 575 3618; x_wconf 90' lang='lat' dir='ltr'>Tunc</span> <span class='ocrx_word' id='word_1_230' title='bbox 596 3534 805 3621; x_wconf 84' lang='lat' dir='ltr'>doemones</span> <span class='ocrx_word' id='word_1_231' title='bbox 826 3539 865 3617; x_wconf 84' lang='lat' dir='ltr'>itt</span> <span class='ocrx_word' id='word_1_232' title='bbox 885 3530 924 3619; x_wconf 86' lang='lat' dir='ltr'>se</span> <span class='ocrx_word' id='word_1_233' title='bbox 939 3531 1130 3620; x_wconf 86' lang='lat' dir='ltr'>senserunt</span> <span class='ocrx_word' id='word_1_234' title='bbox 1149 3530 1299 3648; x_wconf 84' lang='lat' dir='ltr'>flagella</span> <span class='ocrx_word' id='word_1_235' title='bbox 1316 3535 1455 3629; x_wconf 78' lang='lat' dir='ltr'>diuinae</span> <span class='ocrx_word' id='word_1_236' title='bbox 1476 3538 1663 3644; x_wconf 85' lang='lat' dir='ltr'>omnipo·</span> 
     </span>
     <span class='ocr_line' id='line_1_30' title="bbox 213 3642 1662 3765; baseline -0.002 -28"><span class='ocrx_word' id='word_1_237' title='bbox 213 3654 367 3748; x_wconf 79' lang='lat' dir='ltr'>tentia,</span> <span class='ocrx_word' id='word_1_238' title='bbox 399 3655 437 3734; x_wconf 78' lang='grc' dir='ltr'>δι</span> <span class='ocrx_word' id='word_1_239' title='bbox 457 3646 673 3735; x_wconf 86' lang='lat' dir='ltr'>manserunt</span> <span class='ocrx_word' id='word_1_240' title='bbox 696 3646 802 3761; x_wconf 84' lang='lat' dir='ltr'>quast</span> <span class='ocrx_word' id='word_1_241' title='bbox 827 3644 1066 3765; x_wconf 86' lang='lat' dir='ltr'>conquallati</span> <span class='ocrx_word' id='word_1_242' title='bbox 1085 3644 1238 3765; x_wconf 86' lang='lat' dir='ltr'>aliquot</span> <span class='ocrx_word' id='word_1_243' title='bbox 1271 3646 1409 3733; x_wconf 90' lang='lat' dir='ltr'>diebus</span> <span class='ocrx_word' id='word_1_244' title='bbox 1429 3652 1470 3731; x_wconf 91' lang='lat' dir='ltr'>in</span> <span class='ocrx_word' id='word_1_245' title='bbox 1491 3642 1662 3735; x_wconf 80' lang='lat' dir='ltr'>inferno·</span> 
     </span>
     <span class='ocr_line' id='line_1_31' title="bbox 212 3758 1676 3879; baseline -0.001 -31"><span class='ocrx_word' id='word_1_246' title='bbox 212 3771 345 3879; x_wconf 81' lang='lat' dir='ltr'>Qnm</span> <span class='ocrx_word' id='word_1_247' title='bbox 376 3764 513 3848; x_wconf 84' lang='lat' dir='ltr'>rimdm</span> <span class='ocrx_word' id='word_1_248' title='bbox 532 3766 628 3848; x_wconf 83' lang='lat' dir='ltr'>verb</span> <span class='ocrx_word' id='word_1_249' title='bbox 652 3765 763 3847; x_wconf 91' lang='lat' dir='ltr'>Deus</span> <span class='ocrx_word' id='word_1_250' title='bbox 785 3760 837 3846; x_wconf 85' lang='lat' dir='ltr'>ab</span> <span class='ocrx_word' id='word_1_251' title='bbox 858 3768 912 3847; x_wconf 86' lang='lat' dir='ltr'>eis</span> <span class='ocrx_word' id='word_1_252' title='bbox 931 3758 1084 3849; x_wconf 81' lang='lat' dir='ltr'>abstulit</span> <span class='ocrx_word' id='word_1_253' title='bbox 1104 3762 1249 3877; x_wconf 80' lang='lat' dir='ltr'>lpe&#39;cies</span> <span class='ocrx_word' id='word_1_254' title='bbox 1266 3765 1459 3862; x_wconf 83' lang='lat' dir='ltr'>terrificas,</span> <span class='ocrx_word' id='word_1_255' title='bbox 1477 3789 1548 3874; x_wconf 88' lang='lat' dir='ltr'>per</span> <span class='ocrx_word' id='word_1_256' title='bbox 1564 3787 1676 3873; x_wconf 84' lang='lat' dir='ltr'>quas</span> 
     </span>
     <span class='ocr_line' id='line_1_32' title="bbox 215 3872 1699 3992; baseline -0.003 -28"><span class='ocrx_word' id='word_1_257' title='bbox 215 3904 338 3964; x_wconf 90' lang='lat' dir='ltr'>contu</span> <span class='ocrx_word' id='word_1_258' title='bbox 409 3879 570 3974; x_wconf 87' lang='lat' dir='ltr'>bantur,</span> <span class='ocrx_word' id='word_1_259' title='bbox 604 3876 757 3963; x_wconf 88' lang='lat' dir='ltr'>Lucifer</span> <span class='ocrx_word' id='word_1_260' title='bbox 795 3876 902 3990; x_wconf 79' lang='lat' dir='ltr'>quasi</span> <span class='ocrx_word' id='word_1_261' title='bbox 930 3872 1173 3992; x_wconf 82' lang='lat' dir='ltr'>respiraturus</span> <span class='ocrx_word' id='word_1_262' title='bbox 1210 3892 1404 3991; x_wconf 66' lang='lat' dir='ltr'>connotat</span> <span class='ocrx_word' id='word_1_263' title='bbox 1436 3874 1665 3961; x_wconf 86' lang='lat' dir='ltr'>Concilium</span> <span class='ocrx_word' id='word_1_264' title='bbox 1681 3934 1699 3951; x_wconf 72' lang='grc'><strong>.</strong></span> 
     </span>
     <span class='ocr_line' id='line_1_33' title="bbox 217 3990 963 4106; baseline -0.005 -28"><span class='ocrx_word' id='word_1_265' title='bbox 217 3992 466 4092; x_wconf 78' lang='lat' dir='ltr'>doemonum,</span> <span class='ocrx_word' id='word_1_266' title='bbox 496 3997 537 4077; x_wconf 93' lang='lat' dir='ltr'>in</span> <span class='ocrx_word' id='word_1_267' title='bbox 560 4019 645 4106; x_wconf 91' lang='lat' dir='ltr'>quo</span> <span class='ocrx_word' id='word_1_268' title='bbox 668 3990 718 4076; x_wconf 86' lang='lat' dir='ltr'>stc</span> <span class='ocrx_word' id='word_1_269' title='bbox 739 3997 813 4077; x_wconf 85' lang='lat' dir='ltr'>ait:</span> <span class='ocrx_word' id='word_1_270' title='bbox 839 4039 858 4058; x_wconf 92' lang='lat'><strong>·</strong></span> <span class='ocrx_word' id='word_1_271' title='bbox 954 4067 963 4083; x_wconf 80' lang='grc'><strong>,</strong></span> 
     </span>
     <span class='ocr_line' id='line_1_34' title="bbox 337 4104 1664 4213; baseline -0.005 -23"><span class='ocrx_word' id='word_1_272' title='bbox 337 4133 432 4213; x_wconf 78' lang='lat'>30¹·</span> <span class='ocrx_word' id='word_1_273' title='bbox 459 4114 503 4191; x_wconf 82' lang='lat' dir='ltr'>B.</span> <span class='ocrx_word' id='word_1_274' title='bbox 526 4112 577 4194; x_wconf 87' lang='lat' dir='ltr'>V.</span> <span class='ocrx_word' id='word_1_275' title='bbox 597 4109 648 4194; x_wconf 85' lang='lat' dir='ltr'>ad</span> <span class='ocrx_word' id='word_1_276' title='bbox 670 4134 735 4192; x_wconf 92' lang='lat' dir='ltr'>me</span> <span class='ocrx_word' id='word_1_277' title='bbox 760 4107 878 4194; x_wconf 85' lang='lat' dir='ltr'>dixit:</span> <span class='ocrx_word' id='word_1_278' title='bbox 907 4106 948 4191; x_wconf 86' lang='lat' dir='ltr'>Si</span> <span class='ocrx_word' id='word_1_279' title='bbox 966 4104 1147 4192; x_wconf 86' lang='lat' dir='ltr'>homines</span> <span class='ocrx_word' id='word_1_280' title='bbox 1163 4133 1229 4195; x_wconf 88' lang='lat' dir='ltr'>me</span> <span class='ocrx_word' id='word_1_281' title='bbox 1244 4109 1472 4192; x_wconf 80' lang='lat' dir='ltr'>invocarent</span> <span class='ocrx_word' id='word_1_282' title='bbox 1488 4105 1535 4189; x_wconf 86' lang='lat' dir='ltr'>in</span> <span class='ocrx_word' id='word_1_283' title='bbox 1554 4126 1664 4185; x_wconf 87' lang='lat' dir='ltr'>conr·</span> 
     </span>
     <span class='ocr_line' id='line_1_35' title="bbox 971 4220 1666 4330; baseline -0.003 -27"><span class='ocrx_word' id='word_1_284' title='bbox 971 4220 1092 4307; x_wconf 75' lang='lat' dir='ltr'>liis</span> <span class='ocrx_word' id='word_1_285' title='bbox 1417 4237 1423 4250; x_wconf 83' lang='lat'><strong>·</strong></span> <span class='ocrx_word' id='word_1_286' title='bbox 1506 4239 1666 4330; x_wconf 85' lang='lat' dir='ltr'>petente</span> 
     </span>
    </p>
   </div>
   <div class='ocr_carea' id='block_1_6' title="bbox 0 0 1902 4994">
    <p class='ocr_par' dir='ltr' id='par_1_14' title="bbox 0 0 1902 4994">
     <span class='ocr_line' id='line_1_36' title="bbox 0 0 1902 4994; baseline 0 0"><span class='ocrx_word' id='word_1_287' title='bbox 0 0 1902 4994; x_wconf 95' lang='lat' dir='ltr'> </span> 
     </span>
    </p>
   </div>
  </div>
 </body>
</html>
