<?xml version="1.0" encoding="UTF-8"?>
<!DOCTYPE html PUBLIC "-//W3C//DTD XHTML 1.0 Transitional//EN"
    "http://www.w3.org/TR/xhtml1/DTD/xhtml1-transitional.dtd">
<html xmlns="http://www.w3.org/1999/xhtml" xml:lang="en" lang="en">
 <head>
  <title>
</title>
<meta http-equiv="Content-Type" content="text/html;charset=utf-8" />
  <meta name='ocr-system' content='tesseract 3.04.00' />
  <meta name='ocr-capabilities' content='ocr_page ocr_carea ocr_par ocr_line ocrx_word'/>
</head>
<body>
  <div class='ocr_page' id='page_1' title='image "./derevelationibu00amorgoog_0286.png"; bbox 0 0 3796 4994; ppageno 0'>
   <div class='ocr_carea' id='block_1_1' title="bbox 282 215 1357 398">
    <p class='ocr_par' dir='ltr' id='par_1_1' title="bbox 282 215 1357 398">
     <span class='ocr_line' id='line_1_1' title="bbox 282 215 1357 398; baseline -0.018 -21"><span class='ocrx_word' id='word_1_1' title='bbox 282 234 286 240; x_wconf 29' lang='lat'>¹</span> <span class='ocrx_word' id='word_1_2' title='bbox 318 267 422 379; x_wconf 82' lang='lat'>266</span> <span class='ocrx_word' id='word_1_3' title='bbox 728 264 1002 398; x_wconf 78' lang='lat' dir='ltr'><em>Regularum</em></span> <span class='ocrx_word' id='word_1_4' title='bbox 1028 215 1357 362; x_wconf 72' lang='lat' dir='ltr'>summarium.</span> 
     </span>
    </p>
   </div>
   <div class='ocr_carea' id='block_1_2' title="bbox 312 461 1785 1047">
    <p class='ocr_par' dir='ltr' id='par_1_2' title="bbox 312 461 1785 1047">
     <span class='ocr_line' id='line_1_2' title="bbox 348 461 1780 588; baseline 0.004 -35"><span class='ocrx_word' id='word_1_5' title='bbox 348 548 351 553; x_wconf 85' lang='lat'><em>.</em></span> <span class='ocrx_word' id='word_1_6' title='bbox 420 468 580 588; x_wconf 80' lang='lat' dir='ltr'>Regula</span> <span class='ocrx_word' id='word_1_7' title='bbox 612 496 677 571; x_wconf 82' lang='lat'>1&#39;9·</span> <span class='ocrx_word' id='word_1_8' title='bbox 732 473 831 556; x_wconf 89' lang='lat' dir='ltr'>Non</span> <span class='ocrx_word' id='word_1_9' title='bbox 858 468 912 554; x_wconf 83' lang='lat' dir='ltr'>est</span> <span class='ocrx_word' id='word_1_10' title='bbox 941 492 1089 553; x_wconf 87' lang='lat' dir='ltr'>eertum</span> <span class='ocrx_word' id='word_1_11' title='bbox 1110 464 1298 584; x_wconf 66' lang='lat' dir='ltr'>ignum,</span> <span class='ocrx_word' id='word_1_12' title='bbox 1331 461 1613 554; x_wconf 77' lang='lat' dir='ltr'>revelationem</span> <span class='ocrx_word' id='word_1_13' title='bbox 1648 465 1780 559; x_wconf 72' lang='lat' dir='ltr'>esselt</span> 
     </span>
     <span class='ocr_line' id='line_1_3' title="bbox 315 576 1785 701; baseline -0.003 -23"><span class='ocrx_word' id='word_1_14' title='bbox 315 589 479 690; x_wconf 72' lang='lat' dir='ltr'>Demsi</span> <span class='ocrx_word' id='word_1_15' title='bbox 508 591 661 701; x_wconf 79' lang='lat' dir='ltr'>instiget</span> <span class='ocrx_word' id='word_1_16' title='bbox 690 585 741 670; x_wconf 90' lang='lat' dir='ltr'>ad</span> <span class='ocrx_word' id='word_1_17' title='bbox 767 584 1087 699; x_wconf 89' lang='lat' dir='ltr'>promovendum</span> <span class='ocrx_word' id='word_1_18' title='bbox 1116 586 1312 670; x_wconf 88' lang='lat' dir='ltr'>honorem</span> <span class='ocrx_word' id='word_1_19' title='bbox 1351 581 1455 684; x_wconf 89' lang='lat' dir='ltr'>Dei,</span> <span class='ocrx_word' id='word_1_20' title='bbox 1491 576 1785 697; x_wconf 85' lang='lat' dir='ltr'>procurandum.</span> 
     </span>
     <span class='ocr_line' id='line_1_4' title="bbox 316 693 1778 814; baseline -0.006 -19"><span class='ocrx_word' id='word_1_21' title='bbox 316 702 612 795; x_wconf 83' lang='lat' dir='ltr'>conversionem</span> <span class='ocrx_word' id='word_1_22' title='bbox 643 705 869 802; x_wconf 88' lang='lat' dir='ltr'>animarum,</span> <span class='ocrx_word' id='word_1_23' title='bbox 898 693 1054 813; x_wconf 89' lang='lat' dir='ltr'>aliaque</span> <span class='ocrx_word' id='word_1_24' title='bbox 1079 728 1200 813; x_wconf 87' lang='lat' dir='ltr'>opera</span> <span class='ocrx_word' id='word_1_25' title='bbox 1226 703 1379 786; x_wconf 86' lang='lat' dir='ltr'>eximia.</span> <span class='ocrx_word' id='word_1_26' title='bbox 1437 701 1550 785; x_wconf 83' lang='lat' dir='ltr'>Ratio</span> <span class='ocrx_word' id='word_1_27' title='bbox 1580 703 1653 800; x_wconf 90' lang='lat' dir='ltr'>est,</span> <span class='ocrx_word' id='word_1_28' title='bbox 1685 707 1778 814; x_wconf 92' lang='lat' dir='ltr'>quia</span> 
     </span>
     <span class='ocr_line' id='line_1_5' title="bbox 312 812 1778 927; baseline -0.004 -18"><span class='ocrx_word' id='word_1_29' title='bbox 312 823 368 913; x_wconf 83' lang='lat' dir='ltr'>ad</span> <span class='ocrx_word' id='word_1_30' title='bbox 384 825 451 907; x_wconf 89' lang='lat' dir='ltr'>ista</span> <span class='ocrx_word' id='word_1_31' title='bbox 485 824 600 904; x_wconf 90' lang='lat' dir='ltr'>etiam</span> <span class='ocrx_word' id='word_1_32' title='bbox 626 816 793 901; x_wconf 84' lang='lat' dir='ltr'>doemon</span> <span class='ocrx_word' id='word_1_33' title='bbox 813 842 976 900; x_wconf 91' lang='lat' dir='ltr'>movete</span> <span class='ocrx_word' id='word_1_34' title='bbox 989 818 1117 927; x_wconf 90' lang='lat' dir='ltr'>potest</span> <span class='ocrx_word' id='word_1_35' title='bbox 1134 844 1186 900; x_wconf 94' lang='lat' dir='ltr'>eo</span> <span class='ocrx_word' id='word_1_36' title='bbox 1209 813 1309 915; x_wconf 88' lang='lat' dir='ltr'>fine,</span> <span class='ocrx_word' id='word_1_37' title='bbox 1332 841 1374 900; x_wconf 92' lang='lat' dir='ltr'>ut</span> <span class='ocrx_word' id='word_1_38' title='bbox 1411 812 1614 927; x_wconf 84' lang='lat' dir='ltr'>personam</span> <span class='ocrx_word' id='word_1_39' title='bbox 1646 817 1778 903; x_wconf 89' lang='lat' dir='ltr'>turbet</span> 
     </span>
     <span class='ocr_line' id='line_1_6' title="bbox 319 926 1778 1047; baseline -0.001 -24"><span class='ocrx_word' id='word_1_40' title='bbox 319 942 433 1032; x_wconf 85' lang='lat' dir='ltr'>curis,</span> <span class='ocrx_word' id='word_1_41' title='bbox 464 962 562 1047; x_wconf 89' lang='lat' dir='ltr'>quas</span> <span class='ocrx_word' id='word_1_42' title='bbox 590 926 750 1016; x_wconf 85' lang='lat' dir='ltr'>aliunde</span> <span class='ocrx_word' id='word_1_43' title='bbox 787 930 973 1043; x_wconf 88' lang='lat' dir='ltr'>praevidet</span> <span class='ocrx_word' id='word_1_44' title='bbox 995 927 1083 1016; x_wconf 89' lang='lat' dir='ltr'>sote</span> <span class='ocrx_word' id='word_1_45' title='bbox 1106 929 1349 1031; x_wconf 76' lang='lat' dir='ltr'>sruslranem,</span> <span class='ocrx_word' id='word_1_46' title='bbox 1378 955 1445 1015; x_wconf 91' lang='lat' dir='ltr'>aut</span> <span class='ocrx_word' id='word_1_47' title='bbox 1468 936 1596 1046; x_wconf 83' lang='lat' dir='ltr'>exigui</span> <span class='ocrx_word' id='word_1_48' title='bbox 1618 930 1778 1022; x_wconf 75' lang='lat' dir='ltr'>studius.</span> 
     </span>
    </p>
   </div>
   <div class='ocr_carea' id='block_1_3' title="bbox 317 1048 1042 1164">
    <p class='ocr_par' dir='ltr' id='par_1_3' title="bbox 317 1048 1042 1164">
     <span class='ocr_line' id='line_1_7' title="bbox 317 1048 1042 1164; baseline -0.019 -22"><span class='ocrx_word' id='word_1_49' title='bbox 317 1054 429 1142; x_wconf 85' lang='lat' dir='ltr'>laur.</span> <span class='ocrx_word' id='word_1_50' title='bbox 458 1053 555 1164; x_wconf 86' lang='lat' dir='ltr'>Reg.</span> <span class='ocrx_word' id='word_1_51' title='bbox 579 1075 644 1133; x_wconf 83' lang='lat' dir='ltr'>ao.</span> <span class='ocrx_word' id='word_1_52' title='bbox 661 1077 730 1152; x_wconf 63' lang='grc' dir='ltr'>ις.</span> <span class='ocrx_word' id='word_1_53' title='bbox 754 1048 860 1134; x_wconf 86' lang='lat' dir='ltr'>Cast.</span> <span class='ocrx_word' id='word_1_54' title='bbox 881 1050 980 1160; x_wconf 84' lang='lat' dir='ltr'>Reg.</span> <span class='ocrx_word' id='word_1_55' title='bbox 1000 1080 1042 1150; x_wconf 78' lang='lat'>4.</span> 
     </span>
    </p>
   </div>
   <div class='ocr_carea' id='block_1_4' title="bbox 315 1226 1777 1698">
    <p class='ocr_par' dir='ltr' id='par_1_4' title="bbox 315 1226 1777 1698">
     <span class='ocr_line' id='line_1_8' title="bbox 430 1226 1776 1352; baseline 0.003 -33"><span class='ocrx_word' id='word_1_56' title='bbox 430 1229 588 1352; x_wconf 79' lang='lat' dir='ltr'>Regula.</span> <span class='ocrx_word' id='word_1_57' title='bbox 619 1260 689 1321; x_wconf 84' lang='grc' dir='ltr'>ιο.</span> <span class='ocrx_word' id='word_1_58' title='bbox 743 1235 844 1318; x_wconf 89' lang='grc' dir='ltr'>Νοιι</span> <span class='ocrx_word' id='word_1_59' title='bbox 876 1229 930 1315; x_wconf 88' lang='lat' dir='ltr'>est</span> <span class='ocrx_word' id='word_1_60' title='bbox 961 1253 1109 1315; x_wconf 84' lang='lat' dir='ltr'>eertum</span> <span class='ocrx_word' id='word_1_61' title='bbox 1141 1227 1313 1345; x_wconf 80' lang='lat' dir='ltr'>lignum,</span> <span class='ocrx_word' id='word_1_62' title='bbox 1341 1226 1620 1318; x_wconf 83' lang='lat' dir='ltr'>revelationem</span> <span class='ocrx_word' id='word_1_63' title='bbox 1648 1230 1776 1324; x_wconf 76' lang='lat' dir='ltr'>essed</span> 
     </span>
     <span class='ocr_line' id='line_1_9' title="bbox 316 1342 1777 1463; baseline -0.001 -24"><span class='ocrx_word' id='word_1_64' title='bbox 316 1350 427 1449; x_wconf 85' lang='lat' dir='ltr'>Deo,</span> <span class='ocrx_word' id='word_1_65' title='bbox 453 1349 480 1435; x_wconf 81' lang='lat' dir='ltr'>fi</span> <span class='ocrx_word' id='word_1_66' title='bbox 509 1355 542 1434; x_wconf 89' lang='lat' dir='ltr'>is</span> <span class='ocrx_word' id='word_1_67' title='bbox 564 1355 633 1463; x_wconf 82' lang='lat' dir='ltr'>q‘ui</span> <span class='ocrx_word' id='word_1_68' title='bbox 655 1373 815 1459; x_wconf 88' lang='lat' dir='ltr'>apparet</span> <span class='ocrx_word' id='word_1_69' title='bbox 834 1348 969 1430; x_wconf 88' lang='lat' dir='ltr'>incitet</span> <span class='ocrx_word' id='word_1_70' title='bbox 991 1346 1041 1430; x_wconf 91' lang='lat' dir='ltr'>ad</span> <span class='ocrx_word' id='word_1_71' title='bbox 1060 1375 1180 1459; x_wconf 87' lang='lat' dir='ltr'>opera</span> <span class='ocrx_word' id='word_1_72' title='bbox 1204 1342 1424 1459; x_wconf 83' lang='lat' dir='ltr'>spiritualia,</span> <span class='ocrx_word' id='word_1_73' title='bbox 1453 1373 1519 1432; x_wconf 91' lang='lat' dir='ltr'>aut</span> <span class='ocrx_word' id='word_1_74' title='bbox 1538 1345 1698 1460; x_wconf 84' lang='lat' dir='ltr'>ipsemet</span> <span class='ocrx_word' id='word_1_75' title='bbox 1730 1380 1777 1438; x_wconf 89' lang='lat' dir='ltr'>ea</span> 
     </span>
     <span class='ocr_line' id='line_1_10' title="bbox 317 1459 1776 1578; baseline 0.003 -27"><span class='ocrx_word' id='word_1_76' title='bbox 317 1463 469 1566; x_wconf 87' lang='lat' dir='ltr'>efficiat,</span> <span class='ocrx_word' id='word_1_77' title='bbox 492 1494 529 1550; x_wconf 90' lang='lat' dir='ltr'>v.</span> <span class='ocrx_word' id='word_1_78' title='bbox 553 1494 591 1578; x_wconf 86' lang='lat' dir='ltr'>g.</span> <span class='ocrx_word' id='word_1_79' title='bbox 615 1463 818 1549; x_wconf 89' lang='lat' dir='ltr'>recitando</span> <span class='ocrx_word' id='word_1_80' title='bbox 836 1466 1026 1556; x_wconf 75' lang='lat' dir='ltr'>Limnias,</span> <span class='ocrx_word' id='word_1_81' title='bbox 1050 1487 1120 1572; x_wconf 74' lang='lat' dir='ltr'>aut</span> <span class='ocrx_word' id='word_1_82' title='bbox 1144 1459 1326 1549; x_wconf 85' lang='lat' dir='ltr'>Officium</span> <span class='ocrx_word' id='word_1_83' title='bbox 1344 1464 1531 1549; x_wconf 87' lang='lat' dir='ltr'>divinum.</span> <span class='ocrx_word' id='word_1_84' title='bbox 1552 1469 1626 1550; x_wconf 83' lang='lat' dir='ltr'>dte.</span> <span class='ocrx_word' id='word_1_85' title='bbox 1662 1470 1776 1554; x_wconf 85' lang='lat' dir='ltr'>Laut.</span> 
     </span>
     <span class='ocr_line' id='line_1_11' title="bbox 315 1574 1201 1698; baseline -0.009 -29"><span class='ocrx_word' id='word_1_86' title='bbox 315 1582 413 1698; x_wconf 82' lang='lat' dir='ltr'>Reg.</span> <span class='ocrx_word' id='word_1_87' title='bbox 431 1609 498 1685; x_wconf 84' lang='lat'>3⁰·</span> <span class='ocrx_word' id='word_1_88' title='bbox 513 1582 618 1667; x_wconf 87' lang='lat' dir='ltr'>Cast.</span> <span class='ocrx_word' id='word_1_89' title='bbox 635 1585 683 1664; x_wconf 87' lang='lat' dir='ltr'>R.</span> <span class='ocrx_word' id='word_1_90' title='bbox 698 1610 740 1682; x_wconf 81' lang='lat'>4.</span> <span class='ocrx_word' id='word_1_91' title='bbox 757 1582 847 1684; x_wconf 76' lang='lat' dir='ltr'>Joa</span> <span class='ocrx_word' id='word_1_92' title='bbox 865 1574 890 1662; x_wconf 76' lang='lat' dir='ltr'>ai</span> <span class='ocrx_word' id='word_1_93' title='bbox 909 1577 1040 1663; x_wconf 87' lang='lat' dir='ltr'>Cruce</span> <span class='ocrx_word' id='word_1_94' title='bbox 1064 1578 1109 1670; x_wconf 84' lang='lat' dir='ltr'>R.</span> <span class='ocrx_word' id='word_1_95' title='bbox 1130 1608 1150 1687; x_wconf 23' lang='grc' dir='ltr'>,ι</span> <span class='ocrx_word' id='word_1_96' title='bbox 1166 1608 1201 1681; x_wconf 85' lang='lat'>5.</span> 
     </span>
    </p>
   </div>
   <div class='ocr_carea' id='block_1_5' title="bbox 1758 1766 1777 1795">
    <p class='ocr_par' dir='ltr' id='par_1_5' title="bbox 1758 1766 1777 1795">
     <span class='ocr_line' id='line_1_12' title="bbox 1758 1766 1777 1795; baseline 0 -6"><span class='ocrx_word' id='word_1_97' title='bbox 1758 1766 1777 1795; x_wconf 50' lang='lat' dir='ltr'>S.</span> 
     </span>
    </p>
   </div>
   <div class='ocr_carea' id='block_1_6' title="bbox 257 1756 1782 3259">
    <p class='ocr_par' dir='ltr' id='par_1_6' title="bbox 257 1756 1782 3259">
     <span class='ocr_line' id='line_1_13' title="bbox 417 1756 1778 1882; baseline 0.003 -31"><span class='ocrx_word' id='word_1_98' title='bbox 417 1761 586 1882; x_wconf 79' lang='lat' dir='ltr'>Regula.</span> <span class='ocrx_word' id='word_1_99' title='bbox 617 1791 684 1852; x_wconf 81' lang='lat' dir='ltr'>aa.</span> <span class='ocrx_word' id='word_1_100' title='bbox 743 1764 844 1848; x_wconf 91' lang='lat' dir='ltr'>Non</span> <span class='ocrx_word' id='word_1_101' title='bbox 877 1761 932 1847; x_wconf 88' lang='lat' dir='ltr'>est</span> <span class='ocrx_word' id='word_1_102' title='bbox 961 1784 1107 1847; x_wconf 89' lang='lat' dir='ltr'>certum</span> <span class='ocrx_word' id='word_1_103' title='bbox 1137 1759 1311 1877; x_wconf 77' lang='lat' dir='ltr'>signum,</span> <span class='ocrx_word' id='word_1_104' title='bbox 1347 1756 1626 1850; x_wconf 83' lang='lat' dir='ltr'>revelationem</span> <span class='ocrx_word' id='word_1_105' title='bbox 1656 1761 1778 1856; x_wconf 82' lang='lat' dir='ltr'>elsea</span> 
     </span>
     <span class='ocr_line' id='line_1_14' title="bbox 314 1874 1782 1990; baseline -0.001 -20"><span class='ocrx_word' id='word_1_106' title='bbox 314 1882 425 1984; x_wconf 89' lang='lat' dir='ltr'>Deo,</span> <span class='ocrx_word' id='word_1_107' title='bbox 450 1880 536 1967; x_wconf 85' lang='lat' dir='ltr'>siin</span> <span class='ocrx_word' id='word_1_108' title='bbox 563 1886 641 1988; x_wconf 90' lang='lat' dir='ltr'>ejus</span> <span class='ocrx_word' id='word_1_109' title='bbox 672 1876 1012 1964; x_wconf 86' lang='lat' dir='ltr'>confirmationem</span> <span class='ocrx_word' id='word_1_110' title='bbox 1043 1874 1138 1961; x_wconf 89' lang='lat' dir='ltr'>fiant</span> <span class='ocrx_word' id='word_1_111' title='bbox 1166 1880 1390 1990; x_wconf 85' lang='lat' dir='ltr'>apparentia</span> <span class='ocrx_word' id='word_1_112' title='bbox 1426 1877 1641 1980; x_wconf 87' lang='lat' dir='ltr'>miracula,</span> <span class='ocrx_word' id='word_1_113' title='bbox 1675 1887 1782 1969; x_wconf 81' lang='lat' dir='ltr'>vires‘</span> 
     </span>
     <span class='ocr_line' id='line_1_15' title="bbox 316 1989 1774 2111; baseline -0.001 -27"><span class='ocrx_word' id='word_1_114' title='bbox 316 2000 516 2083; x_wconf 87' lang='lat' dir='ltr'>tloemonis</span> <span class='ocrx_word' id='word_1_115' title='bbox 551 2023 632 2079; x_wconf 92' lang='lat' dir='ltr'>non</span> <span class='ocrx_word' id='word_1_116' title='bbox 663 1993 892 2078; x_wconf 84' lang='lat' dir='ltr'>excedentia</span> <span class='ocrx_word' id='word_1_117' title='bbox 914 2020 952 2078; x_wconf 92' lang='lat' dir='ltr'>v.</span> <span class='ocrx_word' id='word_1_118' title='bbox 980 2021 1016 2105; x_wconf 82' lang='lat' dir='ltr'>g.</span> <span class='ocrx_word' id='word_1_119' title='bbox 1042 1990 1069 2076; x_wconf 90' lang='lat' dir='ltr'>sr</span> <span class='ocrx_word' id='word_1_120' title='bbox 1092 1994 1312 2106; x_wconf 82' lang='lat' dir='ltr'>infligantur</span> <span class='ocrx_word' id='word_1_121' title='bbox 1341 1995 1470 2077; x_wconf 88' lang='lat' dir='ltr'>morbi</span> <span class='ocrx_word' id='word_1_122' title='bbox 1491 1989 1588 2093; x_wconf 88' lang='lat' dir='ltr'>illis,</span> <span class='ocrx_word' id='word_1_123' title='bbox 1618 1997 1774 2111; x_wconf 91' lang='lat' dir='ltr'>quitali</span> 
     </span>
     <span class='ocr_line' id='line_1_16' title="bbox 311 2104 1768 2226; baseline -0.002 -24"><span class='ocrx_word' id='word_1_124' title='bbox 311 2107 541 2202; x_wconf 86' lang='lat' dir='ltr'>revelationi</span> <span class='ocrx_word' id='word_1_125' title='bbox 566 2137 648 2193; x_wconf 91' lang='lat' dir='ltr'>non</span> <span class='ocrx_word' id='word_1_126' title='bbox 675 2107 866 2193; x_wconf 89' lang='lat' dir='ltr'>adhibent</span> <span class='ocrx_word' id='word_1_127' title='bbox 884 2104 1077 2205; x_wconf 85' lang='lat' dir='ltr'>fidem,li</span> <span class='ocrx_word' id='word_1_128' title='bbox 1108 2107 1300 2214; x_wconf 86' lang='lat' dir='ltr'>ejusmodi</span> <span class='ocrx_word' id='word_1_129' title='bbox 1327 2106 1515 2192; x_wconf 90' lang='lat' dir='ltr'>increduli</span> <span class='ocrx_word' id='word_1_130' title='bbox 1545 2112 1768 2226; x_wconf 84' lang='lat' dir='ltr'>affligantur</span> 
     </span>
     <span class='ocr_line' id='line_1_17' title="bbox 313 2218 1774 2339; baseline -0.001 -24"><span class='ocrx_word' id='word_1_131' title='bbox 313 2226 395 2325; x_wconf 90' lang='lat' dir='ltr'>lue,</span> <span class='ocrx_word' id='word_1_132' title='bbox 414 2226 603 2339; x_wconf 84' lang='lat' dir='ltr'>grandine</span> <span class='ocrx_word' id='word_1_133' title='bbox 623 2230 699 2308; x_wconf 83' lang='lat' dir='ltr'>dte.</span> <span class='ocrx_word' id='word_1_134' title='bbox 756 2227 797 2307; x_wconf 84' lang='lat' dir='ltr'>si</span> <span class='ocrx_word' id='word_1_135' title='bbox 820 2223 1074 2334; x_wconf 86' lang='lat' dir='ltr'>praedicantur</span> <span class='ocrx_word' id='word_1_136' title='bbox 1099 2218 1239 2319; x_wconf 90' lang='lat' dir='ltr'>sutura,</span> <span class='ocrx_word' id='word_1_137' title='bbox 1264 2220 1499 2337; x_wconf 83' lang='lat' dir='ltr'>siquaepiam</span> <span class='ocrx_word' id='word_1_138' title='bbox 1523 2226 1694 2338; x_wconf 78' lang='lat' dir='ltr'>persona</span> <span class='ocrx_word' id='word_1_139' title='bbox 1714 2235 1774 2314; x_wconf 80' lang='lat' dir='ltr'>in-</span> 
     </span>
     <span class='ocr_line' id='line_1_18' title="bbox 315 2333 1774 2457; baseline -0.001 -26"><span class='ocrx_word' id='word_1_140' title='bbox 315 2344 499 2457; x_wconf 80' lang='lat' dir='ltr'>stigentur</span> <span class='ocrx_word' id='word_1_141' title='bbox 520 2341 571 2424; x_wconf 92' lang='lat' dir='ltr'>ad</span> <span class='ocrx_word' id='word_1_142' title='bbox 599 2365 773 2425; x_wconf 91' lang='lat' dir='ltr'>amorem</span> <span class='ocrx_word' id='word_1_143' title='bbox 791 2333 854 2422; x_wconf 86' lang='lat' dir='ltr'>vel</span> <span class='ocrx_word' id='word_1_144' title='bbox 875 2339 1041 2435; x_wconf 90' lang='lat' dir='ltr'>odium,</span> <span class='ocrx_word' id='word_1_145' title='bbox 1064 2335 1092 2421; x_wconf 88' lang='lat' dir='ltr'>st</span> <span class='ocrx_word' id='word_1_146' title='bbox 1112 2335 1382 2424; x_wconf 86' lang='lat' dir='ltr'>transferantur</span> <span class='ocrx_word' id='word_1_147' title='bbox 1418 2367 1586 2453; x_wconf 87' lang='lat' dir='ltr'>corpora</span> <span class='ocrx_word' id='word_1_148' title='bbox 1612 2343 1663 2427; x_wconf 91' lang='lat' dir='ltr'>ab</span> <span class='ocrx_word' id='word_1_149' title='bbox 1691 2373 1774 2430; x_wconf 91' lang='lat' dir='ltr'>uno</span> 
     </span>
     <span class='ocr_line' id='line_1_19' title="bbox 314 2447 1773 2574; baseline -0.001 -29"><span class='ocrx_word' id='word_1_150' title='bbox 314 2453 411 2545; x_wconf 92' lang='lat' dir='ltr'>loco</span> <span class='ocrx_word' id='word_1_151' title='bbox 432 2456 484 2541; x_wconf 92' lang='lat' dir='ltr'>ad</span> <span class='ocrx_word' id='word_1_152' title='bbox 506 2450 653 2551; x_wconf 90' lang='lat' dir='ltr'>alium,</span> <span class='ocrx_word' id='word_1_153' title='bbox 683 2451 709 2538; x_wconf 89' lang='lat' dir='ltr'>st</span> <span class='ocrx_word' id='word_1_154' title='bbox 739 2451 832 2538; x_wconf 89' lang='lat' dir='ltr'>fiant</span> <span class='ocrx_word' id='word_1_155' title='bbox 862 2449 1005 2541; x_wconf 86' lang='lat' dir='ltr'>celeres</span> <span class='ocrx_word' id='word_1_156' title='bbox 1025 2447 1256 2556; x_wconf 87' lang='lat' dir='ltr'>sanationes,</span> <span class='ocrx_word' id='word_1_157' title='bbox 1280 2450 1308 2536; x_wconf 87' lang='lat' dir='ltr'>fi</span> <span class='ocrx_word' id='word_1_158' title='bbox 1331 2453 1621 2542; x_wconf 87' lang='lat' dir='ltr'>manifestentur</span> <span class='ocrx_word' id='word_1_159' title='bbox 1642 2451 1773 2574; x_wconf 83' lang='lat' dir='ltr'>aliqua</span> 
     </span>
     <span class='ocr_line' id='line_1_20' title="bbox 313 2563 1769 2685; baseline -0.001 -25"><span class='ocrx_word' id='word_1_160' title='bbox 313 2601 404 2660; x_wconf 85' lang='lat' dir='ltr'>cum</span> <span class='ocrx_word' id='word_1_161' title='bbox 423 2569 618 2685; x_wconf 82' lang='lat' dir='ltr'>phantasia</span> <span class='ocrx_word' id='word_1_162' title='bbox 646 2594 827 2653; x_wconf 85' lang='lat' dir='ltr'>connexa</span> <span class='ocrx_word' id='word_1_163' title='bbox 859 2563 1002 2654; x_wconf 85' lang='lat' dir='ltr'>secreta</span> <span class='ocrx_word' id='word_1_164' title='bbox 1033 2568 1237 2666; x_wconf 89' lang='lat' dir='ltr'>cordium,</span> <span class='ocrx_word' id='word_1_165' title='bbox 1271 2572 1311 2651; x_wconf 82' lang='lat' dir='ltr'>dt</span> <span class='ocrx_word' id='word_1_166' title='bbox 1346 2576 1451 2678; x_wconf 83' lang='lat' dir='ltr'>juxta</span> <span class='ocrx_word' id='word_1_167' title='bbox 1481 2598 1564 2656; x_wconf 87' lang='lat' dir='ltr'>eam</span> <span class='ocrx_word' id='word_1_168' title='bbox 1590 2578 1769 2659; x_wconf 89' lang='lat' dir='ltr'>notitiam</span> 
     </span>
     <span class='ocr_line' id='line_1_21' title="bbox 292 2679 1772 2801; baseline 0.001 -29"><span class='ocrx_word' id='word_1_169' title='bbox 292 2682 423 2798; x_wconf 76' lang='lat' dir='ltr'>alteri</span> <span class='ocrx_word' id='word_1_170' title='bbox 454 2683 668 2799; x_wconf 89' lang='lat' dir='ltr'>inspiratam</span> <span class='ocrx_word' id='word_1_171' title='bbox 704 2679 915 2768; x_wconf 85' lang='lat' dir='ltr'>efficiantur</span> <span class='ocrx_word' id='word_1_172' title='bbox 945 2687 1208 2795; x_wconf 85' lang='lat' dir='ltr'>operationes,</span> <span class='ocrx_word' id='word_1_173' title='bbox 1236 2711 1273 2767; x_wconf 90' lang='lat' dir='ltr'>v.</span> <span class='ocrx_word' id='word_1_174' title='bbox 1306 2708 1345 2797; x_wconf 83' lang='lat' dir='ltr'>g.</span> <span class='ocrx_word' id='word_1_175' title='bbox 1385 2687 1572 2771; x_wconf 88' lang='lat' dir='ltr'>restitutio</span> <span class='ocrx_word' id='word_1_176' title='bbox 1600 2689 1772 2801; x_wconf 87' lang='lat' dir='ltr'>personae</span> 
     </span>
     <span class='ocr_line' id='line_1_22' title="bbox 311 2793 1771 2915; baseline -0.002 -25"><span class='ocrx_word' id='word_1_177' title='bbox 311 2806 490 2891; x_wconf 66' lang='lat' dir='ltr'>nutrica</span> <span class='ocrx_word' id='word_1_178' title='bbox 522 2801 573 2885; x_wconf 91' lang='lat' dir='ltr'>ad</span> <span class='ocrx_word' id='word_1_179' title='bbox 614 2795 721 2885; x_wconf 78' lang='lat' dir='ltr'>tusum</span> <span class='ocrx_word' id='word_1_180' title='bbox 752 2793 928 2883; x_wconf 88' lang='lat' dir='ltr'>sensuum</span> <span class='ocrx_word' id='word_1_181' title='bbox 960 2806 1067 2907; x_wconf 83' lang='lat' dir='ltr'>juxta</span> <span class='ocrx_word' id='word_1_182' title='bbox 1102 2802 1305 2910; x_wconf 90' lang='lat' dir='ltr'>imperium</span> <span class='ocrx_word' id='word_1_183' title='bbox 1340 2794 1509 2884; x_wconf 87' lang='lat' dir='ltr'>mentale</span> <span class='ocrx_word' id='word_1_184' title='bbox 1539 2805 1771 2915; x_wconf 85' lang='lat' dir='ltr'>Superioris.</span> 
     </span>
     <span class='ocr_line' id='line_1_23' title="bbox 310 2908 1772 3032; baseline 0.001 -29"><span class='ocrx_word' id='word_1_185' title='bbox 310 2918 429 3003; x_wconf 86' lang='lat' dir='ltr'>Ratio</span> <span class='ocrx_word' id='word_1_186' title='bbox 451 2917 518 3017; x_wconf 91' lang='lat' dir='ltr'>est,</span> <span class='ocrx_word' id='word_1_187' title='bbox 544 2923 636 3030; x_wconf 89' lang='lat' dir='ltr'>quia</span> <span class='ocrx_word' id='word_1_188' title='bbox 661 2915 897 2999; x_wconf 84' lang='lat' dir='ltr'>haecomnia</span> <span class='ocrx_word' id='word_1_189' title='bbox 921 2915 1049 3026; x_wconf 90' lang='lat' dir='ltr'>potest</span> <span class='ocrx_word' id='word_1_190' title='bbox 1077 2908 1229 3000; x_wconf 85' lang='lat' dir='ltr'>efficere</span> <span class='ocrx_word' id='word_1_191' title='bbox 1250 2917 1417 3013; x_wconf 80' lang='lat' dir='ltr'>doemon</span> <span class='ocrx_word' id='word_1_192' title='bbox 1437 2920 1477 2999; x_wconf 90' lang='lat' dir='ltr'>in</span> <span class='ocrx_word' id='word_1_193' title='bbox 1497 2911 1595 3018; x_wconf 87' lang='lat' dir='ltr'>casu,</span> <span class='ocrx_word' id='word_1_194' title='bbox 1626 2946 1710 3032; x_wconf 91' lang='lat' dir='ltr'>quo</span> <span class='ocrx_word' id='word_1_195' title='bbox 1729 2921 1772 3005; x_wconf 92' lang='lat' dir='ltr'>id</span> 
     </span>
     <span class='ocr_line' id='line_1_24' title="bbox 257 3027 1772 3149; baseline 0.001 -30"><span class='ocrx_word' id='word_1_196' title='bbox 257 3036 262 3047; x_wconf 76' lang='grc'><em>“</em></span> <span class='ocrx_word' id='word_1_197' title='bbox 309 3032 380 3119; x_wconf 82' lang='lat' dir='ltr'>fibi</span> <span class='ocrx_word' id='word_1_198' title='bbox 407 3035 638 3147; x_wconf 84' lang='lat' dir='ltr'>permittitur</span> <span class='ocrx_word' id='word_1_199' title='bbox 667 3027 819 3115; x_wconf 67' lang='lat' dir='ltr'>iDeo,</span> <span class='ocrx_word' id='word_1_200' title='bbox 877 3031 990 3116; x_wconf 84' lang='lat' dir='ltr'>Laut.</span> <span class='ocrx_word' id='word_1_201' title='bbox 1016 3030 1111 3142; x_wconf 86' lang='lat' dir='ltr'>Reg.</span> <span class='ocrx_word' id='word_1_202' title='bbox 1136 3056 1201 3130; x_wconf 65' lang='grc' dir='ltr'>ιι.</span> <span class='ocrx_word' id='word_1_203' title='bbox 1230 3038 1297 3134; x_wconf 63' lang='lat'>3⁸2.</span> <span class='ocrx_word' id='word_1_204' title='bbox 1356 3030 1459 3116; x_wconf 89' lang='lat' dir='ltr'>Vide</span> <span class='ocrx_word' id='word_1_205' title='bbox 1494 3037 1610 3117; x_wconf 88' lang='lat' dir='ltr'>etiam</span> <span class='ocrx_word' id='word_1_206' title='bbox 1642 3038 1772 3149; x_wconf 81' lang='lat' dir='ltr'>Regu-</span> 
     </span>
     <span class='ocr_line' id='line_1_25' title="bbox 308 3141 850 3259; baseline -0.015 -24"><span class='ocrx_word' id='word_1_207' title='bbox 308 3141 387 3235; x_wconf 81' lang='lat' dir='ltr'>lam</span> <span class='ocrx_word' id='word_1_208' title='bbox 410 3163 448 3234; x_wconf 83' lang='grc'>6.</span> <span class='ocrx_word' id='word_1_209' title='bbox 469 3143 579 3259; x_wconf 90' lang='lat' dir='ltr'>supra</span> <span class='ocrx_word' id='word_1_210' title='bbox 599 3144 824 3247; x_wconf 76' lang='lat' dir='ltr'>addudiam.</span> <span class='ocrx_word' id='word_1_211' title='bbox 846 3150 850 3163; x_wconf 85' lang='lat'>&#39;</span> 
     </span>
    </p>
   </div>
   <div class='ocr_carea' id='block_1_7' title="bbox 305 3331 1770 3568">
    <p class='ocr_par' dir='ltr' id='par_1_7' title="bbox 305 3331 1770 3568">
     <span class='ocr_line' id='line_1_26' title="bbox 334 3331 1770 3458; baseline 0.003 -32"><span class='ocrx_word' id='word_1_212' title='bbox 334 3370 337 3375; x_wconf 77' lang='grc'><strong>’</strong></span> <span class='ocrx_word' id='word_1_213' title='bbox 430 3336 584 3458; x_wconf 81' lang='lat' dir='ltr'>Regula.</span> <span class='ocrx_word' id='word_1_214' title='bbox 614 3367 681 3423; x_wconf 79' lang='lat' dir='ltr'>uz.</span> <span class='ocrx_word' id='word_1_215' title='bbox 734 3335 840 3422; x_wconf 89' lang='lat' dir='ltr'>Non</span> <span class='ocrx_word' id='word_1_216' title='bbox 864 3337 918 3419; x_wconf 91' lang='lat' dir='ltr'>est</span> <span class='ocrx_word' id='word_1_217' title='bbox 943 3359 1091 3420; x_wconf 87' lang='lat' dir='ltr'>certum</span> <span class='ocrx_word' id='word_1_218' title='bbox 1119 3335 1293 3449; x_wconf 76' lang='lat' dir='ltr'>signnm,</span> <span class='ocrx_word' id='word_1_219' title='bbox 1322 3331 1602 3423; x_wconf 85' lang='lat' dir='ltr'>revelationem</span> <span class='ocrx_word' id='word_1_220' title='bbox 1640 3337 1770 3430; x_wconf 74' lang='lat' dir='ltr'>enea</span> 
     </span>
     <span class='ocr_line' id='line_1_27' title="bbox 305 3450 1768 3568; baseline 0.001 -27"><span class='ocrx_word' id='word_1_221' title='bbox 305 3456 416 3556; x_wconf 85' lang='lat' dir='ltr'>Deo,</span> <span class='ocrx_word' id='word_1_222' title='bbox 439 3454 690 3562; x_wconf 74' lang='lat' dir='ltr'>siconjundia</span> <span class='ocrx_word' id='word_1_223' title='bbox 719 3450 764 3538; x_wconf 91' lang='lat' dir='ltr'>stt</span> <span class='ocrx_word' id='word_1_224' title='bbox 786 3480 874 3538; x_wconf 90' lang='lat' dir='ltr'>cutn</span> <span class='ocrx_word' id='word_1_225' title='bbox 901 3455 1153 3537; x_wconf 86' lang='lat' dir='ltr'>invocatione</span> <span class='ocrx_word' id='word_1_226' title='bbox 1173 3455 1295 3538; x_wconf 90' lang='lat' dir='ltr'>divini</span> <span class='ocrx_word' id='word_1_227' title='bbox 1317 3457 1498 3547; x_wconf 88' lang='lat' dir='ltr'>nominis,</span> <span class='ocrx_word' id='word_1_228' title='bbox 1524 3483 1558 3536; x_wconf 92' lang='lat' dir='ltr'>v.</span> <span class='ocrx_word' id='word_1_229' title='bbox 1576 3483 1614 3568; x_wconf 84' lang='lat' dir='ltr'>g.</span> <span class='ocrx_word' id='word_1_230' title='bbox 1637 3461 1768 3561; x_wconf 75' lang='lat' dir='ltr'>JESU,</span> 
     </span>
    </p>
   </div>
   <div class='ocr_carea' id='block_1_8' title="bbox 167 3564 1769 3685">
    <p class='ocr_par' dir='ltr' id='par_1_8' title="bbox 167 3564 1769 3685">
     <span class='ocr_line' id='line_1_28' title="bbox 167 3564 1769 3685; baseline 0.005 -35"><span class='ocrx_word' id='word_1_231' title='bbox 167 3640 176 3650; x_wconf 85' lang='lat'>..</span> <span class='ocrx_word' id='word_1_232' title='bbox 303 3594 375 3656; x_wconf 82' lang='lat' dir='ltr'>aut</span> <span class='ocrx_word' id='word_1_233' title='bbox 392 3598 480 3655; x_wconf 87' lang='lat' dir='ltr'>cum</span> <span class='ocrx_word' id='word_1_234' title='bbox 498 3567 735 3656; x_wconf 89' lang='lat' dir='ltr'>formatione</span> <span class='ocrx_word' id='word_1_235' title='bbox 752 3564 816 3652; x_wconf 91' lang='lat' dir='ltr'>seu</span> <span class='ocrx_word' id='word_1_236' title='bbox 837 3567 1052 3682; x_wconf 85' lang='lat' dir='ltr'>gestatione</span> <span class='ocrx_word' id='word_1_237' title='bbox 1072 3566 1165 3680; x_wconf 85' lang='lat' dir='ltr'>figni</span> <span class='ocrx_word' id='word_1_238' title='bbox 1185 3574 1320 3656; x_wconf 86' lang='lat' dir='ltr'>crucis.</span> <span class='ocrx_word' id='word_1_239' title='bbox 1377 3571 1492 3653; x_wconf 86' lang='lat' dir='ltr'>Ratio</span> <span class='ocrx_word' id='word_1_240' title='bbox 1518 3572 1592 3671; x_wconf 89' lang='lat' dir='ltr'>est,</span> <span class='ocrx_word' id='word_1_241' title='bbox 1613 3577 1705 3685; x_wconf 82' lang='lat' dir='ltr'>quia</span> <span class='ocrx_word' id='word_1_242' title='bbox 1729 3601 1769 3658; x_wconf 92' lang='lat' dir='ltr'>e·</span> 
     </span>
    </p>
   </div>
   <div class='ocr_carea' id='block_1_9' title="bbox 304 3684 1155 3799">
    <p class='ocr_par' dir='ltr' id='par_1_9' title="bbox 304 3684 1155 3799">
     <span class='ocr_line' id='line_1_29' title="bbox 304 3684 1155 3799; baseline -0.006 -27"><span class='ocrx_word' id='word_1_243' title='bbox 304 3687 398 3772; x_wconf 76' lang='lat' dir='ltr'>tiam</span> <span class='ocrx_word' id='word_1_244' title='bbox 422 3688 530 3799; x_wconf 84' lang='lat' dir='ltr'>Magi</span> <span class='ocrx_word' id='word_1_245' title='bbox 555 3685 825 3769; x_wconf 68' lang='lat' dir='ltr'>bismantum·</span> <span class='ocrx_word' id='word_1_246' title='bbox 862 3684 967 3768; x_wconf 69' lang='lat' dir='ltr'>Casu</span> <span class='ocrx_word' id='word_1_247' title='bbox 993 3686 1090 3796; x_wconf 87' lang='lat' dir='ltr'>Reg.</span> <span class='ocrx_word' id='word_1_248' title='bbox 1118 3712 1155 3767; x_wconf 91' lang='grc' dir='ltr'>ι.</span> 
     </span>
    </p>
   </div>
   <div class='ocr_carea' id='block_1_10' title="bbox 202 3876 1768 4116">
    <p class='ocr_par' dir='ltr' id='par_1_10' title="bbox 202 3876 1768 4116">
     <span class='ocr_line' id='line_1_30' title="bbox 420 3876 1768 4000; baseline 0.001 -27"><span class='ocrx_word' id='word_1_249' title='bbox 420 3884 565 4000; x_wconf 68' lang='lat' dir='ltr'>Regula</span> <span class='ocrx_word' id='word_1_250' title='bbox 594 3916 660 3992; x_wconf 70' lang='grc' dir='ltr'>ις.</span> <span class='ocrx_word' id='word_1_251' title='bbox 718 3889 816 3972; x_wconf 86' lang='lat' dir='ltr'>Non</span> <span class='ocrx_word' id='word_1_252' title='bbox 849 3886 903 3969; x_wconf 85' lang='lat' dir='ltr'>est</span> <span class='ocrx_word' id='word_1_253' title='bbox 937 3909 1083 3970; x_wconf 87' lang='lat' dir='ltr'>certum</span> <span class='ocrx_word' id='word_1_254' title='bbox 1117 3886 1292 3999; x_wconf 79' lang='lat' dir='ltr'>signum,</span> <span class='ocrx_word' id='word_1_255' title='bbox 1329 3876 1610 3970; x_wconf 80' lang='lat' dir='ltr'>revelationem</span> <span class='ocrx_word' id='word_1_256' title='bbox 1647 3885 1768 3974; x_wconf 81' lang='lat' dir='ltr'>eiselt</span> 
     </span>
     <span class='ocr_line' id='line_1_31' title="bbox 202 3997 1765 4116; baseline -0.004 -23"><span class='ocrx_word' id='word_1_257' title='bbox 202 4018 207 4025; x_wconf 80' lang='grc'><em>“</em></span> <span class='ocrx_word' id='word_1_258' title='bbox 301 4000 456 4104; x_wconf 70' lang='lat' dir='ltr'>Demsi</span> <span class='ocrx_word' id='word_1_259' title='bbox 479 4029 563 4087; x_wconf 88' lang='lat' dir='ltr'>eam</span> <span class='ocrx_word' id='word_1_260' title='bbox 588 4030 662 4116; x_wconf 91' lang='lat' dir='ltr'>pro</span> <span class='ocrx_word' id='word_1_261' title='bbox 679 3999 745 4086; x_wconf 91' lang='lat' dir='ltr'>tali</span> <span class='ocrx_word' id='word_1_262' title='bbox 770 3999 911 4083; x_wconf 89' lang='lat' dir='ltr'>habeat</span> <span class='ocrx_word' id='word_1_263' title='bbox 936 4000 1012 4110; x_wconf 89' lang='lat' dir='ltr'>ipsa</span> <span class='ocrx_word' id='word_1_264' title='bbox 1042 3999 1227 4111; x_wconf 89' lang='lat' dir='ltr'>persona,</span> <span class='ocrx_word' id='word_1_265' title='bbox 1261 4004 1325 4087; x_wconf 89' lang='lat' dir='ltr'>cui</span> <span class='ocrx_word' id='word_1_266' title='bbox 1348 3998 1391 4083; x_wconf 85' lang='lat' dir='ltr'>fit</span> <span class='ocrx_word' id='word_1_267' title='bbox 1412 3997 1617 4098; x_wconf 89' lang='lat' dir='ltr'>revelatio,</span> <span class='ocrx_word' id='word_1_268' title='bbox 1641 4030 1765 4116; x_wconf 88' lang='lat' dir='ltr'>quan·</span> 
     </span>
    </p>
   </div>
   <div class='ocr_carea' id='block_1_11' title="bbox 301 4113 1760 4319">
    <p class='ocr_par' dir='ltr' id='par_1_11' title="bbox 301 4113 1760 4319">
     <span class='ocr_line' id='line_1_32' title="bbox 301 4113 1757 4319; baseline -0.004 -111"><span class='ocrx_word' id='word_1_269' title='bbox 301 4125 446 4208; x_wconf 81' lang='lat' dir='ltr'>tumvis</span> <span class='ocrx_word' id='word_1_270' title='bbox 465 4113 555 4204; x_wconf 79' lang='lat' dir='ltr'>alias</span> <span class='ocrx_word' id='word_1_271' title='bbox 574 4116 837 4205; x_wconf 80' lang='lat' dir='ltr'>cautissima&amp;</span> <span class='ocrx_word' id='word_1_272' title='bbox 872 4114 1157 4204; x_wconf 80' lang='lat' dir='ltr'>timoratissima.</span> <span class='ocrx_word' id='word_1_273' title='bbox 1239 4118 1355 4200; x_wconf 84' lang='lat' dir='ltr'>Ratio</span> <span class='ocrx_word' id='word_1_274' title='bbox 1386 4118 1461 4214; x_wconf 87' lang='lat' dir='ltr'>est,</span> <span class='ocrx_word' id='word_1_275' title='bbox 1489 4121 1583 4230; x_wconf 83' lang='lat' dir='ltr'>quia</span> <span class='ocrx_word' id='word_1_276' title='bbox 1608 4123 1645 4198; x_wconf 78' lang='lat' dir='ltr'>dt</span> <span class='ocrx_word' id='word_1_277' title='bbox 1665 4146 1757 4319; x_wconf 54' lang='lat' dir='ltr'>¹{iau-</span> 
     </span>
     <span class='ocr_line' id='line_1_33' title="bbox 1634 4258 1760 4318; baseline 0 -1"><span class='ocrx_word' id='word_1_278' title='bbox 1634 4258 1664 4317; x_wconf 91' lang='lat' dir='ltr'>tt</span> <span class='ocrx_word' id='word_1_279' title='bbox 1707 4263 1760 4318; x_wconf 92' lang='lat' dir='ltr'>mt</span> 
     </span>
    </p>
   </div>
   <div class='ocr_carea' id='block_1_12' title="bbox 0 0 1902 4994">
    <p class='ocr_par' dir='ltr' id='par_1_12' title="bbox 0 0 1902 4994">
     <span class='ocr_line' id='line_1_34' title="bbox 0 0 1902 4994; baseline 0 8"><span class='ocrx_word' id='word_1_280' title='bbox 0 0 1902 4994; x_wconf 95' lang='lat' dir='ltr'> </span> 
     </span>
    </p>
   </div>
  </div>
 </body>
</html>
