3796 4994
584 331 782 433 Revela.
804 288 1291 465 deAgredasParsIII,
1555 332 1661 491 467

215 546 281 629 fes
299 535 455 624 fuerunt
472 537 664 639 „exaudita
685 535 736 623 eb
766 534 907 641 modb,
929 563 1015 650 quo
1034 563 1245 624 evenerunt
1267 539 1399 625 omnia
1420 541 1660 627 &evenient
1720 530 1722 534 ’
1782 569 1787 582 ·

218 654 411 771 usquead
434 651 553 737 finem
573 652 721 738 mundi.
1418 723 1422 727 ,

216 826 219 831 -
335 785 430 866 687.
454 760 621 878 Singulis
643 771 749 849 annis
773 766 934 874 Spiritus
959 767 1119 852 Sanctus
1143 760 1336 850 visibiliter
1355 770 1395 850 in
1416 762 1540 879 specie
1553 768 1661 878 ,ignis

215 890 256 969 bc
276 912 363 969 cum
383 881 537 994 fragore
549 884 589 964 in
609 881 836 969 Pentecoste
854 875 1106 996 descenditxin
1129 904 1244 994 caput
1262 887 1304 962 B.
1328 884 1509 993 Virginis,
1523 907 1663 993 quam·

214 1004 274 1084 vis
297 1001 375 1081 hoc
399 1024 482 1078 non
509 995 689 1079 omnibus
719 991 834 1077 fuerit
856 990 1109 1081 manifestum.
1136 1042 1154 1103 ·.
1206 999 1319 1079 Tunc
1348 994 1513 1107 rogabat
1543 996 1659 1105 spiri-

217 1138 300 1198 tum
317 1115 528 1211 Sanctum,
563 1132 605 1191 ut
635 1105 717 1191 suas
743 1110 960 1192 influentias
977 1112 1181 1222 gratiarum
1200 1108 1443 1221 praesentibus
1467 1105 1660 1191 &futuris

217 1224 458 1337 temporibus
479 1227 518 1306 in
544 1218 709 1308 Ecclesra
733 1226 1007 1332 compnuniset,
1031 1250 1164 1334 neque
1187 1248 1251 1305 eas
1268 1227 1422 1306 omittat
1445 1223 1501 1304 ob
1524 1248 1661 1333 pecca·

217 1343 507 1426 tahominum..
554 1338 601 1418 ln
618 1362 756 1419 omnes
778 1337 846 1419 has
862 1364 995 1447 preces
1022 1334 1207 1422 consenfit
1226 1338 1387 1447 Spiritus
1408 1340 1589 1424 Sartbiusr
1622 1339 1663 1417 δι

217 1453 383 1540 fructum
408 1446 528 1549 lenfit,
550 1476 595 1534 ac
615 1446 750 1534 sentiet
773 1445 937 1534 Ecclesta
961 1451 1159 1563 usquead
1181 1453 1300 1536 finem
1318 1452 1470 1536 mundi.

339 1579 434 1661 688.
474 1560 699 1659 Celebravit
720 1587 899 1675 ptaeterea
916 1558 988 1647 alia
1006 1567 1089 1648 duo
1110 1562 1379 1676 festa,‘nempe
1396 1568 1463 1650 SS.
1484 1556 1662 1675 Angelo-

219 1710 326 1777 rum,
350 1687 390 1763 &
416 1685 591 1763 omnium
612 1680 856 1762 Sanctorum.
914 1681 958 1761 In
984 1673 1054 1761 illo
1074 1683 1263 1762 innumeri
1282 1674 1425 1791 Angeli
1451 1679 1666 1761 habuerunt

218 1798 400 1881 Chorum
427 1798 466 1875 in
489 1800 569 1899 ejus
589 1787 789 1876 Cubiculo
808 1813 897 1872 toto
924 1790 1011 1887 die,
1037 1817 1218 1876 canentes
1244 1786 1401 1875 laudem
1422 1795 1529 1888 Deo,
1550 1792 1665 1903 quod

222 1935 309 1995 eam
330 1907 466 1990 fecerit
485 1909 750 2015 reparatricem
768 1908 918 2014 generis
932 1906 1103 1991 humani.

342 2036 436 2117 691·
465 2024 604 2104 Parum
629 2042 694 2102 aut
718 2015 812 2101 nihil
833 2019 914 2101 dixi
932 2018 1192 2130 comparative
1211 2019 1263 2105 ad
1282 2046 1342 2119 ea,
1364 2044 1452 2132 quae
1469 2023 1563 2106 milti
1581 2019 1666 2106 fue·

205 2159 311 2230 ⁴tunt
337 2130 553 2219 declarata:
608 2135 698 2218 Nec
728 2133 780 2215 de
810 2135 878 2231 iis,
911 2160 998 2244 quae
1018 2135 1111 2219 mihi
1135 2131 1290 2219 fuerunt
1310 2130 1489 2234 revelata,
1514 2134 1667 2249 pollum
1747 2234 1751 2241 ⁴

222 2251 393 2363 praebere
413 2244 659 2332 sufficientem
680 2251 867 2332 notitiam.
893 2294 911 2311 ·
970 2252 1115 2333 Omnia
1137 2272 1333 2333 tormenta
1352 2252 1565 2363 Martyrum
1583 2253 1669 2335 ,ha-

222 2367 360 2449 berent
382 2358 563 2446 sufficiens
591 2368 812 2470 proemium,
830 2361 1051 2448 dummodo
1073 2363 1230 2469 daretur
1246 2363 1379 2448 videre
1403 2370 1448 2452 B.
1470 2371 1669 2481 Virginem
1751 2364 1763 2386 ’“

224 2481 275 2564 ad
293 2479 489 2562 dextetam
512 2473 565 2557 sui
582 2471 664 2557 filii.
1368 2499 1371 2503 ·

342 2592 539 2692 694.B.V.
550 2590 600 2671 ad
614 2615 677 2670 me
687 2587 793 2671 dixit:
804 2582 1109 2673 Accumulabam
1120 2615 1226 2674 curas
1238 2591 1278 2674 in
1290 2586 1670 2704 regimineEcclefiae.

344 2722 440 2809 697·
469 2697 695 2813 complevit
713 2727 856 2789 annum
877 2705 993 2799 etatis
1013 2718 1082 2803 67.
1628 2753 1647 2797 ,

345 2835 441 2914 698.
464 2821 549 2900 Fuit
570 2840 632 2900 tot
650 2821 757 2900 annis
774 2811 975 2926 plantatrix
994 2818 1230 2930 &magistra
1248 2814 1433 2903 Ecclestae.
1711 2874 1713 2878 -

345 2950 438 3032 697.
482 2928 642 3016 Gabriel
669 2926 867 3014 descendit
892 2935 930 3015 in
960 2927 1178 3018 cubiculum
1211 2936 1252 3017 B.
1272 2932 1469 3044 Virginis,
1497 2931 1670 3044 expanfis

228 3046 406 3134 manibus
434 3048 579 3129 orantis
608 3071 680 3153 pto
711 3046 996 3154 peccatoribus,
1059 3043 1140 3130 Alii
1161 3042 1286 3159 angeli
1309 3044 1536 3131 comitantes
1551 3045 1672 3129 habe·

229 3165 326 3246 bant
346 3159 530 3244 candidas
547 3161 689 3255 vestes,
718 3162 942 3253 coronass'u
964 3158 1166 3271 capitibus,
1192 3166 1231 3243 &
1253 3154 1399 3271 palmas
1416 3164 1456 3244 in
1481 3161 1691 3244 manibus?
1767 3164 1774 3173 '

229 3282 343 3360 Tunc
375 3269 548 3358 salutavit
581 3299 665 3354 eam
696 3274 735 3354 S.
758 3266 918 3356 Gabriel
943 3274 1001 3356 his
1019 3273 1167 3358 verbis:
1202 3273 1297 3360 Ave
1319 3276 1477 3361 Maria.
1503 3320 1521 3339 ·
1574 3265 1674 3357 Tres

228 3393 322 3478 anni
347 3385 418 3475 tibi
439 3381 562 3475 adbuc
574 3382 777 3500 superfimt
800 3414 873 3497 pto
895 3389 968 3469 hac
985 3389 1075 3471 vita.
1294 3484 1300 3496 ,
1464 3408 1466 3412 ·

349 3531 447 3603 700.
488 3504 592 3585 Dein
612 3527 680 3611 per
712 3499 807 3583 duas
840 3501 956 3583 horas
984 3526 1073 3584 cum
1103 3497 1249 3615 angelis
1281 3495 1451 3587 celebrat
1478 3501 1674 3588 Chorum:

350 3646 446 3719 70¹·
474 3612 760 3729 Recedentibus
784 3609 927 3725 angelis
946 3617 1109 3726 projecit
1129 3613 1167 3698 se
1185 3621 1225 3699 in
1249 3626 1411 3714 tetram,
1427 3641 1544 3731 quam
1565 3643 1674 3706 corn·

231 3726 347 3843 plexa
372 3735 447 3829 ait:
490 3734 529 3812 0
550 3752 675 3822 terra,
705 3726 776 3808 tibi
797 3726 947 3811 debitas
970 3724 1098 3812 refero
1122 3733 1272 3840 gratias,
1297 3732 1390 3841 quia
1413 3757 1476 3812 me
1496 3728 1574 3813 fine
1591 3726 1675 3812 ullo

233 3872 330 3929 meo
350 3845 490 3929 metito
513 3846 618 3925 annis
647 3855 700 3937 67
737 3843 905 3951 portasti.
974 3843 1090 3954 Rogo
1113 3865 1166 3940 tc,
1192 3868 1234 3925 ut
1260 3869 1324 3926 me
1347 3842 1504 3947 adjuves
1524 3841 1677 3926 tefiduo

234 3962 322 4043 vitae
335 3960 512 4070 tempore
524 3979 567 4039 ut
584 3982 652 4066 pet
669 3980 709 4038 te
730 3951 951 4065 perveniam
968 3953 1018 4038 ad
1039 3981 1167 4038 tneutn
1186 3952 1361 4039 ultimum
1378 3954 1495 4041 finem
1519 4003 1530 4020 ·
1572 3958 1676 4039 Dein
1721 3985 1726 3992 ’

235 4068 417 4159 conversa
440 4070 491 4155 ad
512 4065 604 4173 alias
629 4092 817 4156 creaturas
837 4076 909 4157 ait:
940 4077 979 4152 0
999 4064 1122 4168 Coeli,
1142 4066 1323 4173 Plantae,
1346 4068 1486 4170 stella,
1507 4064 1680 4156 elemen-

929 4187 1009 4271 Nn
1025 4211 1105 4269 nt
1266 4248 1277 4261 „
1627 4206 1680 4283 ta,
