3796 4994
125 287 130 299 ’
248 310 339 414 ¹48
632 292 936 384 Revelatr'oner
967 294 1013 386 S.
1053 287 1290 386 Gertrudr'r.

237 494 305 576 ubi
323 493 403 576 lraec
421 487 511 576 sunt
530 493 649 605 magis
679 493 938 577 accommoda
967 494 1165 603 capacitati
1190 491 1484 606 recipientium,
1510 514 1555 574 ut
1580 512 1689 602 patet

238 634 286 690 ex
313 608 528 717 Prophetis,

331 806 402 898 'v.
461 785 508 889 S.
547 785 818 891 Gettrudes
855 785 1118 925 aliquoties
1148 818 1257 891 non
1294 785 1337 889 le
1373 787 1489 892 latis
1520 785 1721 914 dium

235 937 345 1065 guit
382 926 445 1029 ab
488 925 572 1029 illo
611 928 951 1066 Beguinarum
999 962 1204 1040 errore,
1250 937 1335 1065 qui
1372 931 1476 1056 ejus
1514 951 1683 1047 atate,

232 1099 423 1202 nempe
460 1078 588 1172 circa
630 1101 826 1172 annum
880 1106 1009 1194 1300
1061 1068 1401 1211 graffabatur,
1449 1071 1593 1206 quod
1628 1079 1681 1174 in

233 1207 330 1312 hac
366 1217 469 1313 vita
505 1209 667 1345 pollet
703 1206 874 1314 lraberi
911 1213 1031 1314 visto
1067 1220 1304 1315 intuitiva
1342 1208 1462 1318 Dei,
1501 1208 1555 1315 ὅ(
1591 1212 1682 1317 lla·

235 1373 319 1453 tus
357 1348 722 1474 Beatitudinl83
797 1376 969 1459 Christus
1004 1399 1132 1458 autem
1162 1377 1282 1486 magis
1318 1379 1455 1485 utique
1484 1369 1522 1456 se
1552 1375 1679 1458 dillin-

232 1488 354 1585 xiilct,
387 1496 425 1572 aa
452 1490 556 1573 luam
586 1491 813 1574 dodrinam.
877 1490 920 1570 L.
946 1519 983 1568 r.
1007 1491 1057 1572 C.
1088 1507 1122 1580 8.
1141 1493 1221 1570 ait:
1261 1490 1361 1570 lntet
1390 1516 1477 1600 qnae
1514 1488 1679 1571 demon·

232 1605 346 1687 strasti
364 1606 479 1697 milri,
500 1629 594 1715 quas
617 1607 795 1715 regiones
820 1596 1024 1684 liberalitas
1051 1628 1116 1684 tua
1136 1596 1352 1711 pollicetur.
1410 1609 1448 1683 O
1468 1605 1599 1714 Regio
1615 1599 1676 1686 illa

231 1712 367 1814 beata,
400 1722 439 1799 dr
476 1715 699 1801 beatificans
732 1716 938 1799 affluentiis
981 1715 1291 1812 beatitudinum,
1327 1741 1417 1826 aget
1444 1711 1676 1825 delitiarum,

231 1838 336 1937 cujus
361 1858 519 1942 granum
539 1827 752 1914 satisfacere
779 1830 906 1941 potest
924 1831 1094 1911 aviditati
1115 1832 1290 1911 omnium
1314 1824 1528 1913 electorum
1556 1834 1596 1913 in
1617 1831 1674 1914 di·

229 1942 357 2045 uersas,
382 1973 470 2055 quar
495 1946 669 2027 humano
699 1944 810 2027 cordi
831 1934 1094 2026 defidetabilia
1112 1966 1296 2052 poterunt
1313 1948 1535 2053 excogitari.
1572 1949 1673 2029 Dum

227 2061 325 2143 verb
343 2060 400 2140 his
418 2058 674 2153 intenderem,
700 2060 873 2164 apparuit
898 2056 1115 2166 benignitas
1136 2051 1342 2139 salvatoris
1368 2053 1613 2141 habilitando
1634 2062 1673 2141 ἃ

230 2167 495 2254 confortando
524 2196 588 2252 me
615 2171 664 2252 ad
688 2167 962 2278 suscipiendum
984 2175 1023 2252 in
1051 2197 1115 2253 me
1143 2169 1409 2266 adorandam,
1443 2165 1672 2282 supercoelc·

226 2285 337 2379 stem,
367 2290 406 2365 δι
436 2277 841 2394 superinatstimabilem
866 2277 970 2364 illam
992 2285 1049 2366 tui
1072 2285 1315 2372 intimiorem,
1337 2289 1536 2369 unionem.
1594 2285 1671 2369 Sed

227 2395 371 2510 quibus
401 2401 495 2481 meis
534 2401 679 2480 meritis
706 2398 785 2479 hoc
813 2394 961 2478 donum
991 2400 1030 2478 in
1065 2424 1129 2480 me
1158 2400 1342 2508 perficere
1382 2399 1540 2507 potuisti
1567 2444 1586 2464 ·
1628 2421 1669 2480 ut

224 2535 292 2595 mc
319 2536 500 2598 evocares
521 2508 571 2592 ad
589 2505 875 2594 affociationem
896 2514 1008 2620 regia
1031 2513 1154 2593 immo
1181 2511 1318 2594 divinae
1348 2507 1576 2621 dignitatis?
1611 2559 1630 2576 ·

227 2629 266 2708 0
286 2621 463 2708 aeternale
487 2620 698 2721 solllitium,
729 2620 875 2706 mansio
899 2605 1050 2720 secuta}
1079 2621 1270 2732 paradisus
1305 2632 1534 2736 perenuium
1571 2619 1665 2713 deb

223 2738 398 2822 tiatum-
432 2743 634 2822 immutans
663 2743 758 2821 mira
787 2733 1000 2820 blanditate
1025 2731 1258 2821 secretorum
1286 2741 1548 2850 amplexuum.
1627 2745 1664 2821 0
1695 2741 1700 2748 ’

225 2875 284 2933 ter
305 2845 411 2950 felix,
438 2877 656 2962 quaterque
673 2853 824 2946 beatus,
856 2853 925 2961 qui
954 2845 1045 2932 illuc
1068 2856 1206 2934 meruit
1236 2856 1573 2964 appropinquare,
1596 2853 1662 2936 ubi

223 2959 369 3048 diledo
392 2965 485 3048 Deo
508 2960 576 3047 luo
600 2965 734 3049 intime
758 2963 858 3047 valet
877 2967 972 3046 uniri
994 2968 1032 3044 δι
1059 2969 1326 3074 incorporari?
1364 2971 1401 3049 O
1425 2966 1523 3077 quid
1542 2969 1661 3065 videt,

215 3087 216 3090 ‘
252 3077 320 3162 uid
348 3079 468 3174 audit,
495 3080 592 3187 quid
620 3075 768 3175 olfacit,
797 3078 893 3188 quid
923 3079 1059 3188 gustat,
1087 3081 1184 3187 quid
1213 3077 1355 3163 sentit?
1394 3074 1460 3163 sed
1481 3082 1591 3192 quid
1616 3109 1661 3164 ex

219 3106 295 3279 ibis
320 3193 435 3276 rebus
451 3193 643 3276 balbutire
667 3218 827 3276 conatur
846 3218 933 3275 mea
954 3189 1100 3302 lingua,
1125 3220 1212 3304 quae
1238 3197 1414 3304 quamvis
1439 3197 1480 3277 in
1504 3190 1578 3279 illis
1597 3196 1659 3277 ru·

220 3311 311 3391 vina
326 3304 483 3391 favente
507 3300 783 3390 benevolentia
811 3304 877 3390 sam
901 3302 1075 3400 admilla,
1096 3330 1224 3390 tamen
1252 3304 1346 3389 nihil
1368 3302 1570 3390 verifimile
1594 3335 1657 3419 ap·

215 3420 460 3529 prehendere
481 3415 663 3503 volebam
687 3425 761 3502 &c
843 3427 889 3504 Et
909 3420 954 3503 L.
976 3449 1014 3503 a.
1036 3418 1088 3504 C.
1111 3451 1147 3515 9·
1203 3425 1242 3504 O
1262 3420 1544 3504 beatitudinem
1567 3423 1657 3506 bea·

217 3554 265 3616 tae
281 3524 381 3614 illius
404 3536 558 3627 animat,
592 3557 710 3644 quam
735 3534 930 3618 Dominus
957 3556 1071 3615 tanta
1103 3533 1299 3644 dignitatis
1326 3536 1508 3632 estimat,
1541 3532 1656 3649 quod

217 3646 271 3731 ita
290 3636 450 3728 dulciter
466 3645 579 3727 trahit
601 3650 640 3725 δι
666 3649 749 3728 unit
767 3661 855 3729 eam·
877 3640 1004 3730 secum
1028 3643 1290 3732 beatificando
1321 3652 1496 3732 animam.
1566 3641 1656 3734 Mil·

215 3750 325 3841 lefies
347 3756 482 3853 beata,
514 3761 575 3840 cui
599 3757 709 3843 datur
738 3758 931 3871 persistere
954 3765 995 3840 in
1028 3755 1093 3842 tali
1113 3761 1229 3856 statu,
1257 3768 1298 3849 in
1355 3770 1444 3845 irem
1482 3789 1584 3874 ego,
1612 3786 1653 3844 ut

212 3876 308 3959 mihi
329 3873 467 3967 dmeo,
495 3898 568 3956 nec
595 3871 646 3954 ad
667 3899 905 3958 momentum
928 3899 1098 3986 unquam
1120 3878 1280 3984 perveni
1292 3934 1305 3976 ,
1325 3790 1392 3958 ica
1422 3902 1589 3985 exopto,
1612 3896 1654 3958 ut

214 3982 346 4072 divina
370 3980 573 4079 clementia
592 3985 745 4073 donum
769 3981 1050 4102 qualiscunque
1074 3992 1200 4100 gratia
1231 3992 1326 4075 nubi
1349 3982 1552 4103 indulgeat
1571 4015 1652 4074 mt-

561 4151 564 4159 ·
1575 4128 1651 4189 rius
