3796 4994
530 412 533 422 ·
578 416 581 421 ·
618 354 822 457 Revelat.
845 352 899 459 de
913 347 1106 486 Agreila.
1128 353 1242 447 Pars
1258 354 1321 449 L·
1577 380 1638 468 28
1649 386 1675 488 5

271 654 276 662 ,
339 577 447 650 661.-
463 556 603 652 Voluit
634 564 752 645 DEus
778 554 944 672 obsequi
980 564 1062 666 ejus
1084 551 1311 652 humilitati,
1346 553 1600 660 deiideranti,
1635 589 1679 653 ut

219 680 442 794 mysterium
467 684 568 792 regis
584 671 863 765 absconditum
889 679 929 771 ὅ(
956 673 1038 759 hac
1059 675 1175 756 etiam
1202 671 1255 754 est
1271 675 1385 769 ratio,
1409 699 1475 758 cur
1495 678 1535 760 S.
1558 681 1692 780 Joan.·
1823 732 1826 737 .

217 822 290 881 nes
317 800 359 880 in
383 788 622 906 Apocalipfi,
646 789 810 904 quando
830 784 1008 901 loquitur
1031 787 1090 888 de
1098 791 1144 872 B.
1171 792 1243 883 V.,
1265 780 1350 870 usus
1368 783 1484 876 fuerit
1500 788 1681 883 sermone
1848 806 1851 813 ’

216 907 298 997 'tam
319 903 503 1007 obscuro,
519 929 562 993 ut
581 909 699 994 etiam
720 898 849 1019 pollet
867 906 1015 1014 exponi
1038 901 1090 987 de
1110 895 1288 986 Ecclefia.
1363 946 1369 953 ·
1401 1016 1407 1027 ι
1541 950 1544 955 -

338 1077 437 1167 664.
473 1075 570 1166 667.
609 1062 730 1147 DEus
767 1061 917 1145 nuntiat
954 1065 998 1145 B.
1031 1060 1182 1171 Virgini
1216 1048 1484 1172 propinquam*
1508 1087 1686 1154 mortem-

216 1181 258 1268 δ.
275 1181 480 1286 Joacin'rni,
503 1174 667 1262 suaviter
688 1176 842 1260 dicens:
871 1169 1044 1260 Pulchra
1062 1177 1138 1260 eris
1158 1179 1234 1256 dte.
1266 1172 1442 1258 Odiiduo
1461 1201 1551 1262 ante
1570 1209 1677 1268 mor·

216 1320 300 1381 tem
317 1295 427 1380 datur
450 1291 518 1407 ipsi
535 1317 642 1377 nova
665 1285 867 1388 revelatio,
892 1289 949 1373 ob
972 1289 1086 1486 ‹puod
1106 1289 1229 1372 statim
1253 1284 1352 1375 misit
1374 1289 1586 1379 duodecim
1608 1323 1678 1382 an·

184 1405 346 1526 gelos,
366 1407 419 1495 ad
434 1401 554 1523 ipsum
576 1403 893 1493 confortandum.
951 1407 1096 1489 Utima
1118 1401 1322 1494 vitahora
1345 1401 1455 1508 joint,
1475 1431 1518 1504 ut
1533 1430 1676 1499 omnes
1784 1417 1787 1424 ·
1856 1447 1859 1451 -

216 1527 273 1613 sui
299 1518 425 1638 angeli
454 1522 634 1608 custodes
662 1524 759 1633 patri
785 1517 1012 1607 affisterentt
1059 1515 1239 1632 quod&
1267 1513 1467 1617 fecerunt,
1497 1530 1677 1613 nuntian·
1727 1538 1729 1542 “

218 1640 291 1737 τος.
317 1637 432 1753 quod
455 1645 535 1745 ejus
556 1633 635 1720 filia
669 1631 761 1718 eilet
781 1631 908 1718 futura
927 1657 1050 1718 mater
1068 1631 1204 1719 Verbi.
1288 1633 1353 1716 Sic
1375 1659 1465 1718 ettm
1494 1631 1678 1754 alloque-

168 1841 177 1855 ,
217 1756 378 1840 bantur:
422 1750 502 1842 Wr
534 1750 646 1838 DEI
670 1754 745 1832 dte.
832 1762 927 1831 666.
967 1750 1106 1860 Itaque
1146 1746 1248 1830 obiit
1279 1747 1388 1831 lento
1426 1750 1556 1836 mense
1586 1759 1675 1866 post

219 1864 461 1953 oblationem
491 1871 532 1950 B.
561 1865 728 1977 Virginir
753 1867 792 1947 in
818 1857 996 1974 templo,
1037 1867 1078 1945 δι
1114 1855 1204 1945 tulit
1234 1863 1409 1944 nuntium
1439 1867 1479 1946 in
1509 1860 1675 1955 limbum
1765 1944 1769 1953 .

178 1991 393 2092 „Petrum
428 1979 544 2095 quod
578 1976 643 2064 sua
679 1973 756 2063 filia
784 1973 875 2061 esset
900 1975 1030 2062 futura
1056 2001 1179 2061 mater
1204 1974 1490 2088 Redemptotis.
1601 1989 1677 2072 Pa.

216 2125 295 2185 tres
338 2121 468 2182 autem
511 2123 588 2208 prae
631 2093 781 2207 gaudio
824 2095 939 2176 novis
981 2084 1156 2178 Canticis
1199 2084 1411 2177 laudabant
1459 2092 1674 2208 'propterea

218 2214 389 2298 DEUM.
491 2225 588 2309 667.
616 2223 716 2310 667.
756 2209 913 2295 Interea¹
950 2211 992 2293 δι
1028 2199 1156 2320 angeli
1196 2199 1411 2295 tetulerunt
1448 2212 1493 2296 B.
1521 2216 1675 2329 Virgini
1727 2258 1730 2265 ·

219 2328 371 2414 obitum
396 2330 526 2439 patris.
986 2333 988 2337 ’

333 2478 427 2569 673·
455 2468 498 2548 B.
522 2460 649 2550 V.-ad
668 2488 734 2546 me
750 2460 864 2546 dixitr
894 2461 1008 2545 Eram
1033 2482 1156 2548 mater
1179 2456 1272 2562 Dei,
1292 2486 1338 2544 ac
1357 2486 1673 2578 proptereaeum
1722 2534 1726 2540 -
1836 2550 1839 2555 .

217 2571 304 2662 filio
322 2603 415 2661 meo
437 2579 614 2681 Domina
640 2578 817 2661 omnium
844 2598 1113 2660 creaturarum.
1614 2604 1619 2612 ¹
1753 2616 1758 2627 ·

344 2719 441 2810 675.
494 2710 623 2791 Prima
649 2699 876 2804 tribulatio,
906 2731 1027 2819 quam
1054 2694 1096 2789 Β.
1125 2707 1176 2790 V.
1203 2695 1304 2817 palla
1333 2636 1412 2806 esti
1442 2644 1673 2802 'coniisteb'a't
1845 2741 1851 2751 ’

214 2826 257 2908 in
291 2821 398 2921 hoc,
440 2821 557 2936 quod
594 2819 731 2904 DEUS
770 2824 812 2905 dt
855 2819 982 2933 angeli
1020 2814 1059 2905 se
1096 2816 1165 2933 ipsr
1202 2817 1500 2925 absconderint,
1538 2854 1587 2914 ac
1615 2836 1674 2916 vi·
1770 2862 1773 2867 ·
1870 2836 1873 2843 '

215 2935 345 3136 Ques
371 2936 579 3067 hucusque
608 2924 807 3025 consuetas
827 2935 880 3022 ad
902 2934 1124 3050 augendum
1146 2940 1325 3022 meritum
1348 2945 1536 3052 patientia
1558 2944 1675 3058 ipfiu's

232 3079 256 3135 u
287 3074 482 3137 traxerint.

331 3197 428 3278 682.
457 3184 505 3267 in
523 3181 597 3268 bac
620 3173 939 3269 derelictionem
967 3183 1092 3298 Virgo
1115 3175 1217 3296 palia
1242 3184 1297 3269 est
1316 3115 1671 3295 majoresdolores

216 3302 257 3384 dt
275 3324 429 3411 poenas,
450 3295 572 3413 quim
592 3324 730 3383 omnes
745 3299 882 3391 ‚Sanni
899 3292 1008 3384 fimul
1033 3299 1185 3410 sumpti.
1627 3328 1636 3337 ·

335 3449 433 3531 ⁶87·
459 3428 737 3529 aaa'Lucifer
761 3434 877 3516 iratus
902 3454 1037 3515 contra
1054 3438 1094 3515 u.
1116 3433 1317 3545 Virginem
1333 3434 1440 3548 cogit
1455 3437 1496 3521 in
1511 3430 1671 3527 inferno
1779 3442 1787 3459 ‘

218 3542 445 3634 Concilium
465 3548 682 3658 principum
704 3546 951 3646 doemonum,
970 3572 1077 3658 quos
1100 3545 1150 3631 fic
1177 3542 1412 3660 alloquitur:
1442 3557 1598 3663 Timeo,
1619 3582 1671 3640 ne

217 3662 448 3772 triumphus,
479 3687 600 3775 quem
623 3662 812 3746 habemus
834 3666 872 3746 in
894 3660 1059 3756 mundo,
1080 3659 1191 3746 brevi
1214 3688 1360 3772 pereat.
1388 3712 1405 3730 ·
1461 3671 1596 3754 Noiiis
1622 3668 1670 3754 fi·

215 3771 306 3858 liam
340 3773 462 3861 Annae
487 3818 507 3841 ·
537 3771 735 3887 exploravi
765 3782 845 3874 eiua
875 3778 1061 3883 aeliones,
1089 3802 1163 3860 nec
1190 3776 1339 3861 adverti
1366 3781 1408 3861 in
1435 3775 1529 3879 illa,
1559 3809 1602 3870 ut
1629 3788 1672 3869 in

215 3883 299 3975 aliu
320 3884 442 3991 solet,
475 3885 656 3975 fomitem
685 3884 848 3979 malitia.
887 3936 905 3955 ·
991 3893 1095 3975 Hinc
1126 3895 1275 3989 timeo,
1306 3919 1357 3978 ne
1382 3889 1495 3981 forte:
1512 3895 1597 4010 *ipsa
1626 3898 1672 3985 srt

215 3998 344 4087 futura
366 4027 488 4088 mater
512 4009 616 4110 ejus,
648 4007 717 4116 qui
743 4003 1014 4089 incarnandus.
1055 4051 1073 4069 ·
1159 4010 1249 4091 Nec
1280 4028 1411 4090 tamen
1451 4008 1495 4092 id
1535 4011 1671 4114 credo,
1848 4015 1849 4018 ‘

214 4119 315 4233 quia
336 4124 418 4229 ejus
445 4141 624 4234 parentet
643 4147 719 4234 pro
737 4110 776 4233 [e
794 4124 833 4230 ὃς
854 4113 933 4233 filia
955 4112 1187 4326 obtrtplerunt
1209 4113 1433 4234 oblationeu
1454 4127 1493 4233 dt
1518 4153 1671 4239 preces,

1048 4260 1100 4345 ‚ll
1129 4261 1149 4343 3
1452 4328 1459 4335 .
1627 4263 1675 4342 ut
