3796 4994
216 267 308 459 5²..
354 382 357 390 ’
611 329 723 481 Rt'g.x
740 318 969 436 Prodita
984 332 1038 424 P.
1059 326 1278 441 Gravia-3

213 522 351 627 minse
372 550 568 617 mutatum
586 523 667 616 etse
678 534 721 614 in
746 558 912 645 granum
929 526 1025 617 milii
1046 559 1248 645 nunquam
1263 519 1416 618 'induci
1434 536 1588 646 potuit,

53 699 61 713 x
214 645 342 732 domo
366 646 499 744 exiret,
522 645 722 731 metuebat
744 651 874 748 enim,
900 674 951 732 ne
973 646 1291 734 comedereturai
1321 645 1490 734 Gallina.
1544 652 1614 735 No

213 754 314 843 nulli
337 753 602 871 existimabant
626 758 757 849 setlle
772 784 1006 863 mortuos,
1020 763 1075 849 de
1099 762 1243 874 quibus
1277 768 1380 851 varia
1402 760 1614 877 exemplar

214 871 297 961 ferr
314 879 359 961 P.
378 872 506 959 Nider
527 878 568 957 δι
590 877 775 967 Grauina.

252 1064 261 1100 .·
327 992 420 1073 Nec
438 986 534 1073 verd
557 1013 606 1074 ea
625 985 884 1083 melancholia
904 987 1054 1087 tantiam
1086 994 1209 1087 oritur
1238 989 1263 1080 ὲ
1296 1017 1431 1079 natura
1450 988 1518 1077 sed
1544 996 1614 1079 etia

210 1098 366 1190 {causa
392 1099 645 1219 accidentali,
666 1130 762 1217 puta
791 1133 839 1189 ex
863 1105 984 1190 firma·
999 1111 1240 1219 cogitatione
1273 1113 1328 1192 rei
1356 1110 1495 1206 tristis,
1524 1134 1614 1193 aut·

210 1214 320 1303 eausa
341 1212 571 1316 extrinseca,
593 1222 689 1333 puta'
715 1247 764 1305 ex
794 1220 1064 1323 immoderatis
1098 1215 1260 1335 vigiliis,
1278 1227 1441 1330 jejuniis,
1470 1226 1614 1307 exercit

210 1327 455 1430 indiscretis,-
482 1338 522 1418 δι
555 1329 776 1419 solitudine·
794 1331 898 1420 nulla
938 1328 1169 1420 discretione
1201 1362 1426 1449 temperata.
1496 1341 1614 1421 Exin«

58 1522 62 1531 .
210 1453 314 1537 enim
341 1446 399 1545 iit,
427 1472 471 1531 ut
499 1449 698 1535 cerebrum
725 1445 960 1563 consumptis
993 1446 1188 1564 spiritibus
1216 1446 1434 1534 faeculento
1466 1478 1514 1534 ac
1541 1462 1614 1538 cru

208 1562 329 1650 bucco
347 1558 565 1649 subidente
588 1559 799 1676 repleatur,
821 1570 861 1648 &
890 1564 947 1649 ad
973 1562 1164 1649 excelsum
1187 1564 1360 1677 srccitatit
1386 1567 1596 1677 redigatur,

207 1704 562 1791 temperamentum
587 1677 774 1792 frigidum
802 1679 945 1764 adusto
966 1676 1150 1792 sanguine
1179 1707 1229 1763 ac·
1252 1672 1441 1763 exhalatis
1468 1680 1614 1792 spiritib

209 1795 379 1891 induat,
412 1818 462 1876 ac
486 1795 659 1910 denique
689 1790 996 1880 obtenebrescat.
1051 1790 1164 1879 Tales
1183 1796 1429 1907 'quandoque
1459 1797 1608 1903 dicent,

207 1907 344 1994 videre
373 1907 611 1996 doemonum
631 1912 763 1996 turbas
786 1938 833 1995 ac
848 1906 1042 2024 legiones,
1068 1934 1136 1993 aur
1158 1914 1394 1992 flammarum
1421 1904 1614 2021 globot‚i

209 2036 255 2113 ut
279 2024 330 2109 de
352 2022 499 2124 inferis,
526 2050 594 2112 aut
614 2027 667 2111 de
687 2020 893 2113 aliis'locit
925 2018 998 2123 libi
1026 2016 1333 2134 taliu‘divinitus
1356 2023 1532 2119 revelata·
1550 2026 1614 2114 fuit

210 2140 371 2241 credant
395 2141 769 2252 &pronuntiem
818 2204 824 2225 ,
932 2184 941 2199 ·
1210 2150 1216 2163 ’

313 2263 501 2395 Regula,
514 2298 558 2391 5.
603 2256 834 2367 Vifiones
872 2238 1087 2372 eorum,
1130 2269 1220 2404 qui
1257 2260 1376 2369 alids
1416 2264 1530 2370 sunt
1562 2256 1614 2368 Ia

206 2407 418 2539 capitis,
450 2426 542 2510 aut
576 2400 755 2510 obsessi
789 2403 821 2511 ὲ
855 2401 1133 2527 doemone,
1152 2403 1359 2513 nullam
1396 2434 1614 2514 merenti

199 2542 386 2651 fidem..
485 2570 607 2656 Ratio·
633 2570 773 2682 prioris
801 2570 878 2665 est,
910 2571 1006 2680 quia
1024 2561 1249 2660 laborantes
1272 2569 1456 2680 phraenefi
1485 2565 1553 2655 uel·
1575 2602 1614 2658 m

206 2695 294 2786 nia,
321 2682 436 2772 facile
468 2691 508 2771 in
535 2684 701 2770 villones
737 2685 995 2796 phantasticas·
1012 2687 1226 2769 incurrunt.
1279 2690 1401 2771 Prout
1426 2687 1614 2801 Bradtare

125 2863 129 2869 -
207 2802 255 2886 lis
285 2835 329 2888 ι..
348 2808 395 2886 Ρ,
416 2801 644 2914 compend
667 2827 715 2885 ex
742 2796 922 2886 Gersone
946 2798 1007 2882 his
1032 2799 1162 2885 verbis
1189 2793 1391 2888 observat:
1419 2800 1614 2889 Meditanr

152 2936 155 2941 ·
205 2921 348 3033 inquit,
373 2918 538 3005 maxime
563 2942 748 3016 caveant,
771 2942 823 2999 ne
857 2910 1061 2998 efficaciter
1068 2975 1085 3016 ,.
1109 2913 1189 3000 fixi
1201 2969 1222 3012 ‚.
1243 2936 1289 2999 ac
1311 2913 1510 3027 profunde
1542 2920 1613 3003 reb

14 3030 19 3039 ’
149 3092 154 3117 .
205 3029 517 3147 corporeis-licet
536 3030 652 3136 bonis
675 3029 933 3115 meditatione
955 3030 1176 3130 inhereant,
1197 3025 1265 3115 sed
1284 3056 1391 3117 mox·
1404 3028 1563 3117 evolare
1583 3040 1614 3119 {i

206 3151 328 3233 deant
349 3149 402 3234 ad
431 3149 641 3235 abstradas·
660 3146 1009 3242 conliderationta,
1037 3139 1180 3232 seilicet
1203 3124 1413 3258 spernam
1436 3153 1614 3236 &unire

204 3260 319 3349 sales..
368 3269 431 3350 Ex
453 3261 650 3377 profunda
674 3267 783 3347 enim
801 3255 1065 3374 corporalium
1092 3259 1489 3376 imaginationesape
1507 3260 1614 3369 laedit

204 3385 262 3465 vis
282 3382 542 3491 phantastica,
570 3381 775 3463 incurritur
796 3383 956 3474 mania,
984 3376 1281 3480 &objiciuntur
1303 3381 1424 3471 nana
1439 3470 1441 3476 ,
1455 3374 1614 3485 illution

204 3500 261 3580 ita
280 3522 323 3580 ut
343 3490 464 3580 multa
481 3492 520 3580 se
543 3493 678 3605 videre
700 3497 787 3606 quis
809 3494 996 3593 existimet
1018 3498 1057 3576 dr
1082 3495 1218 3581 audire
1237 3520 1325 3605 qua
1348 3518 1480 3577 tamen
1498 3522 1614 3581 nont

206 3610 284 3695 det·
301 3618 343 3694 ’δι
367 3610 494 3708 audit,
523 3635 565 3694 ut
590 3611 623 3692 li
643 3609 767 3704 dicat,
797 3608 932 3693 videre
956 3609 1152 3693 Christum
1183 3609 1426 3693 Crucifixum
1454 3612 1498 3693 in
1521 3611 1614 3694 Sacr

203 3752 356 3826 mento,
382 3750 450 3810 aut·
480 3747 612 3809 tantus
637 3721 843 3808 beatorum
863 3723 1010 3809 audire.
1065 3722 1207 3809 htcidit
1223 3726 1342 3807 etiam
1362 3719 1458 3836 sape
1480 3728 1522 3807 in
1539 3751 1614 3810 van

30 3884 34 3889 ·
205 3836 456 3928 &fabulosas
480 3832 760 3934 revelationes,
782 3844 906 3923 immo
934 3843 975 3920 δε
1000 3842 1237 3923 mentorem
1267 3860 1403 3923 contra
1428 3834 1565 3937 fidem.
1591 3824 1614 3925 Ι1

202 3951 289 4042 ille..
329 4008 332 4019 ·
368 3956 486 4045 idem-
511 3950 690 4040 observat
714 3951 752 4039 S.
777 3952 1042 4065 Hieronpmm
1070 3947 1125 4035 ad
1152 3949 1258 4063 Rufi.
1282 3953 1438 4051 dicem:
1475 3953 1614 4071 suntq

201 4074 369 4156 bumore
391 4065 571 4157 cellarum
597 4069 944 4179 immoderatisque
974 4068 1153 4171 ieiuniis,
1178 4067 1310 4163 toedio
1337 4063 1580 4172 solitudinis,
1611 4110 1614 4153 2

199 4193 320 4321 nimia
348 4181 749 4329 ludioneveatuntur
766 4175 1151 4367 inmelttntboliarn.
1348 4276 1351 4281 ,
1541 4303 1614 4393 Μ
