3796 4994
649 245 953 351 Revelationes
989 251 1044 344 S.-
1077 242 1319 344 Gerrrud‘s.
1589 284 1621 352 ..ι
1634 285 1702 382 49

237 458 329 543 aitis
349 451 521 552 illorum,
546 481 649 569 quor
676 482 745 567 pet
775 477 854 537 tam
874 448 993 564 longa
1021 475 1213 563 tempora,
1243 472 1287 534 ut
1310 445 1447 562 spero,
1474 455 1513 536 in
1543 451 1608 539 tali
1629 461 1699 547 sta-
1836 436 1844 461 ⁸

248 594 290 655 tu
322 566 572 653 conservavit.
632 566 776 653 Similia
804 568 992 649 habentur
1023 568 1066 650 1..
1095 595 1132 648 2.
1165 569 1217 649 C.
1251 591 1318 649 22.
1406 569 1569 651 Videtur
1602 601 1700 684 ergo

243 686 284 767 8.
304 682 519 767 Gettrudes
548 682 751 768 admittere
785 685 918 762 statum
946 678 1195 762 beatitudinis
1221 683 1260 760 in
1282 678 1354 760 hac
1377 682 1482 778 vita,
1503 681 1554 764 ad
1577 713 1698 797 quem

243 792 512 906 aspirandumr
575 800 656 905 Qui
691 821 822 878 tamen
855 820 959 876 error
989 820 1127 903 eorum
1157 815 1377 901 tempotum
1409 794 1609 880 damnatus
1645 804 1698 887 est

240 909 356 995 brevi
395 913 482 1018 post
512 934 679 993 mortem
722 914 761 992 S.
793 907 996 993 Gerttudis
1026 911 1072 988 ‘in
1100 903 1285 990 Concilio
1312 907 1528 997 Viennensi.
1615 915 1697 999 Sed
1761 927 1767 933 '

239 1021 477 1133 responderi
497 1025 646 1134 potest,
669 1028 709 1106 in
738 1024 917 1132 Beguinis
943 1047 1025 1103 non
1044 1015 1377 1129 effe-damnatum
1417 1024 1530 1132 quod
1566 1024 1697 1113 divina

240 1134 399 1223 elletrtia
426 1140 467 1220 in
493 1140 566 1218 hac
594 1140 671 1220 vita
700 1135 822 1219 videti
841 1131 954 1244 polilt
977 1133 1088 1216 douo
1116 1132 1195 1216 Dei
1222 1156 1465 1223 transeunter
1495 1134 1559 1219 led
1579 1140 1694 1251 quod

237 1246 307 1333 illa
327 1249 532 1333 beatitudo
557 1252 596 1331 in
617 1252 689 1333 hac
707 1260 784 1332 vita
807 1250 940 1330 haberi
960 1245 1156 1360 poffitper
1179 1247 1344 1331 modum
1366 1248 1531 1349 habitus,
1557 1257 1595 1337 &
1621 1258 1691 1339 de'·
1844 1256 1853 1275 ⁸

236 1362 496 1478 pendenrerd
519 1367 660 1447 meritis
687 1364 870 1446 obtineri.
991 1433 994 1439 .
1674 1450 1678 1457 ,

352 1572 419 1653 Vl.
474 1539 520 1645 S.
570 1538 842 1644 Gettrudes
880 1537 934 1644 L.
960 1500 1018 1642 ¹r.
1056 1480 1128 1645 C
1163 1575 1238 1671 ¹·4·
1285 1498 1619 1665 ostenditile
1657 1552 1689 1659 a

236 1683 437 1791 Christo
483 1680 720 1787 edoilam
759 1678 850 1795 else
888 1682 948 1784 de
989 1679 1115 1787 Sede
1154 1693 1352 1805 animat.
1459 1709 1522 1791 stc
1548 1710 1686 1801 haben

234 1833 337 1908 Cum
367 1851 492 1937 usque
524 1822 576 1906 ad
605 1847 756 1933 tempus
783 1847 824 1904 te
853 1821 1023 1906 docente
1050 1816 1252 1916 scivilsem,
1283 1827 1417 1905 animae
1445 1820 1684 1931 brandonem

234 1945 272 2022 in
296 1939 416 2023 corde
434 1940 618 2034 constare,
642 1936 835 2018 ostendisti
858 1959 961 2035 tunc,
987 1938 1101 2020 etiam
1121 1941 1160 2018 in
1189 1933 1351 2042 cerebro
1376 1933 1614 2022 manfionem
1651 1945 1683 2025 i·

232 2052 344 2165 psius.
428 2051 554 2164 Quod
580 2052 713 2164 postea
745 2048 872 2131 fateor
898 2045 1079 2161 scriptura
1104 2050 1268 2133 testante
1288 2044 1590 2160 cognovi‚'licet
1613 2080 1681 2139 an·
1841 2066 1845 2071 “

232 2190 274 2251 te
296 2165 337 2250 id
363 2162 557 2249 nescirem.
644 2166 700 2247 Ex
713 2164 715 2168 ’
730 2163 807 2244 hoc
826 2160 980 2245 videtur
1002 2158 1158 2276 colligi,
1184 2163 1299 2273 quod
1320 2169 1447 2247 anima
1464 2170 1601 2249 necin
1619 2167 1681 2251 so·²

231 2276 276 2362 lo
302 2280 477 2374 cerebro,
504 2305 579 2361 nec
605 2279 646 2361 in
674 2299 766 2358 toto
794 2300 966 2384 corpore
990 2277 1121 2359 ledem
1151 2277 1323 2372 habeat,
1360 2275 1474 2388 quod
1503 2282 1579 2362 ti'ec'
1599 2276 1679 2392 pla·

231 2418 336 2478 cerer
359 2391 613 2490 cartelariis,
640 2416 715 2474 nec
737 2386 1010 2500 Peripatetieis.
1095 2390 1176 2473 Sed
1195 2387 1417 2498 responderi
1439 2394 1586 2499 potest,
1614 2393 1680 2483 hle

204 2507 380 2592 'tanttim
433 2501 507 2588 elle
545 2504 759 2589 sermonem
807 2507 858 2585 de
892 2506 1025 2585 animae
1070 2498 1339 2594 nobilioribus,
1361 2508 1674 2614 operationibuse

228 2646 296 2707 aut
341 2618 484 2708 insensu
525 2615 744 2716 exclusivo,
775 2643 857 2702 non
889 2639 1016 2701 autem
1034 2674 1041 2725 .·
1058 2612 1222 2702 aliorum
1252 2615 1517 2703 membrorum
1546 2617 1695 2706 ericius*-

225 2735 323 2822 fivo.
797 2734 800 2740 ’
836 2732 854 2767 ”
958 2754 965 2777 ’
1002 2742 1005 2747 ’
1066 2738 1073 2777 ³

343 2942 430 3028 Vll.
485 2913 533 3022 S.
580 2911 853 3021 Gerttudea
899 2914 953 3022 L.
995 2956 1040 3020 r.
1085 2913 1147 3021 C.
1191 2939 1268 3028 ιθ.
1312 2915 1375 3020 ad
1412 2914 1685 3029 Christum·

227 3067 330 3164 ait:
389 3055 680 3162 Gratiarum
719 3057 937 3164 afflones
970 3058 1064 3164 tibi
1083 3052 1264 3161 'offero
1301 3093 1391 3197 per
1423 3087 1670 3169 mutuam

224 3198 587 3339 gratitudinem
638 3200 898 3343 Trinitatis
930 3218 1069 3336 'prop
1103 3194 1276 3319 multis
1301 3199 1687 3341 documentia„
1799 3320 1802 3324 Α

223 3339 409 3478 quibus
445 3371 532 3453 me
567 3341 792 3469 erudlllll
896 3367 963 3451 88.
991 3344 1154 3457 Trinitas
1192 3344 1349 3480 proprie
1389 3394 1472 3451 non
1510 3348 1686 3469 exhibet

218 3482 525 3681 ffatitudioem,
554 3482 605 3566 ad
629 3487 741 3567 intra.
817 3481 899 3567 Sed
922 3479 973 3564 ad
997 3483 1074 3568 lroc
1101 3490 1188 3589 jam.
1206 3478 1315 3597 supra
1348 3481 1420 3567 fuit
1445 3479 1688 3596 responsum·

264 3621 344 3679 um.
371 3621 436 3694 15·

332 3792 436 3877 vni.
490 3760 538 3866 S.
576 3757 847 3867 Gertrudes
882 3754 937 3863 L.
978 3676 1115 3864 2.¹C.
1150 3796 1225 3867 ar.
1262 3757 1383 3867 dicit
1419 3763 1481 3867 ad
1520 3678 1688 3870 Chri·¹

213 3906 395 4051 stum:
472 3902 592 4009 Post
653 3936 769 4043 qua
835 3899 996 4146 verb}
1048 3906 1188 4025 tua,
1252 3934 1375 4009 cum
1437 3935 1686 4029 manum,

1035 4078 1059 4169 3
1482 4078 1658 4151 meam
