3690 4988
555 279 1120 463 negauexsmer‘esta
1460 364 1557 470 19¹

166 544 280 629 maris
310 537 364 624 de
393 532 539 651 quibus
557 558 756 648 nunquam
778 526 1043 645 cogitavimus.
1095 528 1245 634 Tertio
1271 539 1364 647 quia
1380 559 1561 628 tuncnos

166 681 302 743 >emus
330 679 402 765 pet
431 648 597 735 modum
623 647 828 748 audientis,
857 655 939 729 no'n
964 672 1034 757 pet
1071 647 1237 729 modum
1275 660 1559 763 componentis.

166 772 286 863 tatto,
310 771 406 880 quia
425 789 517 849 tunc
538 764 654 846 unico
676 758 797 844 verbo
830 756 950 842 multa
979 760 1374 869 comprehenduntur.
1433 772 1561 879 Quin·

185 884 294 999 'quia
310 874 421 965 fimul
441 881 511 995 alia
535 871 930 985 comprehenduntur,
952 872 1179 984 quaevetbis
1200 902 1283 958 non
1311 874 1562 988 explicantur.

165 1003 261 1085 terit
286 993 451 1107 quidem
476 990 641 1074 doenaon
662 992 775 1071 etiam
804 983 978 1096 prosette
999 985 1116 1070 verba
1138 1010 1217 1073 tam
1243 983 1343 1095 clari
1366 1019 1412 1075 ac
1432 994 1561 1080 distin·

166 1144 185 1223 ³,
212 1133 262 1197 ut
293 1105 407 1220 aeque
432 1103 600 1190 dubitari
625 1128 709 1185 non
735 1099 862 1211 possit,
891 1125 937 1182 ac
966 1097 1260 1210 stprovenirent
1287 1100 1311 1188 a
1336 1100 1465 1218 spiriru
1492 1132 1561 1192 ve·

166 1230 246 1324 rtis,
275 1222 346 1307 sed
375 1216 538 1304 eosdem
572 1209 732 1300 effecius
787 1214 979 1298 toduccre
1001 1240 1085 1297 non
1115 1220 1285 1324 poterit,
1315 1246 1389 1304 nec
1413 1243 1561 1308 tantam

166 1338 298 1427 nferre
317 1359 484 1448 pacem,
513 1323 727 1425 delorem,
751 1242 819 1411 sdd
844 1330 974 1437 potius
1000 1327 1322 1438 inquietudinem.
1436 1335 1487 1418 C.
1520 1360 1561 1435 5.

166 1454 212 1539 d.
234 1455 312 1535 aira
342 1441 525 1542 Effcdlus
554 1467 675 1556 quern
697 1445 890 1524 inanima
908 1434 993 1524 talis
1015 1438 1109 1524 visto
1138 1441 1341 1551 producit,
1367 1474 1486 1531 nemo
1503 1442 1560 1532 sa·

183 1568 376 1655 aestimare
401 1559 571 1671 poterit,
589 1553 659 1642 nisi
685 1557 755 1668 qui
780 1548 890 1637 illum
918 1576 1096 1664 expertus
1121 1553 1244 1641 fucrit
1299 1561 1356 1642 Ex
1375 1560 1454 1645 hoc
1474 1561 1561 1647 satis

166 1675 349 1774 latescit,
383 1699 468 1759 eam
496 1697 579 1755 non
607 1671 816 1780 provenire
837 1664 1092 1755 ddoemone;
1120 1669 1183 1752 hic
1210 1673 1313 1753 enim
1335 1699 1417 1755 non
1434 1672 1561 1786 pollet

166 1792 392 1902 iaobjedla
417 1809 664 1896 proponere,
704 1807 753 1869 ex
793 1779 937 1892 quibus
972 1782 1014 1863 in
1046 1785 1173 1865 anima
1205 1781 1434 1896 relinquitur
1468 1816 1562 1900 pax,

166 1914 240 2007 ies,
258 1911 304 1991 dc
324 1898 523 2016 proserius
542 1902 583 1980 in
602 1895 736 1982 bonna
775 1893 867 1978 dein
885 1887 1090 2006 sequentes
1112 1916 1191 1977 tres
1220 1892 1380 1982 effecius
1401 1904 1439 1982 ἃ
1471 1906 1561 2017 qui·

166 2050 203 2109 m
227 2025 272 2107 in
300 2013 451 2103 summo
473 2010 618 2123 gradu;
644 2013 771 2122 primo
796 2008 943 2120 agnitio
965 2007 1238 2119 magnitudinis
1261 2037 1308 2094 ac
1328 2007 1560 2103 excellentia

166 2142 279 2235 ἠως
309 2133 404 2244 qnia
431 2129 515 2238 quo
540 2120 649 2235 plura
671 2125 904 2236 pertinentia
920 2119 974 2205 ad
990 2122 1123 2207 Deum
1140 2120 1332 2225 videmus,
1353 2152 1405 2212 eo
1430 2128 1561 2242 perse.

226 2243 339 2334 illam
356 2235 607 2354 agnoscimus.
664 2233 849 2321 Secundis
866 2238 1013 2348 agnitio
1031 2232 1197 2345 suiipsius
1212 2243 1252 2321 δι
1270 2238 1477 2341 humilitas,
1501 2248 1559 2331 ui·

166 2361 280 2459 ndo,
310 2355 433 2555 ¹guod
459 2378 522 2437 res
546 2375 624 2436 tam
654 2341 960 2458 contemptibilis
987 2372 1201 2434 creatorem
1225 2374 1421 2440 tantorum
1446 2363 1560 2442 mira·

166 2485 252 2565 pum
279 2501 310 2559 0
341 2468 485 2554 endere
511 2459 598 2550 ausa
620 2461 696 2564 fit,
737 2466 776 2544 δι
804 2454 914 2546 illum
937 2455 1001 2545 vel
1034 2463 1174 2549 intueri
1200 2463 1353 2551 audeat.
1409 2471 1558 2574 Tertio,
1696 2559 1699 2566 .

166 2592 228 2679 od
262 2587 398 2672 omnia
435 2604 587 2666 terrene
618 2573 734 2662 valde
774 2599 934 2661 contem
962 2569 1084 2658 tibilia
1119 2600 1274 2687 reputet
1300 2585 1469 2694 exceptis
1495 2589 1557 2684 iis,

165 2735 198 2793 κ
225 2701 281 2789 ad
310 2693 455 2784 cultum
485 2692 659 2779 divinum
688 2686 826 2775 servire
852 2716 909 2799 po
939 2709 1020 2773 unt.
1130 2690 1283 2775 Ibidem
1308 2693 1361 2776 C.
1392 2711 1430 2781 6.
1457 2702 1558 2783 Rur.

166 2851 171 2903 ε
213 2808 436 2903 describens
475 2802 635 2893 elladius
671 2831 770 2888 uera
801 2799 942 2888 Edlasus
969 2803 1051 2884 ait:
1106 2802 1165 2886 lix
1199 2806 1391 2912 ejusmodi
1427 2815 1559 2923 gratiis

174 2937 307 3019 anima
327 2919 487 3011 nascitur
500 2927 637 3032 ingens
657 2917 885 3017 defiderium
910 2910 1065 2998 fruendi
1083 2918 1247 3002 authore
1269 2943 1463 3007 tantorum
1481 2924 1558 3009 do·

166 3074 284 3141 rum,
303 3045 358 3125 ita
379 3062 425 3123 ut
447 3062 524 3149 prae
549 3030 741 3117 desiderio
767 3022 999 3113 dissolvendi
1020 3031 1138 3113 vitam
1164 3034 1242 3137 jam
1258 3059 1349 3145 agat
1367 3039 1407 3119 in
1434 3064 1555 3148 poena

166 3157 364 3247 aarumvis
388 3149 504 3237 stravi
539 3150 660 3230 ilinc
695 3138 795 3229 solet
817 3168 905 3225 cum
931 3136 1122 3227 lachrimis
1155 3154 1303 3255 precari
1327 3151 1485 3246 Deum,
1513 3173 1557 3235 ut

166 3302 201 3359 ur
222 3270 370 3355 educat
388 3293 436 3349 ex
449 3266 522 3347 hac
541 3253 806 3343 lachrimarum
825 3250 947 3365 ualles
970 3260 1102 3340 omnia
1120 3283 1205 3341 eam
1228 3261 1356 3347 toedio
1375 3257 1560 3365 afficiunt,

166 3407 363 3494 tactumque
378 3377 505 3469 inista
519 3373 640 3458 uidet.
697 3368 873 3481 Quando
896 3363 976 3452 sola
998 3372 1065 3469 est,
1089 3363 1233 3457 lenitur
1250 3369 1464 3486 aliquando
1482 3376 1558 3463 do·

166 3526 200 3591 rs
225 3499 331 3583 redit
353 3513 482 3577 tamen
501 3489 602 3583 cito,
624 3492 664 3571 de
683 3485 710 3571 su
731 3511 814 3619 non
834 3483 981 3579 redeat,
1004 3478 1116 3567 dolet
1136 3511 1184 3567 ex
1205 3485 1286 3568 hoc
1304 3487 1401 3599 ipso.
1460 3495 1559 3577 Ver.

166 3632 475 3811 liffidsa
488 3603 644 3800 idda?
680 3595 1248 3823 lli.¹¹ifl..²f⁰.sl.⁰t‘.¹⁰aisr‘.'i¹‚'
1265 3605 1561 3806 dmi

166 3837 296 3927 islieisr
322 3833 418 3918 inde
436 3853 655 3923 murmura,
677 3831 716 3910 dt
739 3816 1043 3938 persecutionem
1075 3824 1169 3910 iude
1188 3852 1329 3927 metus,
1345 3833 1451 3918 hunc
1470 3832 1561 3943 ipfis

166 3956 362 4065 nudoque
385 3941 618 4055 augentibus
638 3936 898 4027 Constllariis.
955 3941 1144 4049 Quamvis
1166 3944 1270 4024 enirn
1284 3946 1325 4026 in
1344 3971 1385 4027 m
1436 3971 1486 4029 na
1501 3944 1563 4029 se·

166 4071 273 4157 ritate
294 4062 479 4150 videatur
510 4051 586 4146 eise
620 4056 849 4157 consutum,
882 4052 1046 4166 quando
1080 4048 1326 4143 conversatur
1354 4058 1398 4145 io
1439 4084 1561 4255 Dcurn

1483 4194 1559 4261 eos
