3796 4994
481 270 486 283 ¹
543 235 816 368 Regularum
851 238 1178 338 Summariuvr
1479 271 1576 367 273

675 456 694 463 ”
773 484 825 593 a,
892 460 936 601 3ss

265 681 369 839 De
443 679 966 959 Revelatinfnalrpus
1036 620 1418 856 probabilius
1528 833 1534 841 ¹

858 889 909 961 18.
1078 906 1082 914 ·

118 1072 273 1347 RE
298 1072 371 1161 ula.
405 1107 440 1160 r.
497 1070 773 1159 Revelationes
796 1070 1037 1188 probabilius
1064 1071 1176 1175 falsa,
1205 1078 1370 1189 pradiice
1397 1104 1472 1190 pro
1502 1077 1573 1167 ab·
1668 1055 1672 1069 ’

264 1104 388 1275 lirluti:
421 1189 518 1275 falsu
541 1189 733 1273 habendae
751 1184 835 1273 sunt
855 1193 897 1273 in
919 1189 1058 1274 ordine
1082 1193 1133 1273 ad
1161 1193 1264 1276 lrunc
1290 1187 1494 1289 effebum,
1515 1215 1570 1289 „ut
1733 1242 1738 1247 ·
1866 1211 1869 1215 ’

265 1308 316 1391 ad
339 1303 487 1390 nullum
508 1306 764 1388 adhibeantur
798 1299 931 1401 usum,
960 1332 1033 1388 nec
1050 1300 1264 1420 ‘allegando
1283 1333 1346 1391 eas
1371 1334 1444 1419 pto
1473 1302 1569 1391 alib-
1646 1379 1649 1383 .

115 1449 198 1506 rum
214 1425 475 1518 instructione,
491 1446 576 1529 nec
595 1424 714 1503 vitam
732 1445 804 1531 per
831 1447 895 1503 eas
915 1419 1134 1532 dirigendo.
1204 1424 1317 1506 Ratio
1336 1424 1401 1522 est,
1417 1427 1509 1534 quia
1525 1444 1568 1506 ut

115 1562 221 1647 patet
246 1535 338 1647 ex§
372 1535 635 1648 praecedente,
666 1536 707 1617 id
742 1536 940 1618 Doctores
978 1539 1146 1618 statuunt
1177 1539 1275 1620 circa
1310 1531 1568 1647 revelationes

116 1652 268 1763 dubias,
296 1650 319 1735 i
340 1650 495 1735 fortiori
517 1678 615 1760 ergo
636 1650 678 1732 id
706 1645 839 1733 locum
865 1648 984 1733 habet
1005 1654 1104 1734 circa
1134 1646 1393 1736 revelationes
1421 1651 1567 1763 proba·

114 1762 227 1850 bilius
255 1763 376 1850 falsas.
438 1770 550 1852 Gers.
576 1767 673 1879 Reg.
699 1795 763 1848 ιο.
787 1764 881 1876 Syb.
905 1767 949 1850 R.
976 1793 1013 1848 ι.
1543 1756 1562 1773 ”
1624 1839 1626 1843 .

228 1878 384 2002 Regula.
417 1912 455 1965 a.
511 1876 782 1964 Revelationes
821 1874 1062 1991 probabilius
1085 1874 1184 1964 falsae
1211 1873 1319 1978 sunt,
1353 1884 1394 1964 in
1420 1880 1564 1994 quibus¹

114 1999 361 2080 continentur
384 1997 668 2079 circumstantiae
700 2019 767 2077 aut
799 1997 1055 2106 proprietates
1084 1991 1325 2109 frequentius
1351 1994 1566 2097 corinnae

115 2139 202 2194 cum
232 2113 465 2223 deceptione
489 2106 617 2193 saltem
638 2110 952 2205 indeterminata,
969 2107 1089 2222 quim
1114 2136 1204 2193 curn
1233 2137 1366 2196 earum
1390 2114 1563 2197 veritate.

109 2226 177 2310 Ad
207 2229 378 2309 eandem·
399 2221 549 2309 claffem
582 2223 714 2308 referri
737 2223 886 2308 debent
906 2217 1180 2326 revelationes,
1209 2230 1247 2308 in
1270 2229 1414 2340 quibus
1433 2233 1563 2311 conti,

112 2366 248 2425 nentur
272 2343 555 2425 circumstantia:
576 2344 782 2453 proniores
809 2338 860 2423 ad
888 2340 1164 2451 deceptionem
1191 2333 1363 2454 aliquam
1394 2343 1564 2426 indettri

110 2464 296 2539 minatam
323 2485 391 2568 per
405 2451 542 2538 leriern
569 2452 734 2566 plurium
763 2449 1042 2549 consimilium,
1075 2452 1197 2566 quim
1215 2461 1267 2538 ad
1290 2459 1562 2565 operationem

55 2592 61 2621 ¹
110 2571 292 2654 divinam.
349 2577 569 2682 Utrumque
594 2593 701 2681 patet
728 2595 776 2651 ex
802 2560 956 2680 Regalis
975 2567 1078 2652 Artis
1103 2572 1258 2655 Ctiticae
1282 2567 1306 2654 ὲ
1326 2575 1446 2654 mein
1470 2571 1561 2654 Phi·

108 2681 284 2798 losophia
303 2683 526 2798 Pollingrna
547 2685 826 2768 demonstratis.
880 2684 987 2783 Dixi,
1001 2679 1061 2768 'ad
1081 2679 1331 2796 deceptionem
1343 2682 1480 2800 flrltem
1500 2686 1562 2788 in?

110 2797 394 2887 determinatam
416 2826 486 2912 per
495 2797 633 2913 seriem
655 2793 821 2909 plurium
840 2793 1092 2907 confimilium.
1113 2892 1120 2900 ,
1151 2803 1257 2910 Quia
1270 2798 1305 2884 sr-
1314 2828 1352 2882 v.
1372 2826 1410 2915 g.
1430 2792 1561 2913 perloss
1585 2806 1591 2821 “

111 2944 159 2998 na
183 2914 225 3000 fit
247 2911 420 3028 superba,
456 2941 568 3013 vana,
593 2909 873 2998 revelationum
906 2937 1121 3024 appetens,
1139 2942 1222 2998 non
1247 2917 1373 3026 potest
1396 2908 1560 3029 quideui

106 3029 238 3115 inferri
264 3026 456 3146 quaslibet
481 3034 593 3131 hujus
608 3022 777 3140 personae
795 3021 1050 3112 revelationes
1074 3023 1150 3114 elle
1177 3022 1418 3140 probabilius
1436 3014 1524 3112 fals.

106 3151 235 3259 potest
253 3170 382 3229 tamen
405 3145 507 3229 rede
532 3140 675 3240 inferri,
696 3141 722 3225 fi
742 3137 806 3226 illa
826 3138 988 3254 persona
1008 3142 1186 3226 habuerit
1210 3139 1338 3255 plures
1352 3138 1558 3229 revelatio·
1579 3226 1583 3235 ,
1686 3152 1689 3159 ’

106 3289 175 3344 nes
191 3257 426 3364 consimiles,
448 3287 564 3342 unam
587 3255 649 3340 vel
670 3252 827 3341 alteram
850 3261 962 3341 exiis
984 3253 1061 3340 esse
1084 3253 1235 3346 falsatus
1263 3257 1449 3372 adeoque
1472 3252 1562 3344 srmss
1702 3256 1705 3260 ⁴

107 3374 258 3488 pliciter
283 3402 417 3458 verum
436 3381 531 3469 erit,
553 3399 694 3482 corpus
726 3367 875 3479 illarum
907 3367 1189 3456 revelationum
1223 3371 1463 3484 probabilius
1484 3366 1560 3459 elle

107 3485 256 3588 falsum,
283 3487 370 3572 clun
400 3489 449 3572 ad
472 3484 669 3572 falsitatem
687 3481 855 3598 plurium
880 3484 1193 3599 propolitionum
1218 3483 1440 3598 copulative
1457 3483 1557 3573 sum·
1634 3578 1637 3584 ,
1680 3569 1683 3575 .

106 3629 258 3716 ptarurn
280 3600 436 3687 sufficiat
463 3597 601 3687 falfitas
629 3611 739 3685 unius
765 3598 1053 3713 propofitionis.
1110 3601 1264 3686 Hincsr
1289 3601 1560 3714 dispositiones

109 3724 150 3801 in
167 3714 298 3831 aliqua
319 3714 481 3829 persona
510 3724 728 3828 proniores
745 3709 830 3798 lunt
861 3709 1180 3813 adillusronem,
1212 3744 1289 3801 una
1314 3714 1448 3803 saltem
1473 3711 1558 3801 talis
1628 3740 1650 3768 ‘-

106 3829 230 3916 illusro
250 3837 351 3916 inter*
372 3829 510 3916 multas
534 3837 613 3937 ejus
633 3825 802 3944 personae
829 3825 1084 3915 revelationes
1100 3829 1271 3942 praesutni
1296 3830 1438 3920 debete
1457 3825 1561 3941 qvod

107 3954 204 4033 enim
234 3970 396 4058 pronum
429 3942 478 4054 est
503 3945 613 4050 fieri,
639 3942 865 4062 regulariter
882 3943 957 4052 fii,
983 3941 1114 4030 saltem
1133 3939 1308 4031 unavel
1336 3941 1571 4033 altera'vice

106 4090 175 4176 pet
198 4059 331 4147 seriem
350 4056 516 4173 plurium
544 4056 695 4143 casuum
722 4057 985 4146 consimilium.

220 4175 284 4269 D.
297 4175 344 4265 Ε.
359 4178 414 4264 A.
429 4171 663 4263 deRevelai.
676 4173 780 4262 Pars
790 4173 827 4261 1.
857 4258 862 4266 ,
1048 4174 1152 4266 un
1401 4166 1559 4291 Regula.
