3796 4994
183 240 285 432 Ι36
481 316 484 331 ²
528 240 532 245 -
611 311 718 442 aeg,
745 313 855 411 Gen.
872 338 931 409 ert
948 317 999 409 P.
1033 301 1251 410 Gravinaa

273 526 276 531 '
327 509 444 597 Circa
476 505 643 611 titiones
688 510 911 625 corporales
942 510 1201 600 multivarias
1232 514 1392 600 tradunt
1423 508 1575 629 regulas
1606 514 1660 603 acl

216 625 522 720 discernendum,
545 649 672 708 utrum
700 625 771 710 sant
791 628 841 711 ab
858 625 1002 742 angelo
1028 630 1141 712 bono
1165 624 1227 713 vel
1250 626 1383 735 malo3
1402 674 1405 683 ·
1422 654 1660 742 quartameu

67 784 73 793 ¹
218 768 301 824 non
330 733 413 822 lunt
440 733 681 822 universales.
735 743 800 824 Sic
820 746 946 852 ptimo
973 738 1094 855 aliqui
1119 766 1317 827 recurrunt
1339 743 1388 824 ad
1415 740 1601 838 formam,
1618 748 1660 827 in

218 880 299 966 qua
317 876 504 963 apparett
545 851 636 935 sar.-
662 846 847 964 pulchta‚
876 854 1011 938 dicunt
1034 852 1114 939 eile‘
1136 852 1320 968 angelum
1337 857 1516 945 bonumt
1556 855 1585 940 lt
1613 854 1660 942 lit

218 963 419 1062 deformis,
435 989 583 1085 ,putant
605 966 679 1050 elle
704 963 883 1079 angelum
904 964 1060 1055 malum,
1118 973 1210 1052 Haec
1224 965 1364 1080 ,regula
1388 972 1546 1051 nonest
1572 974 1660 1053 uni-

220 1075 388 1167 versaliss
432 1083 538 1193 quia,
566 1104 609 1162 ut
630 1080 682 1162 D.
706 1076 844 1163 Paulus
878 1081 1022 1178 docet,
1056 1080 1214 1194 angelus
1246 1083 1490 1165 tenebrarum
1518 1078 1557 1164 se
1590 1077 1661 1165 ali·

68 1249 72 1257 -
218 1193 386 1308 quando
404 1192 647 1304 transfigurat
662 1196 701 1276 in
731 1190 909 1297 angelum
942 1188 1061 1283 luciss
1098 1201 1137 1277 &
1171 1196 1224 1280 D.
1246 1199 1432 1292 Mattino,
1462 1220 1581 1305 prout
1602 1191 1662 1279 lc·

220 1313 322 1419 gitur
355 1309 396 1388 in
422 1314 501 1407 ejus
531 1310 630 1403 vita,
658 1312 832 1419 apparuit
856 1310 895 1391 in
919 1311 1052 1418 figura
1077 1308 1218 1393 Christi
1247 1314 1426 1391 coronati
1450 1314 1489 1390 δι
1514 1334 1661 1419 purpu-

219 1423 302 1504 tati.
354 1415 436 1503 Alii
455 1415 625 1502 secundo
655 1418 858 1503 desumunt
888 1416 1087 1504 discrimen
1109 1449 1157 1503 ex
1190 1418 1397 1505 effectuum
1425 1420 1661 1533 magnitudi·

220 1561 284 1617 nc.
337 1532 417 1617 Sed
442 1533 522 1613 hoc
541 1560 622 1614 non
643 1534 846 1645 procedit,
875 1536 981 1646 quia,
1005 1558 1048 1617 ut
1082 1531 1260 1618 observat
1279 1534 1330 1616 D.
1356 1536 1552 1628 Thomas,
1583 1535 1660 1615 dae·

220 1674 358 1730 rnoncs
381 1674 464 1728 non
490 1642 694 1729 amiserunt
710 1645 792 1729 suas
813 1652 911 1729 vires
942 1643 1143 1732 naturales.
1200 1652 1338 1729 Tertio
1367 1644 1429 1729 alii
1454 1647 1661 1731 attendunt

211 1762 269 1844 ad
289 1763 383 1856 boc,
403 1784 530 1844 unum
554 1758 611 1858 id,
640 1760 754 1872 quod
776 1756 989 1859 consulunt,
1015 1760 1165 1842 bonum
1191 1788 1240 1844 an
1270 1755 1412 1841 malum
1437 1760 1495 1843 sat.
1577 1758 1661 1842 Sed

218 1881 258 1957 dt
293 1876 372 1955 hoc
407 1872 553 1984 fignum
598 1872 792 1957 interdurn
829 1869 947 1956 fallax
989 1875 1065 1969 eli,
1106 1879 1226 1986 quia,
1269 1897 1311 1955 ut
1336 1869 1499 1985 legimus
1527 1878 1567 1956 in
1591 1876 1661 1958 Vi·

216 1993 265 2071 tis
294 1994 472 2087 Pactum,
511 1990 551 2068 δι
578 1990 617 2069 in
644 1991 818 2071 Historiis
842 1990 1094 2087 Sanctorum,
1142 1982 1285 2069 multos
1316 1985 1384 2068 sub
1409 1984 1431 2067 s
1450 1988 1534 2070 ecie
1561 1988 1662 2070 boni

216 2100 459 2191 seduxerunt.
514 2100 705 2194 Accedit,
750 2101 864 2212 quod
905 2095 1055 2211 aliquid
1087 2126 1136 2183 ex
1171 2094 1209 2184 se
1236 2097 1349 2212 poilrt
1379 2126 1454 2182 ee
1491 2100 1660 2199 bonum,

217 2216 333 2333 quod
352 2220 482 2297 tamen
509 2241 557 2296 ert
581 2216 852 2296 circumstantia
868 2209 1011 2295 malum
1043 2214 1108 2295 cll.
1222 2222 1379 2325 Quarto
1401 2208 1582 2298 nonnulli
1609 2240 1660 2299 ex

216 2329 313 2414 loco
338 2328 493 2412 sumunt
508 2330 819 2439 argumentum}
844 2350 888 2409 ut
895 2386 911 2426 ,
936 2323 1027 2409 stin
1046 2321 1212 2412 Ecclefia
1222 2351 1422 2437 appareat,
1448 2325 1493 2411 lat
1513 2326 1660 2433 bonus.

216 2449 271 2530 Hi
290 2437 473 2543 nesciunt,
502 2437 715 2526 Diabolum
735 2444 850 2525 etiam
866 2436 955 2524 loca
974 2435 1077 2523 sacra
1099 2467 1183 2524 non
1203 2438 1394 2552 refugere,
1414 2464 1457 2524 ut
1480 2464 1589 2553 patet
1608 2467 1660 2527 ex

215 2556 281 2646 illa
305 2555 515 2642 seductrice
539 2580 719 2666 tempore
756 2554 988 2639 Rusbrotbii
1000 2610 1016 2652 ,
1055 2580 1145 2667 quar
1168 2558 1283 2639 ctiam
1308 2555 1359 2636 ad
1388 2554 1660 2639 Euchariliiam

41 2656 53 2769 .-
215 2670 429 2760 accedebat
455 2670 730 2753 comitantibus
757 2668 916 2752 duobus
959 2667 1160 2752 daemoniis
1194 2663 1262 2750 lub
1301 2660 1427 2779 specie
1453 2668 1660 2778 Seraphin.

218 2793 372 2902 Quinto
397 2778 518 2897 aliqui
547 2784 781 2896 distinguunt
814 2784 1072 2894 apparitiones
1098 2780 1297 2863 bonorum
1338 2775 1566 2892 angelorum
1596 2778 1660 2877 ab

215 2903 458 3015 apparitione
480 2891 670 2980 malorum
703 2900 769 2993 eb,
798 2896 910 3008 quod
940 2896 979 2977 hi
1007 2896 1058 2977 ad
1096 2890 1305 2978 virrdidam
1349 2899 1574 2994 mittantur,
1602 2888 1661 2977 illi

215 3018 268 3102 ad
290 3018 466 3128 proemia.
520 3011 665 3094 Sed&
697 3012 778 3093 hoc
806 3010 1006 3092 discrimen
1036 3035 1119 3091 non
1149 3004 1327 3105 subsistit,
1367 3010 1458 3120 quia
1478 3002 1660 3117 legimus,

215 3135 330 3216 etiam
351 3127 482 3210 bonos
503 3121 664 3239 angelos
688 3128 787 3208 mitti
813 3124 865 3207 ad
898 3118 1116 3205 faciendam
1153 3119 1387 3216 vindictam,
1417 3146 1535 3231 prout
1564 3118 1661 3205 milli

213 3243 299 3332 sunt
335 3248 377 3328 in
403 3245 613 3327 exercitum
642 3237 924 3332 Sennacherib,
965 3230 1190 3344 &angelus
1257 3235 1333 3315 este
1359 3229 1554 3342 flagellans
1583 3261 1659 3345 po·

212 3354 347 3471 pulum
374 3349 499 3440 lsrael.
570 3357 695 3437 Sexto
723 3348 786 3432 alii
812 3342 964 3443 volunt,
989 3348 1149 3458 angelos
1167 3261 1291 3430 malos
1318 3356 1436 3429 nocte
1457 3374 1658 3457 apparere,

211 3477 344 3560 bonos
373 3471 425 3553 de
452 3470 530 3553 die.
586 3470 637 3550 lli
659 3461 757 3549 tales
785 3492 863 3546 non
895 3458 1111 3564 observant,
1139 3461 1220 3543 dari
1246 3485 1412 3571 quoquc
1437 3460 1655 3559 doemonia‘,

91 3674 98 3693 ‚
213 3591 285 3703 qni
317 3589 502 3668 vocantur
537 3582 773 3666 meridianas
832 3582 884 3659 δι.
900 3580 1020 3658 Evam
1050 3579 1089 3657 in
1122 3574 1285 3657 meridie
1313 3597 1497 3657 tentatam
1531 3568 1655 3661 fuitie.

212 3704 353 3815 ltaque
377 3695 487 3781 millis
504 3697 564 3780 his
586 3690 741 3807 tegulis,
764 3694 871 3775 statui
892 3685 1048 3801 pollone
1066 3684 1281 3802 sequentes.

1 3878 3 3883 -
173 3918 179 3935 ,
258 3890 272 3923 ι
328 3872 366 3938 ι.
402 3829 452 3934 Si
485 3828 657 3931 forma
689 3822 946 3969 &species
981 3817 1211 3922 bumana
1245 3845 1354 3922 non
1389 3816 1471 3934 sat,
1507 3816 1659 3953 suspif

142 4000 146 4007 '
214 3985 296 4079 cio
341 3974 432 4091 cst,
469 3967 613 4108 quod
662 3968 720 4069 srt
781 3970 1032 4095 apparitio
1093 3956 1251 4095 angeli
1310 3957 1654 4074 tenebrarum,

212 4120 326 4203 Ratio
347 4117 422 4203 ests
443 4114 542 4227 xquia
563 4103 704 4219 angelo
727 4104 894 4189 debetur
919 4098 1047 4184 forma
1079 4095 1395 4213 preliantiffima,
1424 4121 1467 4181 ut
1487 4100 1656 4229 ministe-

1588 4237 1661 4311 nc,
