3796 4994
231 347 329 441 τοῦ
593 308 773 460 Regula
790 346 848 427 ete
870 324 993 433 Βανά.
1014 323 1067 428 de
1088 335 1277 428 Laurea

225 534 376 644 fruatm
403 529 587 620 amando.
642 533 701 616 Ita
728 532 830 620 hanc
851 539 1075 622 orationem
1114 529 1324 623 declaravit
1351 534 1547 626 Baltbasat
1570 537 1691 633 Alva.

227 679 295 743 tcz
319 654 405 766 pius
432 655 473 733 dr
496 649 668 733 devotus
684 647 843 750 Jeiuita,
873 677 916 737 ut
940 651 1061 739 refert
1084 648 1307 740 Ludovicus
1327 649 1374 742 de
1399 655 1524 745 Ponte
1542 659 1585 743 in
1609 667 1689 760 ejus

18 754 28 769 “
80 803 86 821 ,.
227 771 309 857 vita
330 768 378 850 C.
404 794 467 868 13·
525 766 601 848 Hic
628 787 758 846 autem
781 765 925 850 modus
954 763 1297 879 contemplationis
1328 771 1550 885 acquisrtae,
1565 774 1691 864 didus

227 883 356 971 oratio
384 881 533 992 quietis,
561 877 587 963 ri
613 873 748 962 sanetis
776 908 821 964 ac
849 884 1016 994 mysticis
1036 884 1281 969 Doctoribus
1304 885 1532 975 admittitur.
1590 891 1688 976 Pro·

224 996 351 1084 batur.
389 992 429 1081 S.
463 992 746 1079 Beneventum
777 996 831 1080 de
857 992 1024 1080 stimulo
1061 1003 1206 1083 amoris
1234 1004 1320 1085 Par.
1346 1033 1383 1088 a.
1414 1006 1466 1089 C.
1491 1032 1532 1102 7.
1567 1005 1688 1094 dicit:

208 1116 312 1227 ‘Qri
333 1104 523 1194 vulteum
548 1116 670 1192 adiva
696 1107 1041 1221 contemplativam
1064 1117 1187 1204 vitam,
1202 1114 1366 1214 habere,
1397 1139 1442 1204 ut
1463 1115 1574 1204 suum
1600 1124 1687 1207 Do·

226 1232 379 1315 minum
405 1227 448 1308 in
471 1225 665 1333 omnbus,
682 1223 984 1339 contempletur,
1008 1229 1162 1313 videtur
1178 1231 1285 1331 mihi,
1304 1232 1418 1345 quod
1446 1239 1509 1319 via
1534 1233 1580 1321 srt
1598 1236 1688 1326 brt·

225 1345 346 1428 vis&
369 1339 490 1438 bona,
516 1330 712 1434 videlicet,
737 1367 780 1424 ut
803 1338 841 1425 se
865 1368 994 1426 toturn
1014 1338 1247 1457 recolligens
1269 1351 1387 1430 intret
1401 1347 1452 1432 ad
1474 1375 1545 1433 cor
1560 1347 1684 1453 suum,

228 1462 268 1542 de
299 1459 433 1541 intima
457 1455 585 1537 cordis
610 1457 832 1565 ingrediens
859 1454 898 1541 le
922 1452 1088 1544 resolvat
1108 1464 1152 1544 in
1176 1460 1331 1560 Deum,
1359 1486 1402 1548 ut
1418 1457 1515 1548 nihil
1532 1494 1609 1552 nec
1630 1472 1688 1554 vi·

152 1573 179 1623 ·‘
225 1568 335 1670 deat,
361 1597 434 1654 nec
462 1568 609 1671 sentiat,
633 1566 701 1653 nifi
723 1573 868 1658 Deum.
1573 1585 1577 1590 ’

334 1758 503 1890 Regula
547 1790 621 1856 ro.
666 1750 726 1856 In
772 1749 853 1858 illa
902 1752 1373 1896 contemplatione,
1417 1792 1533 1898 quae
1570 1729 1685 1869 dici·

74 1917 122 2008 ,“
226 1900 338 2017 tut,
387 1902 556 2000 oratio
588 1902 807 2037 quietis,
848 1918 1010 2018 tunc,
1052 1901 1266 2038 quando
1303 1903 1374 2006 est
1425 1906 1684 2041 acquifita,

121 2118 126 2131 „
219 2039 500 2148 intelleiius
537 2036 592 2142 δ(
627 2046 883 2146 memoria
915 2068 1195 2181 operantur
1227 2043 1394 2161 liberi,
1431 2045 1532 2150 sola
1560 2047 1683 2152 verb

225 2184 469 2321 voluntas
502 2181 721 2318 quiescit.
813 2204 1017 2318 Adeoque
1045 2232 1094 2288 ex
1116 2199 1219 2290 suavi
1245 2213 1382 2320 quiete
1405 2212 1446 2291 in
1479 2207 1575 2292 Deo
1600 2239 1685 2298 non

224 2326 391 2414 habetur
416 2347 701 2435 argumentum,
729 2319 916 2407 visionem
955 2314 1168 2406 intellectui
1196 2326 1237 2406 de
1267 2328 1463 2408 memoria
1498 2329 1682 2434 operanti

215 2438 388 2533 adscribi
411 2466 494 2520 non
519 2434 640 2549 polle.
695 2433 805 2520 ldem
836 2435 881 2523 L.
902 2436 997 2522 CC.
1017 2437 1065 2520 C.
1092 2447 1131 2519 6.
1161 2435 1212 2520 fic
1242 2432 1381 2520 scribit.
1467 2439 1684 2527 Videamus

217 2544 318 2666 iam,
345 2553 446 2669 quid
471 2549 589 2637 faeiat
618 2554 748 2638 anima
785 2556 827 2636 in
857 2548 1041 2634 oratione
1070 2544 1136 2635 illa
1161 2551 1306 2665 quietis
1338 2578 1387 2636 ex
1411 2549 1450 2640 S.
1475 2546 1682 2665 lbertfiu:

223 2668 281 2765 C.
309 2663 581 2773 15.suaevitae
608 2660 830 2752 describit:
869 2659 984 2750 Nihil
1004 2688 1135 2748 autem
1166 2669 1332 2750 animam
1359 2689 1539 2780 tempore
1567 2669 1683 2779 hujus

224 2789 366 2913 quietis
384 2780 512 2866 faeere
536 2805 712 2894 oportet,
734 2807 855 2894 quam
878 2801 923 2862 ut
943 2776 1107 2863 suaviter
1132 2784 1173 2861 dc
1191 2779 1271 2862 srne
1288 2783 1445 2893 strepitu
1465 2775 1549 2866 ullo
1567 2778 1607 2867 se
1622 2809 1682 2869 te-

189 2923 347 2991 neat.¹
379 2899 590 3010 Strepitum
623 2919 755 2981 autem
782 2887 961 3007 intelligo
988 2920 1060 3004 per
1085 2889 1324 2997 'intelledium
1349 2893 1491 2992 verba,
1519 2901 1562 2981 δι
1586 2926 1683 2984 oon-

204 3012 472 3119 ⁴fideratiouts
507 3005 649 3097 multas
672 3060 696 3079 -
722 3004 908 3095 voluntas
940 3009 1022 3091 boc
1054 3031 1237 3121 tempore
1273 3009 1327 3094 de
1362 3005 1560 3095 intellectu
1594 3040 1683 3100 noa

223 3152 466 3245 magnopere
492 3119 671 3226 laboret,
696 3151 751 3211 co
776 3123 894 3237 quod
920 3126 954 3208 is
979 3146 1146 3206 vexator
1166 3120 1211 3206 fit
1237 3125 1278 3205 ar
1306 3125 1566 3240 importunus.
1638 3130 1682 3214 si

221 3270 355 3333 autern
376 3240 456 3357 ipsa
471 3268 563 3327 eum
584 3245 813 3355 participem
835 3236 965 3322 facere
988 3231 1158 3322 voluerit
1180 3244 1289 3345 ejus,
1349 3266 1404 3323 uo
1423 3236 1582 3338 fluitur,
1610 3266 1681 3329 aut

88 3428 91 3435 .
222 3387 313 3448 eum
336 3362 515 3473 quietum
535 3354 716 3454 reddere,
744 3347 958 3438 inconsulta
987 3349 1126 3449 faciet,
1155 3377 1228 3436 nec
1248 3268 1440 3465 prodciet.
1496 3356 1611 3471 Saepe
1636 3384 1682 3452 e·

220 3481 305 3561 nim
328 3476 453 3557 homo
472 3471 728 3556 voluntatem·
738 3462 988 3553 recollectam
1007 3473 1050 3551 δι
1071 3468 1245 3581 quietam
1263 3466 1341 3552 elle
1362 3467 1534 3564 videbit3
1560 3466 1679 3563 intel·

220 3584 368 3677 ledum
380 3587 487 3673 verb
503 3588 731 3700 inquietum
751 3587 794 3665 ἃ
823 3583 1034 3668 turbarum.
1088 3584 1216 3665 Satius
1235 3609 1334 3697 crgo
1359 3585 1426 3684 est,
1446 3608 1490 3668 ut
1510 3610 1603 3671 eum
1625 3585 1680 3673 lic
1719 3636 1723 3643 ·

133 3794 136 3799 ,
220 3706 404 3800 dimittat,
427 3698 549 3816 quim
569 3714 663 3784 eum
679 3693 895 3784 insectetur.
917 3745 941 3763 ·
965 3749 983 3765 ·
1040 3690 1262 3782 Intellectus
1285 3724 1456 3812 quoque
1480 3695 1548 3783 bic
1569 3705 1680 3789 excr-

220 3841 326 3905 tatur
352 3815 405 3902 ad
434 3819 643 3901 concinnas
665 3816 707 3895 dt
736 3811 972 3927 compositas
998 3818 1139 3925 gratias
1164 3814 1353 3926 agendasr
1403 3808 1471 3896 sed
1491 3809 1679 3902 voluntas

217 3936 280 4019 cst
293 3939 333 4018 in
349 3928 414 4017 sua
435 3933 572 4044 quiete
597 3976 618 3997 ·
644 3929 822 4044 denique
847 3923 1023 4012 mentalis
1044 3929 1173 4011 oratio
1195 3931 1352 4040 penitus
1370 3922 1436 4012 hic
1457 3931 1678 4019 omittenda

214 4076 305 4136 aton
327 4050 396 4144 est,
410 4039 489 4133 vel
518 4069 593 4128 nec
610 4043 732 4128 verba
756 4048 876 4128 etiarn
901 4038 1033 4157 aliqua
1058 4038 1221 4128 vocalia.
1276 4045 1319 4128 Si
1349 4042 1546 4127 interdum
1569 4042 1706 4137 usur-2

211 4182 315 4282 pare
331 4189 381 4270 ea
394 4155 530 4267 gebaa
556 4182 627 4247 aut
638 4157 792 4275 poliant.
845 4160 905 4263 Ita
924 4161 966 4259 δ.
986 4155 1178 4262 Therefia,
1200 4185 1253 4270 ear
1277 4163 1382 4273 caius
1401 4156 1529 4273 verbis
1548 4169 1678 4369 parea,¹

216 4316 235 4337 ..
262 4328 266 4335 .
331 4324 334 4329 .
797 4324 816 4344 ..
864 4338 868 4343 .
909 4297 914 4302 ’
1551 4301 1645 4392 quq
