3796 4994
599 308 801 424 Revela.
824 319 881 419 de·
901 321 1090 459 Agreda.
1121 328 1234 423 Pars·
1258 330 1317 424 il.
1497 356 1507 397 ³
1563 353 1659 456 353
1722 342 1737 387 ’·

213 515 337 640 'qliod
360 517 686 636 p'erCtysamum,
707 521 915 612 balsamum
932 531 973 612 dc
993 520 1154 622 oleum,
1173 551 1358 641 tanquam
1375 530 1573 615 materiam
1591 532 1664 619 lru·
1790 620 1795 629 ,

211 646 274 744 lus
294 643 531 724 sacramenti
556 636 784 752 significetur
804 638 871 729 lux
888 643 1087 757 bonorum
1115 664 1294 753 opetum.
1372 702 1376 709 .
1469 668 1476 681 ·
1625 678 1650 695 ··

337 773 433 857 834
475 751 654 866 Agnovit
688 759 803 839 etiam
832 760 1013 863 virtutem
1045 754 1258 840 verborum
1285 759 1325 840 in
1361 751 1666 865 consecratione,

211 888 363 1064 rsregnrgs
396 867 675 954 transmutandi
710 863 965 974 substantias,
1010 867 1256 979 manentibus
1288 866 1554 959 accidentibus
1577 870 1666 968 fine
1820 856 1830 875 ⁸

233 1005 323 1087 ure
361 1005 403 1064 ο.

335 1105 434 1195 886.
463 1094 639 1205 Quando
666 1085 1155 1210 digness'commmictmus',
1175 1093 1219 1181 id
1234 1118 1371 1211 praeter
1390 1099 1527 1184 merita
1549 1088 1680 1183 Chri?

212 1205 263 1291 ui
280 1204 473 1293 debemus
496 1205 688 1293 lachrimis
708 1215 749 1294 dt
776 1204 937 1320 sospitis
957 1216 1039 1319 ejus
1065 1212 1213 1308 urnis,
1232 1239 1321 1326 quae
1339 1214 1420 1296 hoc
1434 1209 1560 1296 nobis
1572 1236 1683 1322 prm·

218 1324 359 1404 meruit
384 1326 424 1423 dt
445 1319 628 1437 obtinuit.
682 1324 724 1407 Si
750 1328 840 1437 quis
865 1349 961 1437 ergo
980 1318 1158 1436 sacrilegi
1183 1328 1470 1433 communicat,
1492 1322 1602 1431 sciat,
1617 1320 1667 1408 se

215 1458 302 1518 non
318 1433 466 1519 tannim
483 1438 658 1542 injuriam
670 1430 812 1521 inferre
828 1424 1005 1539 Christo·
1018 1434 1083 1524 sed
1097 1444 1138 1520 dc
1160 1445 1202 1523 B.
1223 1443 1404 1552 Virginis
1418 1442 1512 1554 quia
1529 1435 1667 1551 aliquo

218 1548 348 1632 modo
379 1542 530 1633 frustrat
560 1553 642 1655 ejus
677 1576 812 1662 preces
824 1610 839 1652 ‚
877 1547 1105 1648 habuimus,
1141 1556 1182 1635 dc
1209 1538 1378 1666 suspiria'
1398 1598 1417 1620 ·
1471 1554 1665 1636 Memoria

218 1668 261 1746 B.
281 1664 448 1774 Virginis
467 1687 548 1747 erat
563 1662 806 1761 tenacilstma,
831 1687 875 1748 ut
894 1669 1083 1753 memoria
1102 1660 1253 1778 angelis
1294 1672 1376 1770 ejus
1390 1688 1521 1750 autem
1546 1660 1665 1749 scien·

219 1776 274 1860 tia
294 1799 374 1859 erat
390 1769 557 1890 amplior
581 1774 733 1862 scientia
755 1774 942 1892 angelica.
1092 1792 1096 1797 “
1330 1828 1333 1833 ·

304 1930 309 1941 ¹
339 1904 434 1992 837:
470 1896 516 1975 B.
536 1894 704 2013 Virgoa
758 1899 865 1992 orit,
892 1893 1089 1977 materiato
1116 1891 1352 1981 sacramenti
1374 1912 1556 1976 extremar
1585 1892 1669 1974 Uo'·

221 2004 362 2201 diogis
400 1998 477 2138 esse
496 1999 646 2090 'oleum
686 2010 903 2106 ovatum,
949 2009 992 2088 de
1030 1999 1199 2093 sormam
1239 2003 1316 2096 esse
1350 2007 1665 2120 deprecationem
1828 2006 1831 2011 ’

168 2162 180 2181 ·
248 2143 307 2205 res
381 2144 447 2205 err.
1620 2140 1624 2149 ·

217 2143 246 2230 p
290 2330 295 2337 ‚
336 2141 434 2334 lgr.
464 2232 640 2344 Agnovit
661 2238 777 2319 etiam
796 2237 972 2348 quinque
988 2239 1179 2347 praecepta
1198 2226 1394 2322 Ecclefiaer
1419 2237 1496 2316 &c
1668 2267 1671 2273 ·

220 2368 225 2375 ’
338 2362 440 2444 842.
481 2349 590 2429 Deus
622 2345 811 2458 assumpsit
832 2353 873 2432 B.
901 2353 1102 2460 Virginem
1138 2351 1180 2430 in
1203 2347 1479 2453 coadjutricem
1510 2368 1584 2454 pto
1606 2365 1665 2429 re·

217 2455 452 2569 demptione
476 2463 699 2547 hominums
740 2467 779 2542 dt
803 2464 843 2543 in
865 2465 946 2565 ejus
969 2461 1091 2544 corde
1108 2454 1263 2572 reliquit
1283 2461 1481 2572 registrum
1504 2461 1666 2541 miracu·

218 2567 349 2657 lorum
380 2567 459 2655 ise
485 2573 789 2682 patrandorum
1650 2598 1656 2621 ·

338 2695 437 2786 ⁸46·
463 2693 504 2769 B.
519 2689 567 2771 V.
584 2689 757 2796 agnovit,
778 2709 865 2797 qua
879 2679 1011 2775 ‚futura
1026 2680 1146 2771 essent
1165 2678 1357 2798 usquead
1376 2707 1521 2767 annum
1542 2691 1664 2781 1657.

192 2798 197 2811 '
221 2803 265 2883 dc
290 2795 388 2884 ultra
408 2825 534 2909 usque
557 2796 744 2881 adfinem
767 2798 917 2881 mundi.

349 2922 444 3016 847.
475 2914 564 2995 Erat
583 2907 726 2994 summa
747 2905 957 2996 similitudo
988 2914 1089 2996 inter
1111 2909 1308 2996 Christum
1340 2913 1381 2992 dc
1413 2911 1595 2994 Mariams
1622 2909 1664 2988 dr

221 3029 234 3047 ’
261 3021 298 3110 sa
317 3022 421 3110 suam
443 3048 591 3136 panem
610 3047 676 3108 tan
708 3050 795 3108 uam
817 3024 1028 3128 coadjutrix
1055 3018 1224 3138 contulit
1240 3022 1292 3108 ad
1311 3023 1515 3109 edificium
1532 3013 1664 3105 Eccle-

218 3054 358 3228 ιἕτδε
379 3134 512 3251 legem
530 3052 812 3250 Evangeltam.
944 3144 948 3153 '
1047 3144 1114 3226 ii*
1532 3140 1536 3149 “

221 3266 225 3273 ’
310 3295 318 3305 -
343 3263 439 3365 848.
463 3247 689 3336 Revelatum
708 3251 803 3345 mihi
823 3251 891 3348 eli,
911 3246 1289 3364 quod-’dtlgrrtitudo
1310 3248 1518 3334 hominum
1531 3246 1664 3361 prorui·

220 3361 375 3481 sasrepe
393 3368 549 3452 Christo
575 3361 794 3476 expresserit
812 3361 990 3448 sudorem
1008 3362 1269 3476 sanguineum.

271 3532 275 3539 ·
341 3490 438 3582 849.
466 3479 639 3564 Christus
655 3474 804 3562 solebat
819 3473 1033 3588 aliquando
1051 3468 1685 3672 orareflerisgenibus'raliquam„

220 3593 284 3680 do
298 3601 427 3697 iacens
447 3596 489 3676 in
507 3615 608 3678 terra
624 3591 795 3703 expansu
814 3589 1000 3682 brachiisr'
1026 3583 1239 3704 aliquando
1267 3617 1296 3687 ,e
1311 3612 1446 3674 matus
1471 3591 1668 3672 in‘adrem

221 3712 368 3821 pariter
401 3704 573 3819 expansis
606 3701 797 3789 manibus.
849 3726 863 3751 ··
881 3710 1011 3788 Orant
1045 3714 1176 3787 autem
1205 3697 1373 3790 solebat
1405 3691 1670 3817 inpraesentia

218 3828 269 3907 u.
283 3825 451 3936 Virginis
475 3819 625 3906 dicere:
672 3823 711 3903 O
730 3815 969 3905 'Sandiilm'a
1003 3817 1311 3930 cnm,2'qua'ndo
1338 3820 1511 3927 inveniar
1529 3819 1569 3899 in
1592 3812 1668 3899 tuit

223 3930 411 4020 brachiis!
438 3982 455 4001 ·
479 3982 499 4000 -
538 3935 699 4019 'Venire
733 3930 906 4018 coeci'ad
931 3926 1071 4016 lumeli'
1090 3974 1108 3997 ·
1127 3924 1545 4026 'Curlrllis‘Pater‚''ne
1574 3934 1670 4011 coit'·

222 4073 517 4137 temnaseos·
703 4093 706 4098 ·
1380 4060 1661 4099 -···¹'

239 4178 244 4185 '
309 4161 402 4251 -D.
419 4160 466 4246 E.
485 4152 606 4245 Aac
630 4156 805 4246 Revelai.
825 4158 924 4247 Pars
939 4156 998 4245 11.
1195 4159 1272 4267 Yy
1569 4167 1669 4255 850.
