3796 4994
208 264 288 477 '54¹
496 446 499 453 ,
589 357 698 485 Reg.
714 337 867 450 Prodi.
887 327 946 450 eat
967 351 1023 451 P.
1054 274 1274 452 Gravitas

210 547 296 637 'dati
319 547 416 636 verb
442 548 603 669 Fratres,
631 560 702 671 qui
728 561 910 664 juvenem
935 557 1072 643 rudem
1092 552 1178 646 satis
1201 541 1278 644 esse
1299 557 1594 671 cognoverant,
1620 546 1670 638 fi·

214 665 328 752 nistre
339 669 414 750 bos
431 696 593 757 eventus
609 669 1168 787 accidere‘inrcrpretabanrur.
1224 672 1335 786 Quid
1353 673 1539 755 iaciunt?¹
1553 673 1671 756 Sum·

213 808 278 867 ma
301 791 515 871 reverentia
548 785 816 875 divinissimum
843 790 1134 873 Sacramentum
1166 789 1208 872 in
1239 785 1346 871 altari
1374 807 1603 898 exponunt,
1630 786 1672 865 de

214 896 269 984 ad
291 896 537 985 adorandum
567 909 697 1004 juveni
721 903 919 988 exhibent.
996 899 1236 988 Praesentiam
1265 899 1402 986 summi
1433 905 1534 1013 regis
1566 895 1673 984 serre

217 1037 300 1097 non
319 1008 441 1100 valuit
460 1014 651 1116 obsessus,
677 1020 776 1131 quin
796 1015 902 1104 velut
920 1017 1071 1132 Dagon
1092 1043 1183 1103 ante
1207 1043 1333 1119 arcam
1356 1037 1565 1103 corrueret.
1594 1015 1674 1098 Ex·

72 1144 103 1214 ‘n
217 1116 389 1214 orcismis
401 1135 518 1242 proin
542 1130 617 1218 fuit
642 1131 809 1217 doemon
823 1132 1017 1242 adjuratus
1039 1131 1154 1216 &ab
1180 1126 1334 1217 obsesso
1357 1123 1546 1243 expulsus.
1603 1131 1675 1233 Ju-

218 1247 329 1329 venis
352 1247 488 1359 postea
513 1243 631 1348 ualde
658 1272 741 1333 erat
768 1248 906 1333 hebes.
987 1247 1041 1334 P.
1064 1249 1249 1334 &avirra
1272 1246 1383 1332 addit
1408 1241 1513 1343 aliud
1540 1268 1677 1375 exem·

216 1351 352 1493 plum..
397 1361 567 1495 piebus,
591 1366 735 1499 inquit,
759 1365 896 1448 nostris
917 1385 1000 1448 erat
1033 1361 1215 1478 quedam
1232 1356 1414 1560 1persona
1435 1358 1679 1492 orationibus

219 1471 372 1560 assiduis
393 1500 557 1581 intenta,
577 1481 706 1563 erlrcro
732 1478 910 1563 membra
932 1475 1115 1576 domans,
1143 1504 1214 1591 per
1248 1502 1382 1562 emitas
1409 1471 1678 1561 mortificatio·
1720 1580 1724 1587 Ι

94 1679 119 1691 ,
206 1593 280 1691 ,πίε
298 1589 498 1690 incedens,
529 1592 760 1679 sacramenta
776 1591 1053 1707 frequentans,
1074 1592 1125 1677 ab
1148 1596 1269 1678 omni
1301 1595 1417 1678 etiam
1448 1585 1554 1675 licita
1582 1614 1680 1673 con·

220 1700 440 1790 versatione
462 1703 502 1792 se
519 1706 725 1810 abstinens,
745 1704 810 1794 vel
838 1711 891 1794 de
913 1709 1031 1810 Deo,
1050 1704 1115 1794 vel
1136 1734 1225 1794 cum
1248 1708 1343 1794 Deo
1369 1701 1564 1821 loquens,
1595 1727 1684 1789 tan·

221 1844 345 1933 quam
374 1814 494 1907 altera
519 1830 636 1908 Anna
658 1821 682 1910 i
701 1817 856 1937 templo
880 1850 966 1909 non
984 1823 1198 1922 recedens,
1228 1820 1473 1938 orationibus
1505 1817 1709 1907 &obse·.

223 1935 461 2022 erationibus
483 1940 667 2025 Domino
689 1936 881 2049 serviens,
908 1962 953 2026 ut
982 1938 1032 2023 ab
1064 1928 1248 2025 omnibus
1277 1934 1394 2023 fuerit
1413 1935 1545 2021 habita
1574 1929 1685 2020 velut

224 2074 339 2134 exem
369 2044 425 2136 lur
454 2058 644 2140 virtumm
677 2058 718 2139 dt
749 2060 884 2169 imago
910 2052 1130 2167 probitatis.
1201 2058 1341 2140 Praeter
1376 2053 1459 2138 bac
1489 2056 1618 2136 varios
1644 2053 1687 2135 dt

223 2078 397 2252 intenlbs
423 2163 584 2257 assessus
612 2192 705 2284 erga
728 2169 944 2267 Christum,
970 2173 1211 2282 Deiparam,
1240 2173 1281 2253 δι
1309 2170 1473 2253 Sandos
1499 2163 1687 2267 habebat,

225 2282 340 2367 uariis
361 2280 478 2371 donis
498 2281 538 2371 se
560 2280 796 2371 cumulatam
818 2284 1009 2383 narrabat,
1039 2309 1083 2371 ut
1105 2284 1234 2372 modo
1265 2278 1493 2381 monilibus,
1516 2275 1688 2380 armillis,

195 2393 358 2515 ¹modb
380 2402 493 2485 variis
514 2404 693 2515 gerontis,
721 2402 932 2498 inauribus,
964 2404 1004 2484 δι
1032 2399 1236 2516 quidquid
1256 2399 1309 2484 ad
1335 2397 1527 2484 mundum
1551 2392 1691 2482 mulie·

111 2524 113 2528 ’
216 2509 341 2597 brem
363 2518 513 2615 attinet,
537 2509 789 2602 'excellentius
807 2539 1020 2602 ornaretur.
1076 2519 1250 2602 Demum
1275 2541 1328 2601 eo
1349 2515 1466 2599 dono
1492 2507 1531 2597 se
1554 2512 1693 2625 praedi·

100 2716 104 2721 .
229 2650 311 2712 tam
334 2625 531 2722 asserebat,
566 2655 610 2717 ut
640 2625 743 2718 sacra
771 2634 887 2717 etiam
922 2632 1097 2746 stigmata
1134 2630 1309 2745 quadam
1342 2629 1419 2714 die-
1437 2620 1694 2740 suscepturam

149 2815 157 2829 .
193 2830 196 2834 ,
231 2734 449 2831 affirmaret.
486 2740 703 2840 ,Vexillum
766 2773 918 2860 uoque,
938 2748 979 2832 in
1003 2772 1090 2859 quo
1113 2768 1195 2831 erat
1216 2753 1296 2853 ejus
1319 2749 1454 2858 imago
1478 2741 1696 2856 depieim

232 2852 342 2944 coelo
372 2854 575 2946 demissum
596 2861 770 2947 Gabrie'
812 2888 929 2947 manu
952 2860 1088 2946 videre
1116 2858 1187 2945 fibi
1208 2855 1284 2946 visa
1312 2856 1389 2954 este
1416 2854 1564 2953 annulo
1589 2882 1697 2972 quo·

231 2999 315 3089 que
346 2969 608 3061 subarrhatam
644 2975 669 3062 i
692 2973 861 3090 sponso,
889 2970 1038 3061 monile
1064 2971 1228 3062 alterurn
1250 2970 1360 3061 velut
1380 3002 1541 3061 aureum
1570 2967 1698 3063 vellus

234 3089 366 3174 eidem
399 3088 584 3176 traditum
617 3093 726 3178 certo
763 3092 904 3176 certius
936 3086 1145 3182 asserebata
1186 3116 1382 3179 eoronam
1405 3116 1561 3176 auream
1581 3093 1698 3176 variis

234 3208 449 3318 margaritis
470 3207 656 3291 intextam
677 3207 765 3317 post
786 3199 988 3305 solennem
1014 3204 1296 3321 processionem
1316 3209 1358 3292 in
1386 3199 1699 3292 coelis'babitam

236 3321 280 3404 in
308 3342 426 3434 caput
459 3325 539 3429 ejus
569 3319 591 3406 ὲ
616 3317 709 3407 coeli
732 3316 887 3435 fastigio
921 3317 1115 3436 delapsam
1147 3317 1334 3436 accepisse
1369 3319 1562 3439 narrabat.
1630 3314 1702 3408 Ad

237 3457 390 3549 raptum
415 3439 456 3519 δι
476 3434 615 3521 edasrn
636 3428 734 3552 sape
756 3432 795 3522 se
818 3438 1108 3552 componebat,
1137 3463 1183 3523 ac
1206 3437 1234 3524 si
1255 3442 1298 3523 in
1326 3444 1408 3546 ejus
1428 3439 1627 3549 potestate
1646 3428 1704 3521 es·

182 3588 186 3593 ·
238 3545 308 3647 set,
336 3547 661 3666 quandocunque
688 3545 820 3654 vellet,
840 3548 879 3639 se
904 3557 945 3640 in
965 3549 1155 3640 excelsum
1184 3556 1325 3639 mentis
1345 3550 1539 3639 conferre
1593 3555 1703 3639 Tan·

123 3668 129 3674 ’
240 3686 282 3751 ta
312 3688 393 3750 erat
420 3669 508 3753 vitae
537 3671 618 3774 ejus
645 3670 889 3770 existimatio,
914 3692 1064 3756 utnon
1093 3663 1219 3755 sollum
1235 3663 1472 3783 spedatores
1500 3667 1551 3753 ad
1575 3669 1704 3753 vitant

241 3787 387 3865 tesiam
413 3807 698 3895 componeret,
724 3780 929 3871 sedetiam
959 3784 1125 3871 devotas
1145 3780 1328 3897 personas
1352 3785 1404 3869 ad
1429 3809 1516 3871 eam
1534 3778 1706 3892 invisen-

107 3920 111 3929 ’
242 3896 335 3982 dam
357 3890 537 3986 alliceret.
594 3903 642 3985 sit
662 3926 794 3986 tamen
820 3902 902 3986 hac
928 3895 1066 3986 mulier
1092 3898 1246 3986 detecta
1269 3901 1323 3984 est
1348 3901 1542 4013 arreptitia
1549 3924 1565 4008 3
1597 3924 1707 3983 eam·

244 4012 556 4215 quebdeceptam
577 4016 712 4132 potius
732 4010 865 4118 fuisse,
889 4013 1013 4132 quatu
1045 4015 1230 4132 decipere
1256 4009 1418 4130 voluisse
1441 4015 1568 4125 exitus
1594 4038 1704 4100 com·

191 4218 194 4223 .
240 4156 319 4249 pro
349 4152 442 4220 avtt.
567 4227 572 4237 ⁴

1212 4410 1219 4419 ¹
1253 4328 1262 4337 ¹
1358 4448 1368 4483 ἱ
1533 4220 1711 4430 Regulo

1043 4446 1072 4491 d
