3796 4994
592 261 815 395 Exempla
836 173 1347 395 Revebprnbabiliumt
1595 264 1683 396 '³35

212 472 415 565 coronata
438 468 508 573 effi
545 469 582 556 ci
613 468 829 571 transmisit,
852 497 942 586 qua
969 496 1098 589 usque
1115 497 1224 558 nunc
1249 463 1515 561 conseruntur
1593 472 1689 559 Hac
1866 510 1874 529 1

204 583 427 708 ,Revelatio
453 593 555 674 inter
575 582 804 701 probabiles
835 584 1023 673 collocari
1050 590 1201 704 potest,
1236 586 1264 674 fi
1293 582 1557 673 consuleretur
1582 589 1626 674 in
1639 581 1698 713 dsc-

222 704 394 822 praecitc.
455 709 519 790 An
542 702 640 787 verb
668 699 748 815 ipsa
772 705 812 786 in
831 705 872 790 S.
896 699 1138 821 Hildegarde
1153 697 1366 789 multitudo
1390 696 1691 809 revelationum.

209 828 311 938 'qua
339 826 442 926 iuxta
470 820 655 904 authores
685 813 853 937 suspecta
881 814 957 904 effe
980 821 1123 927 debet,
1147 825 1264 907 etiam
1287 821 1390 907 hanc
1412 818 1574 906 dubiam
1599 818 1691 911 red

224 942 307 1039 dat,
331 935 416 1022 esto
436 930 603 1023 aliorum
624 932 773 1043 jndicio
796 928 974 1033 liberum.
1051 1048 1052 1053 Ν
1290 948 1293 953 ’
1657 928 1669 997 ’-

369 1198 420 1294 4.
472 1155 740 1268 Revelatio
787 1153 1067 1296 probabilis
1112 1159 1204 1288 fit,
1248 1164 1284 1271 st
1328 1161 1517 1274 codem
1544 1182 1691 1274 'tcm-

225 1331 356 1444 pore
390 1298 567 1408 multis
604 1310 886 1442 contingat.
992 1327 1056 1413 Sic
1082 1326 1124 1412 in
1145 1328 1238 1413 Vita
1258 1326 1484 1440 Raymundi
1510 1323 1563 1411 de
1589 1329 1691 1411 Pen-
1826 1335 1848 1383 -“

227 1442 360 1533 nasort
384 1443 436 1529 ad
464 1475 504 1546 7.
520 1447 688 1548 Januarii
707 1445 758 1532 C.
778 1476 818 1543 2·
844 1444 1003 1530 diciturr
1046 1440 1154 1549 Cum
1176 1445 1313 1527 Petrus
1331 1436 1552 1544 Nolascus,
1584 1444 1691 1551 cujus

216 1556 502 1665 ⁸Confeisronet
525 1563 568 1644 B.
599 1561 852 1674 Raymundus
871 1558 1057 1645 audiebat
1079 1555 1131 1642 ad
1161 1560 1336 1668 captivos
1359 1583 1409 1642 ex
1434 1557 1691 1643 barbarorum

226 1669 394 1763 vinculis
416 1672 669 1761 redimendos
694 1671 777 1760 suas
801 1700 900 1791 opes
927 1667 1101 1759 alacriter
1126 1670 1346 1771 conferret,
1375 1675 1431 1785 pii
1463 1676 1580 1757 animi
1602 1664 1691 1757 offi-

230 1796 335 1878 cium
361 1796 472 1874 Deus
493 1813 642 1905 gratum
675 1790 824 1875 habuit.
908 1792 1015 1876 Nam
1045 1790 1226 1901 proxima
1247 1793 1364 1872 nobie
1384 1789 1427 1872 B.
1446 1791 1571 1902 Virgo
1590 1780 1630 1872 se
1652 1784 1691 1872 ei

190 1901 543 2020 :conspiciendam
576 1904 688 1990 dedit
701 1928 715 2009 ,’
746 1910 787 1989 or
808 1902 1106 2018 acceptissimum
1130 1901 1200 1988 stbi
1224 1926 1271 1990 ac
1294 1896 1395 1987 Filio
1417 1897 1487 1987 suo
1512 1905 1631 2001 dixit,
1660 1899 1692 1988 fi

230 2021 409 2109 suumin
440 2022 636 2105 honorem
665 2023 923 2125 institueretur
952 2020 1067 2105 Ordo
1094 2011 1404 2132 Religiosorum‚
1429 2005 1573 2132 quibus
1599 2041 1694 2103 cura
1813 2048 1819 2061 ·

231 2135 478 2252 incumberet
506 2138 681 2250 captivos
714 2137 736 2222 ὲ
765 2134 971 2250 tyrannide
995 2138 1209 2220 Turcamm
1235 2129 1442 2223 liberandi.
1524 2127 1594 2217 Illa
1614 2124 1707 2246 ipsa*
1757 2190 1758 2195 κ
1869 2159 1874 2168 ’

216 2250 355 2340 ‘node
380 2255 423 2337 B.
447 2254 572 2365 Virgo
606 2251 869 2362 Raymundo,
906 2254 948 2335 δι
969 2247 1127 2356 Jacobo
1150 2251 1180 2336 1.
1205 2248 1432 2367 Arragoniae
1455 2249 1553 2367 Regi
1573 2271 1694 2364 appa·
1823 2332 1830 2341 .

227 2372 326 2473 mit,
347 2361 516 2483 idipsum
534 2367 590 2454 de
605 2363 805 2483 Religiosrs
827 2365 1061 2456 admonent.
1086 2368 1165 2453 &n
1520 2406 1525 2415 ·
1561 2430 1563 2435 -
1815 2382 1817 2389 ’

217 2586 224 2599 ’
388 2643 431 2740 5.
467 2602 735 2714 Revelatio
772 2626 864 2713 aut
897 2550 1035 2713 Visro
1070 2580 1353 2749 probabilis*
1390 2611 1491 2733 est,
1525 2611 1560 2715 sr
1596 2632 1694 2751 pro

223 2748 425 2861 --effedu
459 2750 709 2889 relinquat
743 2759 1104 2891 operationem
1138 2754 1524 2881 miraculosam,
1560 2790 1609 2864 v.
1645 2788 1695 2899 g.
1729 2866 1736 2874 ,

238 2903 561 3036 repentinam
596 2895 876 3002 sanitatem.
982 2920 1048 3006 Sic
1085 2920 1126 3004 in
1162 2918 1256 3009 Vita'
1287 2918 1477 3008 Bonifacii
1495 2916 1499 2925 ’
1514 2916 1694 3035 Episcopi

224 3040 381 3151 jad19.
403 3037 597 3123 Februarii
619 3035 777 3147 dicitur:
807 3035 981 3148 Quidam
1001 3030 1457 3151 Cardinalittaegrotabat
1472 3035 1617 3128 Parisris
1632 3063 1696 3123 us·

242 3180 327 3269 que
340 3151 407 3254 ¹ad
428 3169 611 3250 mortem,
639 3154 679 3235 δι
707 3153 889 3265 Magister
915 3151 968 3238 de
993 3146 1153 3237 Militon
1176 3151 1412 3267 ministrabat
1436 3157 1501 3245 ea'r
1544 3179 1642 3266 quo·
1655 3177 1697 3241 c·

222 3262 371 3385 ‘gresso
401 3263 603 3354 confestim
632 3267 674 3350 in
706 3265 856 3353 visione
893 3268 1069 3381 apparuit
1103 3262 1333 3354 venerabilis
1371 3266 1597 3355 Bonifatius
1625 3266 1697 3385 ipfi
1762 3366 1768 3375 ¹
1825 3337 1829 3344 .

225 3381 414 3481 infirmo,
435 3384 498 3467 cui
521 3385 593 3466 aitz
632 3385 805 3466 Domine
825 3381 925 3496 quid
946 3377 1093 3482 facitis,¹
1118 3386 1158 3468 dc
1215 3381 1397 3469 uomodo
1418 3382 1599 3471 habetis?
1627 3386 1699 3501 qui

241 3494 474 3614 ‘responditt
530 3491 648 3582 valde
675 3491 816 3601 debilis
849 3498 948 3582 sum.
1000 3492 1087 3599 ,nt
1127 3411 1339 3613 Epdcopus
1374 3497 1535 3616 fignavit
1570 3498 1699 3616 digito
1862 3590 1868 3595 ,

228 3612 416 3717 'frontem
436 3616 530 3721 ejus,
553 3616 594 3696 dc
618 3637 735 3698 manu
760 3608 826 3697 sua
852 3609 955 3698 tcrfit
977 3606 1121 3702 faciem
1152 3621 1193 3703 dc
1226 3621 1363 3733 pedus
1400 3615 1541 3733 ipsius,
1576 3620 1699 3735 atquc
1773 3638 1782 3648 “·

244 3733 301 3843 ita
317 3727 411 3842 data
428 3723 706 3842 bencdictione
732 3727 857 3839 statim
886 3722 1095 3843 conualuit.
1636 3804 1640 3811 .
1821 3726 1827 3735 ’

942 4134 1052 4249 Ea
1228 4151 1289 4303 .’
1377 4214 1380 4219 ·
1464 4130 1876 4273 6.Rcvc·
