3796 4994
664 272 838 406 Regula
863 300 920 370 ex
940 278 986 371 S.
1013 262 1221 405 ‘Theveste
1559 304 1618 391 13
1629 316 1652 407 3
1717 302 1748 347 ·.

212 469 297 557 refia
319 471 408 557 hoe
424 497 547 558 vocat
565 478 713 570 certius,
741 478 832 586 quia
853 475 1030 584 proxime
1045 471 1263 586 assignatum
1283 479 1425 588 patitur
1444 479 1657 569 instantiam

214 583 453 699 insomniis,
480 588 685 698 inquibus
711 612 888 699 putamus
916 614 989 669 nos
1015 587 1149 670 audire
1176 590 1278 673 dieta
1304 592 1355 674 ab
1383 590 1478 691 aliis,
1505 622 1581 680 nec
1607 593 1656 679 li·

214 701 347 783 berum
376 700 497 783 nobis
530 703 606 796 esi,
641 705 894 783 attentionem
923 703 1143 806 avertere.)
1203 703 1379 803 Cercius,
1398 709 1578 818 inquam,
1609 709 1658 793 si·

216 839 332 926 gnum
355 814 425 911 est,
451 818 638 896 visionem
657 836 723 895 aut
747 808 1023 895 allocutionem
1046 840 1126 894 non
1156 810 1275 912 esici
1307 817 1428 914 Deo,
1455 819 1481 901 si
1505 816 1656 903 nullum

216 922 413 1039 relinquat
433 921 625 1011 effectum.
681 928 726 1008 In
746 920 1006 1021 allocutione,
1028 950 1115 1037 quae
1141 927 1195 1007 est
1224 925 1248 1013 a
1276 930 1390 1026 Deo,
1415 931 1534 1013 verba
1561 958 1660 1015 con-
1754 998 1756 1003 .

214 1045 342 1148 juncia
367 1033 456 1123 sunt
483 1065 571 1123 cum
598 1064 744 1149 operes
803 1043 855 1133 &„
871 1040 1046 1150 quamvis
1083 1043 1324 1123 continerent
1351 1045 1473 1126 minas
1501 1048 1540 1126 δι
1569 1071 1660 1155 poe·

215 1179 295 1247 nis,
324 1147 539 1262 disponunt
564 1174 694 1236 tamen
724 1153 850 1233 inimi
883 1151 934 1233 ad
961 1177 1082 1233 omne
1109 1150 1296 1251 bonum,.
1327 1158 1496 1238 excitant
1524 1150 1659 1239 inilia

216 1289 390 1349 teneram
413 1265 681 1359 devotionem,
703 1257 930 1362 illuminant,
951 1257 1156 1358 refovent,
1183 1260 1439 1350 &collocant
1464 1273 1502 1350 iii
1518 1293 1659 1379 magna

218 1387 362 1491 quiete.
417 1380 460 1461 si
481 1400 627 1460 tentata
646 1375 761 1457 fuerit
784 1377 969 1472 ariditate,
990 1371 1251 1473 tribulatione,
1274 1379 1558 1489 inquietudine,
1576 1383 1658 1462 haec

217 1495 350 1575 omnia
377 1512 562 1600 tanquam
591 1485 750 1599 spongia
778 1484 885 1569 simul
905 1487 1183 1596 absterguntur.
1259 1489 1383 1595 Quod
1416 1490 1443 1573 si
1468 1488 1657 1576 allocutio

217 1613 345 1688 veniat
368 1600 397 1685 εἰ
420 1595 606 1697 diabolo,
634 1614 718 1685 non
747 1596 872 1683 solum
898 1595 1044 1682 nullum
1076 1596 1172 1683 telin
1204 1605 1261 1684 uir
1290 1597 1468 1687 effessum
1489 1603 1657 1701 bonum,

217 1710 279 1801 led
304 1708 601 1825 insuperccusat
634 1709 789 1809 maloin.
847 1717 938 1796 Hoc
959 1714 1050 1795 inibi
1081 1628 1332 1825 nonlaepius‚
1357 1714 1478 1826 quim
1502 1717 1563 1800 bis
1579 1741 1657 1799 ter-

219 1857 261 1915 ve
286 1831 490 1938 contigit,
513 1832 554 1909 δι
588 1827 710 1909 statim
737 1822 795 1907 fui
817 1825 1016 1908 admonita
1039 1821 1064 1908 l
1086 1827 1203 1920 Deo,
1227 1852 1272 1909 ea
1300 1825 1324 1910 ὲ
1345 1827 1534 1911 doemone
1553 1825 1655 1916 esses

171 1999 175 2008 ,
216 1968 352 2059 puter
380 1964 561 2051 magnam
578 1938 802 2035 ‚anditatem
843 1942 959 2020 etiam
997 1933 1182 2050 relinquit
1221 1965 1398 2051 magnam
1421 1941 1660 2052 inquietudi·
1755 1962 1758 1967 ’

223 2084 306 2141 nem
320 2060 365 2141 in
384 2058 532 2149 numia,
552 2048 709 2164 qualem
734 2048 830 2162 sirpe
851 2076 1008 2161 experta
1035 2046 1137 2147 sum,
1167 2055 1207 2135 δι
1233 2056 1443 2136 etiamnum
1464 2057 1658 2163 experior,

248 2169 387 2255 nando
406 2166 519 2253 Deus
546 2192 611 2249 me
643 2167 828 2276 permittit
850 2167 999 2248 tentari.
1059 2163 1140 2248 Dat
1198 2166 1332 2249 uidem
1359 2169 1473 2248 etiam
1492 2164 1658 2250 doemon

271 2279 473 2367 leedincm
495 2282 536 2361 bc
558 2280 705 2389 gusliim
727 2278 778 2361 ad
803 2276 966 2376 bonum,
995 2273 1062 2361 scd
1088 2192 1304 2390 illa-longe
1333 2275 1476 2362 diversa
1501 2273 1658 2361 suntab

229 2391 282 2481 ila
307 2388 535 2493 dulcedine,
553 2418 649 2503 ,quae
669 2392 782 2475 datur
801 2395 842 2473 in
868 2387 1075 2475 visionibus
1094 2395 1205 2475 veris.
1284 2395 1388 2474 Hinc
1421 2390 1585 2474 doemon
1613 2415 1660 2474 es

232 2505 409 2594 suavitate
428 2510 579 2589 interna
604 2498 729 2588 solum
756 2499 936 2614 decipere
951 2505 1105 2698 poterit
1129 2529 1219 2601 eos,
1241 2508 1311 2615 qui
1334 2502 1510 2586 nondum
1534 2505 1661 2614 gusta·

234 2644 312 2709 m
334 2616 560 2705 brevitatem
581 2615 607 2702 i
627 2619 721 2702 Deo
759 2616 924 2700 concedi
967 2613 1100 2699 olitain
1123 2622 1165 2700 iii
1193 2614 1401 2700 visionibus
1424 2618 1537 2712 veris,
1563 2641 1661 2699 con·

236 2736 416 2821 suentem
442 2734 483 2814 in
504 2730 673 2841 quadam
693 2724 973 2815 refocillatione
990 2732 1124 2813 animae
1151 2719 1323 2825 amoena}
1339 2726 1447 2824 forti,
1462 2725 1662 2838 profunde

237 2842 415 2962 inpressa,
439 2850 480 2928 δε
508 2837 727 2956 tranquilla.
791 2844 898 2927 Nem
930 2842 1067 2926 breves
1091 2841 1268 2955 quiedam
1294 2837 1519 2926 affeeiiones
1539 2841 1663 2924 devo-

239 2964 358 3063 tiom't,
374 2953 522 3073 'beslii
556 2957 716 3069 quidam
752 2948 851 3041 levis
885 2959 1074 3039 momenti
1111 2980 1240 3039 morus
1269 2955 1382 3052 boni,
1411 2959 1480 3066 qui
1504 2953 1557 3038 ad
1585 2956 1664 3063 pri-

239 3073 536 3187 niim'qi'vemvis
552 3071 774 3167 rmmtioiiis
796 3065 869 3161 seu.
890 3066 1164 3178 persecutionis
1180 3068 1368 3164 afflatum,
1394 3069 1506 3150 instar
1527 3065 1666 3148 floscu-

237 3186 386 3283 lorum,
410 3174 662 3280 evanescunt,
690 3183 865 3295 quamvis
891 3181 942 3263 ab
969 3184 1082 3264 initio
1113 3178 1184 3265 fint
1213 3180 1309 3263 boni
1337 3185 1378 3262 δι
1413 3176 1526 3262 sancii
1538 3232 1552 3274 ,
1582 3203 1667 3261 non

238 3324 360 3387 tuneo
385 3290 574 3381 sufficiunt
609 3294 678 3378 ad·
694 3290 965 3383 &scemenum
999 3289 1158 3379 effebus
1187 3293 1286 3377 boni
1312 3297 1352 3375 δι
1378 3285 1470 3376 mali
1505 3286 1667 3401 spiritus.

238 3420 336 3501 ilinc
354 3435 495 3523 mepta
516 3408 738 3512 constanter
759 3402 907 3491 cautela
933 3433 1032 3517 opus
1056 3409 1141 3490 esb
1179 3406 1284 3489 Nam
1307 3401 1503 3513 persone,
1533 3407 1601 3517 qui
1625 3408 1669 3488 in

238 3531 294 3615 ris
318 3517 659 3634 contemplationis
686 3544 769 3607 non
790 3515 946 3630 longius
972 3514 1244 3629 processerunt,
1274 3516 1395 3629 quim
1423 3517 1530 3614 huc,
1557 3513 1672 3601 facile

397 3663 416 3722 t
435 3636 581 3747 decipi,
599 3631 763 3746 qundo
784 3628 928 3715 hubent
954 3629 1118 3715 visiones
1139 3627 1202 3714 vel
1218 3625 1488 3714 revelationes.
1546 3631 1590 3711 In
1611 3634 1671 3713 vi·

233 3664 559 3843 meboliea
573 3753 691 3831 etiam
711 3772 793 3829 non
818 3760 991 3829 remanet
1009 3744 1231 3827 teneritudo
1252 3769 1298 3826 ae
1316 3737 1499 3830 mollities
1527 3741 1671 3826 cordis.

234 3866 384 3967 credo,
406 3861 528 3979 quod
547 3864 656 3945 uuis
678 3886 760 3945 noti
778 3862 945 3969 patiatur
963 3854 1176 3940 animam&
1204 3857 1394 3941 doemone
1416 3854 1558 3966 decipi,
1585 3881 1674 3966 quae

231 3980 372 4071 'asse
394 3966 721 4073 mrsobdiers,
750 3993 946 4084 uiperate
970 3967 1111 4088 fitpro
1134 3994 1181 4056 ea
1208 3973 1339 4069 niori,
1372 3971 1411 4052 &
1434 3962 1673 4160 sibimetdppli
