3796 4994
605 264 911 364 revelationes
945 270 989 364 S.
1014 266 1268 366 'Gertrudia
1491 247 1502 267 ⁴
1567 300 1661 392 ιη

216 474 330 564 iteris,
355 465 537 557 essedum
561 461 758 553 salutarem
793 470 1012 560 obtinebisi
1051 474 1450 584 &quotiescunque
1482 470 1669 585 deinceps

203 615 291 696 -pto
312 584 562 669 devincendis
592 582 808 668 defedibus
834 589 909 689 jam
925 586 1121 695 'exspiratis
1148 587 1224 668 sive
1250 614 1323 695 pro
1346 588 1571 676 obtinendis
1593 592 1666 670 vir·

214 700 364 782 tutibus
380 705 459 799 lam
482 696 506 782 i
526 723 590 780 me
617 699 689 781 tibi
708 699 891 808 inspiratis
920 693 1096 781 laborare
1119 699 1318 793 studueris,
1352 696 1547 807 duplicem
1569 696 1666 783 sem·

215 840 287 925 per
303 808 469 897 fructum
486 806 626 899 scilicet
647 838 742 895 metr
761 811 996 924 passionis&
1018 837 1092 896 tuae
1116 817 1283 896 victoria
1303 813 1530 942 reportabis.

233 988 235 993 v
331 1040 396 1122 ix.
451 1039 497 1122 I..
527 1065 568 1138 4.
592 1043 638 1121 C.
666 1066 736 1136 st.
788 1038 838 1118 In
862 1035 962 1121 fello
993 1040 1133 1122 Coenae
1158 1037 1334 1137 Domini,
1361 1034 1546 1122 dum'ad
1580 1040 1665 1122 Ma·

216 1155 357 1234 tutinas
379 1176 623 1236 cantarentur
640 1155 950 1235 Lamentationes
972 1157 1158 1254 Jeremiae,
1178 1152 1392 1235 Gcitrudes
1412 1179 1542 1234 coram
1566 1154 1660 1236 Deo

216 1269 331 1348 Patre
354 1267 453 1348 statis
477 1267 792 1376 conquerebatur
812 1261 881 1374 ipsi
905 1293 954 1347 cx
979 1290 1087 1375 parte
1114 1270 1232 1349 totiiis
1267 1264 1512 1349 universitatis
1534 1266 1596 1349 de
1616 1293 1660 1349 o·

216 1378 370 1462 mnibus
394 1384 563 1488 peccaris
581 1405 630 1460 eir
652 1381 821 1461 humana
835 1374 1038 1488 fragilitate
1056 1403 1192 1464 contra
1205 1383 1307 1462 luam
1326 1384 1660 1490 omnipotentiam

216 1490 441 1578 commiffisr
479 1493 529 1575 ad
547 1487 750 1575 secundam
768 1488 1086 1576 lamentationem
1113 1494 1253 1575 adstitit
1274 1488 1371 1576 Filio
1391 1497 1476 1577 DEl
1496 1490 1662 1577 similiter

217 1609 500 1718 querimoniam
520 1632 685 1688 movens
703 1606 755 1688 de
774 1609 958 1689 omnibus
976 1610 1141 1716 peccatis
1160 1629 1295 1689 contra
1310 1602 1588 1689 inscrutabilem
1605 1602 1660 1689 sa·

215 1723 399 1828 pientiam
424 1721 501 1801 Dei
521 1747 569 1801 ex
597 1721 762 1802 humana
784 1724 998 1828 ignorantia
1023 1717 1243 1813 commissise
1280 1719 1330 1803 acl
1351 1726 1501 1802 tertiam
1527 1744 1658 1802 autem

203 1831 538 1944 *conquerebatur
550 1835 715 1942 ,Spiritui
732 1835 885 1919 Sancto
900 1834 952 1916 de
973 1834 1159 1920 omnibus
1178 1837 1358 1941 peccaris,
1379 1859 1469 1945 quae
1486 1858 1658 1942 unquam

215 1971 352 2029 contra
377 1945 652 2057 benignitatem
673 1946 784 2054 ipsius
817 1941 1007 2029 malitiose
1028 1943 1221 2028 commissa
1251 1944 1349 2029 sunt.
1433 1949 1534 2027 ilinc
1564 1945 1658 2026 duni

219 2060 271 2140 ad
304 2058 459 2155 versus,
481 2057 619 2169 Just]
660 2055 811 2167 Christe.
853 2066 928 2141 &c
972 2053 1110 2142 Puella
1136 2083 1328 2143 cantarent
1355 2062 1470 2170 Kyrie
1503 2053 1657 2152 eleison,

218 2172 432 2256 Gerrtudes
458 2171 605 2256 accesfit
632 2174 682 2256 ad
710 2190 778 2255 cor
805 2176 954 2277 Josu,
986 2169 1165 2284 illudque
1192 2174 1338 2258 devote
1365 2169 1587 2255 exosculans
1611 2198 1659 2254 eii

215 2311 328 2398 parte
350 2293 468 2367 totius
487 2283 660 2369 Ecclesiae
687 2290 904 2395 impetravit
926 2284 1180 2368 remissionem
1205 2291 1377 2369 omniurn
1395 2311 1657 2397 peccatorum,

219 2426 307 2510 quae
329 2423 500 2509 unquam
526 2400 842 2508 cogitationibus,
862 2399 1055 2483 desideriis
1062 2461 1077 2501 ‚
1100 2405 1140 2481 dc
1155 2395 1425 2482 affediionibus
1456 2426 1501 2483 ac
1522 2395 1660 2514 uolun-

221 2511 362 2593 tatibus
382 2509 562 2624 perversis
587 2512 671 2594 sunt
695 2520 902 2596 contraiit.
987 2519 1060 2597 Pet
1088 2516 1239 2597 Christe
1260 2508 1401 2597 cleison
1430 2511 1526 2596 verd
1561 2512 1661 2594 deo·

219 2621 362 2708 sculans
385 2651 431 2706 os
451 2628 611 2707 Domini
637 2627 886 2709 benedictum
912 2631 1022 2736 petiit
1045 2624 1298 2709 remiffioncm
1323 2628 1498 2709 omnium
1524 2649 1660 2736 pecca·

176 2745 179 2750 ’
219 2759 375 2834 torum,
398 2765 484 2849 quae
507 2766 678 2851 unquam
706 2767 776 2822 ore
805 2737 889 2821 sunt
917 2735 1123 2822 commissa.
1211 2744 1352 2824 lterum
1385 2764 1454 2848 pet
1478 2743 1595 2851 Kyrie
1617 2762 1661 2822 e·

221 2844 341 2933 leison
378 2855 614 2935 venerandas
649 2879 783 2935 manus
819 2853 983 2935 Domini
1007 2847 1235 2936 deosculans
1265 2854 1434 2935 obtinuit
1459 2845 1662 2963 indulgen·

220 2969 311 3049 tiam
353 2973 528 3047 omnium
569 2993 819 3077 peccatorum
859 2965 883 3050 i
919 2993 1123 3079 quoquam
1162 2972 1203 3049 in
1247 2961 1411 3050 Ecclesia
1439 2993 1508 3077 per
1540 2986 1662 3073 opera

221 3073 521 3162 commissorum.
603 3081 762 3162 Deinde
782 3108 852 3189 per
869 3075 934 3161 illa
960 3085 1136 3190 quinque
1159 3084 1276 3192 Kytie
1302 3074 1459 3175 eleison,
1482 3104 1569 3190 quae
1586 3101 1676 3186 po·-

220 3187 335 3304 pulus
355 3191 516 3274 canebat
538 3193 589 3274 ad
606 3195 813 3305 hymnum,
843 3193 927 3275 Rex
959 3187 1122 3302 Glitisse,
1153 3221 1222 3305 per
1244 3188 1412 3303 singulos
1441 3190 1564 3274 versus
1584 3182 1663 3299 ipsa

220 3300 1663 3418 quinquevulnetaDominiroseadeosculabatiirproindulgentiaoiir'oium

178 3426 188 3438 ‘
220 3444 468 3529 peccatorum
489 3419 513 3502 ὲ
534 3423 712 3530 quinque
735 3417 900 3502 sensibus
924 3422 1125 3503 hominum
1149 3416 1449 3505 commissorum.
1536 3415 1664 3531 Qiocl

222 3533 317 3614 dum
335 3527 493 3624 faceret,
515 3537 688 3640 protinus
712 3533 763 3614 de
785 3531 872 3643 ipsis
892 3534 1070 3645 quinque
1090 3527 1310 3618 vulneribus
1332 3529 1492 3644 copioso
1513 3536 1662 3641 inipetu

222 3671 402 3729 emanare
427 3670 631 3754 coeperunt
648 3651 827 3757 quinque
842 3643 953 3729 rivuli
984 3642 1145 3730 salutatis
1170 3653 1321 3760 gretip,
1348 3652 1418 3759 qui
1442 3673 1513 3756 pet
1533 3667 1660 3728 totam

220 3755 425 3843 Ecclesiam
451 3759 664 3841 defluentes
690 3758 807 3868 ipsam
826 3760 876 3841 ab
897 3763 1009 3844 omni
1033 3757 1180 3843 macula
1204 3786 1452 3868 peccatorum
1476 3755 1662 3843 emunda·

221 3869 341 3957 bauti
382 3869 513 3982 sicque
550 3867 754 3980 persensit,
778 3868 816 3956 se
844 3868 1003 3984 plenum
1031 3871 1235 3958 obtinuisse
1259 3870 1438 3958 essedum
1473 3876 1664 3961 omnium.

224 4010 313 4095 quar
341 4008 419 4067 tam
447 4011 516 4097 per
540 3980 834 4090 lamentationes
868 3984 992 4102 quim
1018 3993 1134 4074 etiam
1155 4015 1225 4103 pet
1249 3995 1366 4100 Kyrre
1395 3980 1539 4069 eleison
1566 4005 1663 4064 exo·

989 4110 1113 4212 Q2·
1540 4111 1662 4178 taren
