3796 4994
50 400 60 413 κ
217 356 328 444 ιι8ε
595 323 770 473 Regula¹
794 370 852 438 ex
875 338 999 439 card.
1020 338 1073 437 de
1095 345 1296 438 Laurea:-

68 590 88 607 κ
178 562 180 567 “
213 537 393 654 scripturn
424 539 477 623 est
503 544 541 624 in
572 541 752 658 angelum
779 543 900 636 locist
948 545 998 630 ad
1024 551 1128 646 hoc,
1152 572 1196 631 ut
1221 574 1308 630 cum
1332 538 1387 629 illi
1409 546 1446 626 in
1467 542 1675 628 manifesto

218 658 407 740 creditum
435 652 565 753 fuerit,
588 666 728 744 educat
751 661 800 743 ad
820 659 898 746 sua.
958 666 1075 745 Hunc
1104 656 1264 746 discerni
1287 687 1369 744 non
1392 659 1580 757 arbitror,
1607 659 1676 744 uili

212 769 331 887 dono
356 765 442 870 illo,
463 772 514 854 de
535 799 620 883 quo
641 769 876 887 Apostolus:
906 772 972 862 alii
993 772 1401 897 discretiojpiriiuum.
1535 840 1537 844 »

328 931 497 1063 Regula
549 965 626 1058 ²4·
665 928 914 1068 Adeoque
951 961 1047 1034 nec
1075 927 1404 1069 tranquillitas
1435 930 1465 1034 ὲ
1495 932 1677 1036 revela·

176 1084 178 1089 ’
222 1077 365 1173 tione
403 1066 565 1172 relicta
601 1080 654 1175 in
688 1082 867 1178 animo
907 1073 976 1177 est
1019 1082 1221 1179 certum
1264 1073 1486 1211 fignum,
1533 1073 1678 1211 quod

219 1213 280 1319 srt
305 1212 487 1316 divina.
559 1239 669 1318 Patet
694 1264 741 1318 ex
768 1234 1012 1348 praecedcnti.
1490 1247 1493 1255 ’

331 1381 507 1531 Regula·
532 1432 555 1496 2
568 1430 609 1525 5.
648 1393 781 1495 Visro
804 1389 883 1497 vel
904 1394 1163 1510 revelatio,
1186 1424 1300 1531 quae
1318 1399 1371 1495 in
1394 1400 1571 1496 animo
1592 1427 1679 1500 ex·

9 1587 17 1597 -·
81 1477 106 1614 l·
226 1545 349 1642 citat
381 1563 563 1641 motus
593 1536 854 1672 superbiae,
891 1566 1000 1637 non
1031 1537 1097 1637 est
1131 1536 1160 1638 {a
1198 1535 1328 1640 Deo.
1418 1555 1477 1637 lb.
1509 1583 1548 1641 n.
1579 1585 1674 1660 379·

226 1675 422 1766 Probatur
443 1706 491 1763 ex
510 1678 695 1794 Gregorio
716 1679 761 1762 l..
786 1705 849 1780 34.
873 1677 923 1762 C.
943 1671 1012 1759 uit.
1036 1676 1101 1759 ubi
1119 1681 1189 1760 ait:
1233 1676 1399 1759 Evidens
1428 1667 1578 1782 fignum
1598 1703 1679 1759 ma·

225 1787 513 1906 li·lpiritus,est,
536 1789 699 1904 quando
724 1795 855 1877 incitat
873 1791 926 1875 ad
951 1786 1180 1902 superbiam.
1238 1792 1415 1874 Christus
1435 1782 1678 1898 semetipsum

227 1911 437 2009 exinanivit
460 1902 748 1995 formamlervi
771 1908 971 2017 accipienn
1031 1903 1227 1991 Diabolus
1249 1906 1365 1992 dixit,
1395 1898 1591 2017 ascendam
1616 1904 1680 2016 fit·

217 2020 291 2134 pir
316 2017 551 2108 altitudinem
574 2016 742 2118 nubium,
752 2016 882 2130 fimilis
904 2047 970 2105 ero
988 2016 1166 2129 aliiffimo.
1223 2021 1395 2107 Christus
1419 2014 1470 2102 ad
1487 2015 1609 2125 sputa,
1631 2020 1681 2104 ad

226 2131 388 2249 palmaS,
402 2136 451 2219 ad
472 2131 675 2249 colaphos,
690 2137 740 2218 ad
762 2131 930 2245 spineam
953 2159 1154 2231 coronam,
1170 2135 1221 2220 ad
1245 2162 1412 2231 crucem,
1432 2130 1481 2216 ad
1503 2125 1681 2220 lanceam

228 2273 268 2334 at
300 2277 350 2334 ue
373 2251 423 2333 ad
455 2276 623 2334 mortem
647 2254 805 2332 veniens
837 2248 1011 2332 membra
1033 2247 1095 2333 sua
1112 2251 1304 2334 admonet
1328 2250 1479 2332 dicens:
1528 2245 1569 2335 Si
1597 2253 1681 2360 quis

229 2278 320 2451 mlle
346 2361 553 2475 ministrat,
581 2391 636 2450 me
653 2361 851 2478 liquatur.
907 2360 1101 2451 Diabolus
1131 2367 1227 2450 vero
1264 2359 1360 2448 nihil
1394 2357 1499 2447 aliud
1528 2381 1681 2449 mentes

158 2582 160 2587 ¹
226 2478 298 2565 fibi
317 2478 485 2562 subditas
508 2479 653 2576 docet,
683 2477 804 2591 quim
848 2472 1078 2564 celsitudinis
1108 2476 1262 2564 culmen
1298 2502 1512 2589 appetere,
1542 2488 1682 2564 cuneta

149 2618 155 2625 ·
229 2588 392 2706 aequalia
413 2599 550 2678 mentis
566 2619 721 2678 tumore
742 2588 1021 2692 transceudere,
1035 2592 1256 2680 societatem
1280 2596 1458 2677 omnium
1475 2590 1683 2680 hominum

229 2702 307 2794 alta
331 2703 500 2815 clatione
519 2705 673 2792 transire
689 2711 762 2792 &c

334 2867 504 2997 Regula
545 2867 622 2964 26.
658 2860 1030 3000 Apparitiones‚
1056 2886 1169 2998 quae
1195 2856 1446 2979 inducunt
1476 2856 1683 2975 delceta-

229 3012 431 3109 tioncm
477 3000 751 3108 sensibilem
808 3012 1084 3122 incarne,
1136 3034 1249 3108 non
1306 3002 1420 3108 sunt
1473 3002 1502 3107 ὲ
1547 3000 1684 3109 Deo.=

227 3143 288 3232 lb.
307 3173 345 3228 n.
367 3162 461 3250 380.
472 3142 511 3231 S.
525 3143 805 3232 Bonaoenlura
819 3149 858 3230 in
878 3139 1021 3258 opusc.
1041 3144 1093 3227 de
1108 3142 1286 3257 profedu
1305 3138 1484 3257 Religios.
1502 3175 1541 3243 7·
1552 3144 1603 3229 C.
1619 3163 1685 3237 18.

228 3258 281 3346 stc
300 3263 370 3345 ait:
399 3259 572 3375 Quidam
595 3259 750 3372 decepti
771 3257 795 3345 i
821 3256 1046 3348 seductoriis
1065 3253 1277 3371 spiritibus,
1306 3255 1368 3343 vel
1389 3263 1553 3370 propriis
1583 3253 1686 3344 falsis

229 3374 481 3506 oninionibus
501 3396 639 3486 putant
659 3373 730 3457 sibi
752 3401 938 3486 apparere
961 3370 1256 3471 Christum,·vel
1284 3378 1362 3479 ejus
1388 3369 1596 3486 gloriosam
1616 3401 1685 3486 ge·

229 3490 417 3586 nitricem,
447 3493 486 3570 &
515 3516 597 3573 non
615 3483 741 3572 sollum
763 3484 1018 3599 amplexibus,
1046 3492 1084 3572 dt
1109 3485 1261 3585 osculis,
1287 3484 1352 3572 led
1378 3494 1491 3594 etiam
1515 3483 1599 3572 aliis
1624 3494 1685 3571 in·

230 3603 520 3687 decentioribus
543 3602 711 3717 gestibus
731 3609 771 3686 &
790 3604 938 3688 adibus
959 3602 1008 3686 ab
1036 3605 1091 3686 cir
1116 3598 1354 3692 demulceri;
1397 3627 1439 3686 ut
1458 3600 1555 3686 srcut
1580 3606 1685 3716 prius

226 3712 395 3829 ipsorum
423 3722 581 3802 interius
610 3711 823 3803 delectatur
848 3711 1169 3830 spiritualemne
1199 3723 1239 3800 δι
1269 3743 1358 3801 caro
1389 3721 1554 3802 exterius
1584 3744 1684 3800 con·

305 3859 333 3915 o
362 3826 635 3916 oblectationis
657 3826 762 3916 sensu
793 3826 1024 3935 consoletur,
1043 3831 1159 3945 quod
1187 3859 1270 3916 non
1301 3826 1425 3915 solum
1451 3835 1503 3914 est
1533 3826 1685 3929 falsum,

227 3858 302 4032 ded
317 3949 431 4029 etiarn
450 3941 540 4030 blas
560 3947 687 4030 hemia
716 3952 839 4061 gravis
863 3943 938 4030 elle
957 3946 1249 4057 comprobatur.
1305 3953 1368 4030 Dc
1395 3944 1592 4042 hisvero,
1647 3950 1699 4035 υἱ

214 4051 445 4174 'aliquando
473 3975 721 4145 dulcedinem
750 4056 980 4172 spiritualem
1008 4055 1186 4159 sentiunt,
1215 4068 1403 4145 continuo
1434 4066 1549 4145 etiam
1574 3973 1684 4143 delo

233 4177 411 4290 &adorus
438 4170 601 4288 carnalis
618 4181 766 4292 pruritu
787 4170 906 4265 illedi
945 4172 1170 4284 foedantur,
1209 4169 1338 4287 nescio
1372 4175 1471 4289 quid
1501 4174 1686 4375 ludioe'ffis

1617 4315 1644 4373 n
