3796 4994
214 319 308 421 178
655 290 827 434 Regula
846 333 903 398 ex
922 307 968 400 S.
993 293 1201 438 meriste.
1239 284 1241 289 ¹

211 525 309 590 tates
332 506 371 586 in
399 505 651 599 executione,
684 528 729 586 ut
748 530 794 588 ea
823 502 997 590 videatur
1029 498 1277 617 impoifibiiis.
1343 503 1521 615 Quando
1545 511 1641 591 uero

216 618 407 718 eiusmodi
427 621 601 703 vaticinia
616 623 851 729 proveniunt
868 617 1111 730 iphantasaa,
1134 615 1281 702 nullum
1308 625 1494 730 reperitur
1511 646 1560 702 ex
1587 621 1643 703 his

214 731 380 829 indiciis,
400 755 475 812 nec
499 730 705 827 certitudo,
727 757 801 815 nec
824 757 925 842 pax,
954 757 1026 815 nec
1054 734 1203 816 interna
1235 726 1425 822 dulced03
1454 731 1523 816 nifi
1543 730 1646 816 fone

217 845 260 927 id
284 847 484 955 contingat
502 838 696 956 aliquibus
719 840 890 954 personis
920 838 1056 927 debilis
1081 844 1284 955 phantasrae
1307 851 1345 927 ἃ
1369 869 1509 929 naturae
1529 843 1644 929 obtu-

219 954 264 1042 sae
283 961 358 1038 &o
387 983 475 1041 nam
504 960 542 1038 u
575 950 671 1043 talea
703 957 890 1068 quasdam
923 954 1101 1067 personas
1122 962 1237 1055 novi,
1266 959 1406 1070 quibus
1428 959 1469 1041 id
1491 962 1531 1041 in
1553 984 1646 1040 con·

217 1065 473 1181 templatione
498 1075 537 1151 δι
568 1072 758 1173 ejusmodi
782 1068 804 1152 s
823 1066 978 1153 irituaiis
1001 1065 1124 1153 somni
1154 1076 1327 1183 contigit.
1383 1066 1497 1156 Talea
1518 1065 1649 1182 perso-

219 1210 278 1301 nae
301 1189 341 1265 in
364 1181 559 1292 profunda
589 1177 654 1264 illa
688 1100 966 1267 recoifedtiene
1004 1209 1137 1269 revera
1165 1184 1270 1268 adeo
1292 1171 1376 1269 sunt
1397 1208 1502 1267 extra
1527 1182 1578 1280 se,
1607 1205 1649 1267 ut

221 1302 295 1381 t'iec
316 1290 445 1404 seipsas
463 1299 626 1379 exterius
643 1293 825 1382 sentiantr
853 1302 892 1378 u
914 1323 1051 1380 omnes
1075 1322 1210 1380 eorum
1230 1293 1354 1381 sensus
1368 1298 1473 1380 adeo
1488 1292 1575 1381 sunt
1592 1291 1655 1381 so·

221 1414 362 1527 potati,
388 1434 430 1490 ut
450 1404 587 1493 similes
612 1407 682 1492 srnt
701 1405 783 1492 aito
801 1404 939 1492 somno
964 1408 1167 1520 oppreisrs3
1206 1413 1328 1494 immo
1345 1406 1448 1493 forte
1473 1408 1525 1494 fic
1545 1433 1651 1492 reue·

126 1548 131 1559 ·
222 1532 263 1608 ra
285 1528 493 1633 contingit,
515 1523 627 1634 quod
653 1522 868 1619 dormiant,
893 1525 1066 1634 &quod
1094 1522 1144 1607 fic
1178 1528 1291 1607 instar
1310 1522 1533 1607 somniantis
1556 1527 1651 1618 eius·

222 1634 334 1719 modi
356 1636 506 1738 objecta
526 1635 696 1732 videant,
724 1637 896 1719 &verba
915 1636 1086 1730 audiant,
1107 1659 1289 1748 tanquam
1308 1632 1481 1746 profedia
1506 1634 1650 1721 aueo.

223 1749 369 1832 verbm
394 1753 432 1830 δι
453 1774 547 1831 tunc
568 1744 726 1832 effecius
743 1775 791 1833 ex
818 1743 884 1831 tali
906 1747 1053 1834 vifione
1070 1743 1191 1832 relicti
1208 1744 1246 1832 se
1266 1751 1411 1832 habent
1426 1742 1651 1837 instariom·

224 1867 278 1947 nii
300 1867 542 1947 transeuntis.
594 1857 860 1947 'Poiieuetiam
889 1867 1134 1974 contingere,
1157 1860 1283 1974 quod,
1313 1862 1406 1946 dum
1425 1859 1450 1946 i
1471 1863 1566 1945 Deo
1586 1854 1653 1943 aii·

259 1976 324 2059 uid
350 1972 462 2081 valde
492 1977 728 2058 instanter&
747 1973 895 2060 fervidi
915 1998 1075 2087 petunt,
1094 1972 1181 2085 ipiis
1215 1974 1402 2071 videatur,
1430 1975 1567 2057 divino
1594 1998 1657 2056 re·

226 2005 365 2197 pponso
390 2089 576 2184 concedi,
607 2086 723 2198 quod
738 2130 741 2135 ·
757 2091 938 2198 flagitant
1006 2091 1054 2172 Et
1074 2088 1154 2172 boc
1185 2088 1428 2201 quandoque
1455 2089 1655 2198 contingit.

225 2208 329 2286 Hinc
352 2205 447 2282 novi
475 2197 703 2310 personam,
730 2226 820 2313 quae
853 2226 941 2283 cum
966 2200 1129 2285 haberet
1155 2197 1380 2337 frequentes
1398 2198 1578 2296 vibones,
1607 2195 1656 2282 ab

59 2327 61 2330 ’
228 2318 340 2399 initio
367 2309 482 2397 valde
511 2311 734 2410 dubitabat,
749 2334 812 2396 ‘an
844 2339 929 2399 non
960 2317 1211 2424 provenirent
1234 2340 1259 2398 a
1283 2309 1347 2398 sua
1369 2314 1657 2444 imagimtioqe.

180 2441 191 2455 “
229 2426 356 2542 Qtod
375 2430 476 2510 enim
508 2429 643 2509 attinet
665 2425 914 2528 doemonem,
936 2424 1034 2510 fiab
1051 2422 1133 2539 ipso
1149 2430 1390 2539 proveniant,
1417 2426 1498 2510 hoc
1512 2419 1658 2535 fanins

228 2541 469 2655 deprehendi
516 2541 625 2623 otest.
684 2538 815 2623 Habet
837 2539 998 2651 quidem
1018 2545 1057 2621 dt
1076 2534 1144 2623 ille
1163 2535 1268 2622 mille
1290 2539 1460 2623 nocendi
1474 2562 1591 2635 artes,
1610 2534 1659 2621 iic

221 2679 273 2741 ut
288 2646 468 2763 angelum
487 2566 586 2736 fucis
611 2652 759 2764 optime
781 2659 884 2736 norit
903 2656 1059 2741 imitati3
1087 2647 1210 2736 solium
1225 2673 1369 2752 tamen,
1384 2677 1477 2735 meo
1498 2650 1657 2758 judicio,

225 2769 271 2857 id
293 2766 449 2880 poterit,
468 2764 755 2877 pronuntiando
773 2761 873 2848 clare
893 2790 940 2849 ac
967 2765 1137 2850 distincie
1157 2766 1298 2862 verba,
1321 2792 1409 2876 quae
1428 2766 1582 2877 ingerit,
1604 2765 1660 2845 ita

220 2900 273 2969 :ut
301 2878 461 2967 udins
478 2900 558 2962 tam
582 2903 717 2989 parum
748 2876 862 2989 pouit
886 2877 1065 2977 dubitare
1093 2906 1140 2963 an
1171 2873 1236 2962 illa
1260 2876 1436 2977 audierit,
1455 2902 1503 2963 ac
1525 2869 1555 2961 ii
1574 2868 1659 2961 fuis·

36 2998 46 3017 ‘
114 3011 122 3027 ⁴
229 2990 311 3079 sent
331 2994 576 3105 pronuntiata
587 2989 648 3075 ab
660 2983 807 3101 angeio
823 2984 951 3079 bonos
980 2987 1160 3075 effedium
1182 3015 1325 3088 tamen,
1343 3015 1435 3102 puta
1457 3014 1597 3101 pacem
1621 2991 1660 3069 dt

228 3103 524 3203 illustrationem,
544 3106 661 3189 animi
690 3126 773 3186 non
793 3107 939 3214 poterit
968 3101 1168 3202 conferre,
1195 3099 1261 3187 sed
1288 3102 1598 3215 inquietudinem
1621 3103 1660 3183 da

229 3220 571 3336 perturbationem.
623 3217 668 3301 Si
687 3212 806 3299 verba
829 3240 916 3351 que
938 3217 1157 3314 audiuntur,
1176 3212 1317 3300 fuerint
1333 3211 1478 3300 blanda
1493 3241 1544 3299 ae
1570 3239 1658 3301 cuu-

230 3331 423 3434 ioiatoria,
448 3336 488 3413 u
516 3354 599 3413 non
622 3324 732 3413 iimul
749 3328 958 3419 ienuantut
983 3357 1034 3413 eo
1055 3335 1219 3437 majores
1240 3325 1463 3414 affectiones
1488 3322 1658 3413 humii'n·

232 3438 348 3531 tionis
368 3452 408 3530 dt
433 3440 682 3538 eonfuiionis,
701 3443 878 3525 credatur
914 3467 988 3552 pto
1010 3468 1144 3540 certo,
1168 3469 1252 3527 non
1268 3437 1345 3526 eise
1367 3442 1554 3553 spiritum
1574 3438 1660 3535 nei

234 3564 304 3757 qui
322 3554 509 3672 inquinat.
558 3557 735 3638 Certum.
749 3559 852 3640 euim
875 3556 954 3659 est,
980 3553 1009 3641 ii
1032 3551 1209 3667 loquitur
1228 3580 1293 3639 aut
1322 3577 1484 3666 apparet
1506 3556 1661 3667 Spir'n

229 3748 232 3752 ,
276 3676 328 3769 ei,
349 3698 435 3784 quo
455 3677 577 3775 major
602 3670 657 3752 eii
671 3671 807 3779 gratia,
827 3693 879 3752 eo
896 3663 1007 3753 vilius
1032 3673 1069 3751 δι
1093 3642 1276 3752 humilius
1301 3664 1340 3751 se
1356 3668 1515 3752 aefflmat
1528 3670 1661 3753 enin·

234 3785 388 3869 ibidem
408 3784 463 3869 C.
480 3785 612 3912 uait}
635 3776 861 3876 censeor
893 3781 1086 3913 ejusmodi
1115 3785 1265 3912 Edaies
1292 3775 1422 3977 παι
1457 3802 1663 3877 recuruum

171 3922 173 3927 ·
237 3903 277 3981 δι
299 3922 499 4010 nunquam
520 3922 563 3977 m
576 3920 625 3977 us
643 3889 861 3980 revelantur
881 3889 1011 4007 aitqua
1027 3895 1215 4006 mysteria,
1243 3918 1297 4006 qu
1376 3918 1462 3979 uon
1476 3892 1553 3979 smt
1573 3915 1665 3980 uere

232 4012 397 4108 uuae,
421 4005 490 4094 sed
520 4001 713 4093 naturales
736 4005 985 4092 infirmitates.
1050 4010 1159 4094 Nam
1184 4010 1227 4092 in
1248 4003 1417 4119 personis
1441 4002 1585 4095 debilis
1607 4030 1667 4093 na·

1584 4144 1673 4207 tm
