3796 4994
522 239 627 367 Reg.
647 222 798 330 Praei.
823 261 880 328 ex
907 236 954 328 S.
966 235 1109 368 joan.
1125 233 1178 329 de
1195 236 1350 334 Crutess'
1539 266 1587 339 a
1599 179 1655 361 3t

214 431 345 521 suaves
372 429 620 532 sensationnt,
646 433 760 518 facile
787 433 1043 545 decipiuntur,
1071 435 1139 521 nist
1165 437 1217 519 ab
1241 440 1287 521 iis
1313 433 1352 522 se
1377 433 1542 522 liberare
1565 435 1662 524 sata·

214 575 315 662 gant.
403 548 446 632 ln
477 550 535 631 his
566 555 667 633 enim
694 545 994 660 frequentiilime
1034 550 1178 661 decipit
1218 549 1405 652 doemon,
1443 574 1509 633 aut
1537 554 1660 661 phan-

215 661 312 749 tasta.
392 661 578 763 'Doemon
607 662 769 772 quidem
807 658 986 772 plurimas
1024 658 1132 746 falsas
1171 663 1363 768 ejusmodi
1402 663 1565 748 vifiones
1598 691 1659 748 re·

217 778 431 885 praeientat,
461 799 504 857 ut
533 780 719 884 animam,
758 777 851 856 dum
879 771 952 858 illis
982 776 1128 873 credit,
1164 801 1320 859 moveat
1349 776 1402 858 ad
1429 775 1659 888 superbiam,

221 883 636 996 &presumptionem
721 888 819 970 lnde
856 883 950 970 tales
991 893 1123 971 animae
1165 890 1262 971 fiunt
1302 889 1467 974 audaces
1495 915 1541 972 ac
1567 917 1662 1000 ptae·

222 993 524 1109 sumptuosaetad
551 1003 732 1096 DEUM,
762 1004 1024 1112 amittuntque
1049 1005 1230 1085 timorem
1267 998 1459 1098 landum,
1506 1006 1577 1114 qui
1604 1004 1662 1088 est

228 1106 333 1197 clavis
363 1118 564 1199 virtutum.
617 1120 689 1196 ‘in
730 1110 929 1199 nonnullis
960 1140 1091 1199 earum
1137 1109 1353 1199 accrescunt
1393 1122 1433 1199 δι
1470 1119 1661 1221 invetera-

229 1225 322 1310 ltunt
349 1251 414 1311 tot
438 1220 620 1312 falfitttes
644 1232 683 1310 dt
713 1225 995 1336 deceptiones,
1023 1252 1067 1313 ut
1093 1223 1230 1313 eorum
1265 1227 1432 1314 reversto
1471 1229 1523 1313 ad
1559 1233 1663 1314 viam
1704 1316 1708 1322 ,

234 1367 352 1449 puram
376 1337 574 1463 reddatur
591 1336 707 1428 valde
735 1340 870 1429 dubia.
1524 1340 1527 1347 ’

180 1548 183 1595 ¹
331 1557 501 1686 Regula
539 1579 619 1663 28·
665 1552 862 1660 Eodem
889 1578 1142 1693 tempore,
1169 1586 1275 1693 quo
1307 1523 1663 1663 immittuntur
1739 1627 1743 1631 -
1835 1675 1840 1683 ‚

247 1692 432 1797 visiones
476 1690 692 1796 abono
734 1694 947 1833 angelo,
994 1705 1151 1803 etiam
1199 1695 1383 1833 decipit
1421 1726 1662 1801 nonnun-
1803 1782 1806 1787 .

252 1861 381 1965 quam
418 1833 511 1935 suis
555 1831 861 1983 illusionibus
900 1833 1131 1943 doemon.

329 2074 496 2203 Regula
552 2104 629 2201 29.
702 2068 860 2205 quue
917 2105 1097 2177 vetum
1157 2076 1227 2179 est
1282 2107 1392 2180 non
1454 2072 1664 2181 tantiam
1751 2073 1756 2085 ’
1822 2108 1826 2127 ·

256 2212 351 2315 titca
385 2210 599 2315 visiones
635 2219 980 2349 imaginarias,
1027 2214 1106 2320 sed
1157 2227 1314 2320 etiam
1365 2215 1666 2322 intellectua-

180 2339 194 2475 ἶ
255 2341 300 2453 les
328 2381 385 2457 ac
419 2348 546 2487 pur&
582 2348 867 2488 spirituales.
954 2381 1050 2477 'Has
1079 2374 1247 2487 Regulas
1288 2377 1403 2459 tradit
1438 2372 1666 2478 Joannesd

180 2488 198 2529 '·
256 2484 419 2573 &Cruct
446 2492 488 2574 1.
520 2519 556 2572 a.
609 2494 752 2576 Noctis
779 2489 963 2587 obscura,
995 2494 1046 2574 C.
1077 2519 1142 2590 23.
1181 2490 1249 2572 ubi.
1283 2490 1332 2572 fic
1359 2490 1499 2570 habete
1554 2483 1667 2572 Solet

256 2599 417 2686 interdum
457 2605 622 2688 doemon
658 2603 889 2699 conturbate
923 2605 1095 2688 animam
1109 2657 1136 2707 ,Ι
1159 2602 1321 2712 quando
1367 2604 1500 2685 DEUS
1531 2605 1666 2686 animae

256 2712 377 2798 confert
411 2719 562 2827 gratias.
645 2711 780 2802 DEUS
819 2718 904 2803 hoc
933 2721 985 2799 ita
1019 2720 1206 2827 permittit
1244 2724 1349 2822 juxta
1385 2715 1564 2798 ordinem
1592 2710 1664 2798 suae

257 2826 390 2925 juilitiae,
417 2853 469 2910 ne
495 2822 678 2937 videlicet
715 2828 886 2914 doemon.
908 2826 1023 2940 polsrt
1046 2832 1246 2939 conqueri,
1271 2826 1340 2911 fibi
1368 2856 1453 2911 non
1482 2828 1565 2910 dari
1607 2825 1665 2911 fa·

257 2933 409 3024 cultatem
454 2946 597 3025 animas
640 2943 861 3053 decipiendi
899 2969 1049 3053 easque
1084 2943 1312 3053 inperandi,
1355 2941 1449 3025 ficut
1490 2966 1667 3051 conque·

183 3056 187 3061 '
255 3049 307 3131 lut
329 3055 381 3135 est
409 3079 544 3138 contra
577 3054 674 3164 Job.
730 3131 735 3138 .
782 3061 883 3139 Hinc
911 3059 1129 3151 convenit,
1166 3080 1209 3137 ut
1234 3053 1257 3138 d
1286 3058 1397 3138 DEO
1428 3057 1667 3164 permittatur

253 3167 402 3272 quadam
445 3162 640 3278 aequalitas
663 3169 772 3251 ‘inter
808 3167 958 3251 bonum
992 3162 1182 3278 angelum
1223 3174 1261 3249 dt
1307 3163 1448 3250 malum
1487 3193 1541 3271 eo
1573 3164 1667 3263 fine,
1705 3230 1708 3235 .

252 3283 456 3364 uvidoria
483 3285 607 3392 magis
630 3283 854 3378 aestimetur,
883 3287 922 3371 dt
951 3282 1076 3365 anima
1106 3285 1225 3391 magis
1267 3284 1509 3390 praemietur.
1590 3279 1669 3362 Ubi

247 3388 519 3489 advertendum,
548 3392 665 3505 quod
690 3399 821 3479 ntus
849 3398 1042 3504 interdum
1072 3395 1251 3477 daemoni
1280 3395 1480 3504 permittat
1502 3395 1668 3475 animam

244 3524 374 3588 tentam
414 3512 453 3590 in
514 3508 658 3590 eodem
707 3535 850 3620 genere
904 3506 1150 3600 donorum,
1205 3512 1248 3588 in.
1293 3533 1375 3617 quo
1424 3504 1599 3616 dirigitur
1644 3502 1669 3588 d
1823 3568 1829 3578 .

208 3613 350 3702 uuo,
409 3646 446 3702 ν.
481 3648 519 3731 g.
580 3624 757 3728 Quando
782 3621 902 3702 habet
941 3623 1198 3729 apparitiones
1234 3617 1356 3729 operi·
1395 3618 1523 3728 angeli
1556 3616 1669 3711 boni,

235 3737 408 3840 permittit
436 3734 639 3831 doemoni,
669 3759 710 3817 ut
739 3732 975 3843 reptaescntct
1004 3725 1140 3814 fimil'es
1166 3737 1424 3842 apparitiones
1451 3726 1579 3822 falsas,
1617 3753 1670 3810 tta

236 3868 273 3927 ut
303 3848 428 3930 anima
470 3853 626 3928 incauta
662 3843 773 3930 facile
808 3847 922 3958 polite
958 3849 1112 3954 decipi,
1157 3870 1275 3953 prout
1320 3840 1448 3925 multis
1495 3845 1670 3950 contigit.

193 3961 347 4067 llius
386 3954 613 4073 exemplum
656 3959 844 4046 habemus
882 3964 925 4044 in
970 3953 1161 4043 miraculis
1210 3954 1358 4069 Moyses
1402 3958 1441 4033 dt
1483 3948 1673 4141 Molle
