3796 4994
617 359 821 457 Revelrr.
835 357 888 452 de
902 355 1089 488 Agredae.
1105 363 1216 454 Pars
1230 366 1266 464 Ι,
1552 380 1650 490 ²89

326 558 426 675 75⁸·
456 560 496 644 Β.
517 561 568 644 V.
589 556 640 644 ad
657 560 696 644 S.
715 552 923 671 Josephum
945 556 1061 644 dixit:
1090 565 1153 643 &c
1227 564 1302 644 Hic
1322 555 1535 673 respondit:
1579 563 1649 646 Le

212 702 324 790 quere
354 676 663 774 Dominam,
711 675 800 782 qnia
823 671 933 759 audit
950 672 1093 787 servu‘s
1118 682 1219 761 inus.
1298 681 1413 759 >Tunc
1446 672 1652 761 adfuerunt
1822 678 1832 687 '

212 797 254 875 in
280 787 415 875 visibili
442 784 570 869 forma
610 786 749 871 omnes
777 781 881 870 mille
916 782 1043 899 angeli
1070 788 1285 886 custodes,
1321 813 1364 873 ut
1392 793 1522 903 petiir',
1557 816 1650 900 quia

180 910 257 987 ii.
292 910 415 1015 Virgo
446 905 628 983 hactenns
665 927 864 1011 nunqnam
898 898 978 985 sola
1010 896 1142 986 locuta
1175 905 1230 987 est
1271 929 1358 986 curn
1386 907 1471 987 viro
1503 900 1664 1016 aliqum·

217 1017 285 1101 nifi
314 1014 477 1128 quando
501 1016 592 1127 hoc,
607 1042 677 1126 pet
704 1020 947 1125 repentinum
975 1011 1172 1101 occursum
1197 1020 1360 1131 contigit
1383 1044 1472 1101 cunt
1502 1000 1653 1101 luntrno

215 1132 439 1218 Sacerdote.
571 1144 574 1149 “
1102 1146 1106 1153 ’

308 1288 313 1295 ·
336 1272 432 1358 761.
457 1257 572 1340 Tunc
586 1257 632 1337 B.
652 1255 777 1367 Virgo
810 1259 850 1338 ἃ
879 1257 919 1342 S.
944 1250 1135 1370 Josephut
1164 1254 1432 1342 diſtribuerunt
1456 1256 1653 1342 heredita·

218 1398 299 1457 tem
325 1370 492 1456 relictam
516 1368 597 1454 iS.
619 1373 829 1472 Joachimo
855 1375 893 1452 ἃ
911 1373 949 1454 S.
971 1371 1099 1461 Anna.
1154 1377 1279 1456 Unam
1301 1394 1445 1485 partem
1464 1371 1656 1456 dederunt
1733 1378 1741 1393 ‘

219 1483 397 1596 templo;
425 1485 579 1566 aiter-'ant
599 1480 843 1611 peupetibus.
877 1502 879 1506 ’
927 1491 1056 1569 Tertia
1076 1512 1149 1599 pro
1169 1487 1494 1570 administratione
1518 1488 1656 1569 tradita

220 1599 294 1683 furt
317 1601 353 1680 S.
375 1593 560 1705 Jolepho.
615 1602 658 1678 B.
680 1601 801 1707 Virgo
829 1596 986 1682 curabat
1002 1602 1141 1699 unice,
1160 1622 1202 1683 ut
1226 1598 1378 1684 serviret
1401 1599 1440 1683 S.
1470 1596 1657 1712 Josepho,

222 1720 261 1796 δι
282 1738 324 1795 ut
340 1707 534 1793 laboraret
556 1714 593 1792 in
618 1709 757 1793 domo.
824 1712 862 1793 Α
884 1717 1051 1825 negotiis
1075 1717 1238 1798 externis
1254 1719 1461 1824 emptionis
1481 1738 1547 1796 aut
1564 1736 1656 1797 ren·

221 1831 379 1912 ditionis
403 1821 554 1934 prorius
571 1822 759 1904 abstinuit.

339 1968 391 2052 76
402 1981 437 2056 5.
469 1944 725 2061 Desponsatio
744 1951 906 2061 contigit
925 1950 989 2035 die
1004 1955 1148 2036 octavo
1164 1948 1411 2063 Septembris.

207 2180 210 2187 Ι
246 2178 249 2185 ¹
340 2097 435 2177 769.
457 2102 552 2174 770.
581 2083 632 2160 Ut
656 2073 804 2172 sciatur,
825 2077 921 2192 quid
940 2084 980 2162 B.
1002 2084 1123 2190 Virgo
1143 2085 1181 2163 in
1205 2083 1371 2189 domne
1399 2085 1482 2175 erir,
1508 2074 1570 2162 vel
1590 2103 1656 2163 co·

251 2200 412 2289 invent,
433 2197 547 2272 Dens
567 2218 630 2273 me
648 2192 787 2273 rern'rstt
810 2193 859 2271 ad
881 2198 1037 2275 virtutes
1061 2190 1160 2277 illius
1181 2190 1347 2277 mulieris
1360 2108 1485 2291 llinis,
1507 2194 1559 2279 de
1580 2215 1659 2305 qua

224 2227 401 2424 loquitur
425 2300 614 2388 Salomon
638 2306 688 2387 C.
706 2300 773 2386 ult.
790 2300 1024 2400 Mulierem,
1045 2310 1185 2420 inquit,
1195 2312 1341 2417 fortem
1362 2310 1444 2419 quis
1465 2303 1659 2393 inveniti?

226 2432 317 2512 Hoc
340 2416 564 2532 intelligitur
584 2417 636 2500 de
654 2424 695 2500 B.
714 2422 889 2528 Virgine,
910 2422 951 2501 in
978 2424 1081 2524 cujus
1105 2426 1396 2533 comparatione
1421 2414 1524 2503 nulla
1548 2418 1661 2504 fortis

226 2541 306 2623 dici
359 2535 469 2615 orest.
1109 2622 1112 2627 ι
1540 2574 1542 2578 =

331 2563 448 2744 p772.
473 2650 622 2727 Omnes
640 2636 752 2724 saneti
766 2634 872 2724 innui
892 2637 1029 2754 sumpti
1042 2668 1121 2727 non
1140 2639 1449 2729 consummantur
1460 2639 1563 2728 suam
1576 2671 1661 2757 per·

225 2765 435 2852 stelionem
456 2761 494 2840 in
516 2784 568 2840 eo
584 2755 721 2869 gradu,
748 2760 786 2837 in
810 2783 895 2867 quo
914 2783 997 2838 earn
1017 2765 1059 2842 B.
1080 2762 1126 2865 V.
1152 2763 1307 2871 incepit.

187 2946 197 2957 .
345 2914 397 2986 77
405 2910 441 2989 34
470 2912 567 2985 774·
595 2880 725 2993 Spoliir
750 2909 827 2968 non
849 2880 1038 2995 indipebir‚
1062 2883 1103 2980 id
1127 2886 1193 2981 est,
1216 2913 1297 2969 non
1332 2890 1410 2970 erit·
1418 2910 1578 2997 pauper,
1597 2878 1664 2969 sed

230 3006 339 3202 gives
367 2995 485 3083 laude
515 3003 553 3080 &
578 2992 717 3111 gloria,
740 3021 924 3110 tanquam
956 2993 1027 3081 suis
1054 2992 1196 3112 spoliis,
1220 2999 1361 3114 quibus
1390 2996 1520 3113 spoliis
1544 3000 1665 3083 abun·

259 3116 351 3200 abit.
529 3124 532 3131 '

206 3245 208 3248 ⁴
344 3239 444 3326 776.
472 3221 657 3349 Qaefivit
679 3217 802 3306 lanam
833 3216 892 3313 δ’
918 3218 1046 3307 linum.
1102 3230 1147 3308 B.
1162 3228 1286 3340 Virgo
1305 3223 1378 3311 snit
1404 3218 1579 3341 operose,
1599 3218 1666 3317 sed

232 3346 353 3457 tnagis
375 3345 548 3432 internis,
567 3335 686 3449 quint
710 3350 874 3417 externis
897 3336 1198 3457 operationibus.
1372 3370 1375 3374 ·
1641 3354 1644 3359 ’

348 3492 443 3570 773.
470 3468 579 3554 Falla
604 3462 654 3577 est
685 3462 787 3574 quast
811 3467 928 3548 navis
953 3460 1146 3660 inplitorir.
1230 3468 1365 3552 Nemo
1395 3465 1468 3556 fuit
1495 3492 1669 3584 unquam

235 3596 313 3674 rim
334 3583 537 3703 providus,
559 3576 653 3664 ficut
669 3583 713 3661 B.
735 3581 858 3689 Virgo
884 3604 958 3772 pto
998 3603 1047 3664 ue
1067 3580 1239 3692 piupere
1255 3575 1411 3666 familia.
1436 3598 1440 3606 '

259 3723 262 3727 ’
350 3726 444 3794 777.
477 3689 601 3781 Dedit
623 3690 766 3778 cibaria
785 3685 889 3776 ancil
899 3694 933 3775 ir
948 3689 1059 3798 βάς.-
1092 3698 1136 3777 Β.
1154 3698 1276 3807 Virgo
1297 3700 1338 3778 in
1360 3696 1487 3780 domo
1508 3721 1582 3781 nec
1603 3696 1671 3787 hr-

236 3813 323 3895 buit
339 3805 539 3909 famulum,
562 3832 635 3890 nec
657 3797 868 3888 anniam.-
903 3815 999 3901 78¹·
1028 3805 1149 3889 Dedit
1164 3802 1471 3923 sustentationem
1495 3814 1532 3894 δι
1552 3836 1677 3907 nent.

237 3928 438 4040 parionem
459 3922 531 4006 suis
555 3919 681 4022 servis,
700 3943 841 4029 nempe
863 3923 1028 4005 externit
1046 3915 1225 4017 seniibrri.
1352 3954 1356 3963 ¹
1423 3966 1429 3981 ·
1494 3946 1498 3957 ·

354 4170 416 4262 D.
436 4169 484 4255 E.
501 4161 816 4253 A.delievelal.
841 4094 943 4251 l'ars
963 4162 1020 4255 11.
1186 4098 1295 4257 ΙΟο
1478 4126 1481 4130 Δ
1580 4094 1744 4278 7317.)
