3796 4994
469 333 471 336 ⁴
576 327 777 435 aeveus.
799 329 853 429 de
875 329 1064 474 Agraria.
1094 340 1206 432 Pars
1231 336 1311 432 III.
1550 353 1652 461 '443

326 553 425 643 372.
453 537 628 647 Quando
649 542 693 622 B.
716 544 839 652 Virgo
858 538 955 622 vidit
979 563 1084 622 mare
1106 564 1194 621 curn
1219 534 1443 647 piscibus&
1467 531 1549 622 aliis
1578 545 1658 642 ejus

213 657 408 751 creaturis,
433 652 548 754 suffit,
578 676 621 737 ut
641 649 712 737 suo
739 649 1087 738 modolaudorent
1105 652 1262 738 Deums
1290 653 1413 735 statim
1437 654 1570 734 omnia
1590 677 1657 764 ge·

212 796 306 853 nera
325 765 481 879 piscium
503 769 615 850 maris
635 790 901 852 convenerunt
926 767 976 848 ad
994 791 1147 861 navem,
1175 769 1214 847 ἃ
1233 768 1366 849 erectis
1391 765 1591 876 capitibus,
1614 791 1660 848 ac

213 886 325 967 variis
353 881 596 965 motionibus
610 883 866 966 monstrarunt
884 875 988 963 suam
1014 876 1293 963 obedientiam.
1350 884 1444 963 Haec
1461 905 1571 963 nova
1600 904 1660 962 res

199 1022 354 1079 omnes
373 1000 596 1108 navigantes
625 998 739 1078 traxit
768 999 810 1079 in
827 1011 1008 1106 magnam
1041 991 1350 1091 admirationem,
1375 995 1551 1107 quamvis
1577 998 1657 1098 ejus

216 1108 362 1193 causam
383 1110 664 1222 ignoraverinm
693 1134 863 1221 cumque
884 1101 1096 1190 multitudo
1119 1102 1276 1218 piscium
1307 1106 1552 1221 impediverit
1575 1133 1660 1190 cur·

215 1218 297 1309 surn
316 1228 445 1320 navis,
473 1249 524 1307 eo
555 1227 679 1324 major
718 1245 799 1308 crat
829 1223 993 1307 attentio
1031 1223 1306 1333 navigantium.
1387 1223 1490 1307 Intra
1512 1245 1660 1334 paucos

217 1337 301 1423 dies
326 1339 432 1425 navis
456 1329 605 1449 appulit
627 1334 777 1447 Ephesi.
1062 1443 1064 1450 y
1090 1436 1092 1441 g

334 1479 429 1553 373.
466 1447 605 1561 Ephesi
623 1452 668 1532 Β.
687 1453 812 1562 Virgo
836 1470 926 1533 toto
948 1441 1104 1562 reliquo
1131 1451 1218 1537 vitae
1238 1472 1417 1560 tempore
1437 1446 1661 1534 morabatur

217 1562 323 1763 {pud
342 1562 531 1676 quasdam
546 1563 697 1666 viduas,
712 1564 782 1650 ubi
801 1557 881 1675 ipsa
896 1562 1033 1649 habuit
1062 1557 1272 1650 solitarium
1296 1557 1540 1661 cubiculum,
1561 1567 1600 1646 bc
1620 1588 1660 1645 a·

238 1679 303 1762 'ud
323 1682 363 1762 S.
383 1683 566 1779 Joannes.

337 1822 429 1896 375.
454 1797 498 1875 B.
520 1795 643 1903 Virgo
667 1786 763 1880 misit
785 1784 968 1900 apostolis
989 1793 1028 1873 bc
1044 1790 1085 1875 S.
1102 1786 1231 1878 Paulo
1250 1787 1408 1906 angelos
1429 1819 1502 1900 pro
1524 1819 1660 1878 eorum
1754 1869 1756 1874 ,

189 1907 399 1992 tuitione.
469 1905 645 2015 Quando
677 1909 718 1988 in
738 1904 931 2016 Scriptura
958 1905 997 1989 S.
1022 1898 1162 1988 Paulus
1183 1905 1277 1990 dicit
1297 1907 1346 1990 ad
1366 1902 1455 1990 Gal.
1480 1938 1515 1991 r.
1572 1903 1661 2016 Post

219 2027 300 2104 tres
316 2044 438 2126 annos
461 2021 556 2105 veni
565 2015 852 2217 Jerpsolimam,
880 2019 920 2102 hi
941 2041 1018 2101 tres
1042 2022 1133 2102 anni
1153 2046 1236 2102 non
1255 2015 1339 2103 sunt
1364 2018 1660 2132 computandis

220 2125 641 2249 conversioneillius,se
680 2160 727 2217 ex
738 2159 787 2217 eo
798 2155 988 2243 tempore,
998 2158 1082 2244 quo
1091 2159 1139 2217 ex
1148 2132 1291 2218 Arabia
1300 2133 1413 2218 rediit
1422 2129 1672 2220 Damascum.

342 2263 434 2350 376.
466 2249 505 2350 S.
526 2243 666 2332 Paulus
686 2250 793 2331 venit
816 2240 1083 2348 Jerosolimam
1103 2273 1206 2331 anno
1224 2245 1533 2360 quadragefinro,
1554 2275 1664 2333 com·
1688 2292 1691 2297 >

221 2354 335 2473 pletis
365 2365 473 2445 annis
505 2387 675 2472 quatuor
691 2364 780 2474 post
806 2358 910 2445 suam
935 2359 1251 2460 converfionem,
1276 2367 1315 2447 bc
1342 2356 1429 2475 post
1450 2360 1617 2450 mensem
1638 2359 1664 2448 ὲ

223 2471 377 2560 discessu
406 2483 449 2559 Β.
474 2478 648 2585 Virginis.

343 2617 437 2690 377·
479 2590 518 2671 S.
543 2581 683 2671 Paulus
716 2588 805 2698 post
841 2584 1136 2677 conversionem
1169 2581 1273 2672 suam
1299 2614 1419 2672 unum
1439 2613 1579 2674 annum
1599 2586 1684 2675 aut

223 2705 429 2788 maximam
451 2712 530 2807 ejus
556 2725 703 2812 partem
723 2695 901 2813 transegit
924 2703 966 2786 in
994 2700 1164 2804 Arabia3
1208 2702 1330 2787 tribus
1349 2697 1666 2817 subsequentibus

223 2822 331 2901 annis
358 2841 621 2900 commoratus
640 2816 693 2898 est
709 2813 900 2900 Damasci.

346 2958 437 3033 379·
467 2928 642 3041 Quando
659 2929 698 3013 S.
715 2923 854 3015 Paulus
873 2928 1055 3046 ingressus
1071 2932 1125 3016 est
1150 2924 1430 3032 Jerosolimanr,
1458 2932 1666 3016 doemones
1720 2962 1745 2970 ··

225 3037 416 3129 senserunt
442 3039 479 3127 se
496 3043 547 3127 ab
565 3070 615 3127 eo
628 3048 862 3155 torqueri&
879 3049 1058 3157 opprimi.
1124 3048 1261 3158 ltaque
1283 3041 1434 3129 Lucifer
1454 3070 1666 3157 congrega·

226 3151 641 3272 viraliquotLegiones
650 3154 885 3241 doemonum
896 3152 1256 3255 contraPaulum,ut
1267 3160 1667 3244 eumexterminarent.

349 3293 443 3371 380·
472 3277 516 3356 Β.
536 3274 585 3354 V.
602 3271 681 3354 haec
701 3266 940 3381 cognoscens
963 3275 1088 3357 oravit
1105 3299 1178 3383 pto
1196 3267 1334 3368 Pau10,
1360 3295 1404 3356 ut
1429 3295 1666 3385 protegatur.

227 3386 337 3469 Deus
353 3380 476 3471 Paulo
495 3391 534 3467 in
553 3382 670 3468 Ectasr
691 3387 871 3495 praecipit,
896 3411 940 3472 ut
956 3379 1192 3492 Jerosolimis
1222 3385 1402 3470 discedat.

351 3523 444 3602 38¹·
483 3505 568 3583 Hac
604 3500 686 3580 vice
709 3493 849 3582 Paulus
872 3527 953 3584 non
983 3498 1115 3585 mansit
1133 3493 1304 3611 pluribus
1325 3499 1462 3585 diebus
1484 3493 1669 3606 Jctosoli·

229 3638 315 3711 mae,
340 3611 462 3724 quarn
489 3610 726 3725 quindecim,
753 3635 795 3695 ut
816 3610 974 3724 ipsemet
995 3610 1131 3698 scribit.
1152 3615 1204 3698 C.
1232 3641 1268 3699 1.
1293 3613 1344 3696 ad
1362 3612 1449 3699 Gal.
1471 3615 1562 3698 dein
1583 3616 1689 3727 post¹

232 3719 388 3836 aliquot
411 3753 550 3822 annos,
580 3726 786 3837 postquam
809 3753 856 3809 ex
877 3721 998 3811 Insula
1020 3722 1155 3825 Malta,
1185 3732 1225 3811 bc
1251 3725 1401 3840 Epheso
1429 3727 1596 3815 reversus
1617 3730 1671 3814 est

232 3835 512 3942 ierosolimam,
537 3839 714 3923 obicum
737 3847 986 3942 conjecerunt
1012 3845 1053 3932 in
1079 3836 1256 3939 vincula,
1291 3864 1415 3925 narrat
1444 3842 1496 3925 de
1516 3840 1672 3955 praefata
1704 3896 1708 3904 -
1837 3844 1840 3849 ’

231 3947 296 4037 sua
314 3952 434 4039 Eblasr
453 3958 492 4038 itt
514 3948 679 4064 templo,
699 3956 738 4034 &
763 3956 814 4037 de
841 3979 1033 4067 precepto
1054 3955 1218 4042 Domini
1239 3955 1461 4042 discedendi
1487 3953 1672 4062 Jerosoli·⁴

232 4093 308 4168 ma,
329 4090 372 4151 ut
392 4068 558 4154 habetur
585 4074 626 4152 in
648 4067 756 4173 Aesis
778 4067 917 4182 Apost.
941 4073 1114 4269 CKkalp.²
1578 4203 1673 4289 w.
