3796 4994
396 187 400 194 ἱ
434 199 651 373 aucupto
676 227 879 368 Museo
904 188 1050 335 uario
1074 231 1273 341 Autbor.
1513 267 1573 343 ιι

127 447 269 546 monh
293 442 410 540 rediit
429 448 537 558 prior
566 442 683 533 ardor
714 447 755 529 dt
781 437 951 529 hilaritas
974 439 1123 530 cordis.
1208 444 1349 559 Itaque
1371 445 1444 556 per
1463 432 1583 559 expe*
1667 490 1673 513 .

33 612 75 637 a
127 568 302 655 acnuam
320 562 463 647 edocta
490 556 761 646 discretionem
795 553 991 672 spirituum
1016 557 1203 657 dicebat,
1225 553 1264 643 se
1281 559 1403 644 tribus
1428 561 1582 650 indiciis

125 676 294 768 fallacias
327 673 568 789 ptaesatarum
609 673 798 760 visionum
828 669 1132 786 deprehendisse.
1213 677 1346 758 Primo
1385 678 1489 761 enirn
1523 694 1617 763 eo·
1678 672 1681 678 ’

127 819 328 907 tempore,
371 818 457 904 quo
498 813 610 875 erant
633 793 919 903 apparitiones,
949 783 1058 873 nullo
1087 812 1294 875 momento
1324 783 1381 874 lh
1402 793 1443 875 in
1469 819 1581 878 men·
1600 806 1622 833 “
1691 846 1694 851 .
1807 797 1811 804 ’

125 912 207 997 tem
231 910 337 991 venit
359 905 575 1006 dubitatio,
596 930 646 988 an
677 899 800 989 malus
835 899 926 987 esset
946 901 1113 1015 spiritusr
1149 905 1273 988 immo
1306 904 1375 989 abs
1408 932 1458 990 ue
1482 902 1581 1010 ullo,

62 1088 63 1091 a
126 1013 254 1141 qualis
275 1047 409 1106 revera
429 1015 533 1118 esset,
556 1022 838 1132 experimento,
854 1020 977 1102 statim
996 1017 1160 1105 credidit
1178 1018 1331 1104 bonum
1345 933 1434 1106 esse.
1471 1025 1579 1135 Quia
1615 1060 1620 1069 ·
1763 1034 1769 1045 '

127 1137 325 1227 infidiator
351 1133 500 1248 semper
519 1135 571 1219 ad
592 1161 677 1219 eam
701 1140 879 1218 virtutem
901 1131 1143 1233 hortabatur,
1160 1160 1280 1247 quam
1297 1132 1439 1220 sciebat
1458 1137 1509 1222 ab
1532 1133 1582 1224 il-

129 1251 431 1364 lesummopere
456 1254 597 1347 amati,
621 1270 768 1360 nempe
797 1250 1078 1335 obedientiam.
1137 1250 1244 1333 Dein
1274 1252 1498 1363 importune
1526 1250 1579 1338 ad

128 1370 362 1455 contrarium
391 1359 629 1477 impellebat,
645 1361 852 1476 suggerens
882 1366 1138 1474 cogitationes
1165 1357 1296 1463 malas,
1309 1367 1454 1480 quibus
1485 1391 1583 1453 con·

127 1508 186 1570 tra
205 1480 423 1567 Praefedam
446 1478 687 1563 incitabatur.
740 1479 894 1562 Postea
912 1472 977 1562 sub
1006 1480 1252 1563 contritionis
1282 1503 1469 1591 praetextu
1495 1504 1585 1568 tau·
1618 1516 1622 1534 ·

128 1623 214 1684 tutu
238 1589 294 1680 illi
324 1593 506 1679 dolorem
536 1616 584 1678 ex
616 1588 682 1677 tali
704 1583 948 1705 suggestione
972 1589 1246 1705 ingenerabat,
1268 1618 1311 1678 ut
1331 1588 1437 1679 illam
1455 1592 1580 1684 inso-
1727 1683 1732 1694 ,

126 1738 241 1798 veam
263 1706 479 1822 pestiferam
506 1709 694 1794 moestitia
722 1708 991 1822 demergeret,
1019 1710 1055 1790 ei
1084 1704 1313 1817 persuadens
1341 1707 1364 1794 a
1392 1705 1509 1822 seipsa
1536 1710 1583 1800 id
1691 1749 1700 1756 ·

130 1829 350 1940 provenire.
414 1828 500 1906 Hac
529 1828 589 1907 via
615 1823 733 1905 hostis
761 1825 941 1934 antiquus
976 1813 1031 1904 illi
1067 1821 1135 1904 diu
1172 1820 1368 1906 infidiatus
1396 1829 1469 1922 est,
1497 1824 1579 1934 ejus

129 1941 182 2026 ad
190 1935 473 2051 blasphemiam
493 1931 697 2049 impellens
719 1938 913 2021 animums
941 1930 1116 2020 adversus
1130 1961 1233 2049 quos
1253 1933 1425 2022 stimulos
1447 1964 1581 2057 neque

129 2082 201 2169 per
233 2051 535 2148 confeffionem,
563 2077 697 2163 neque
724 2077 811 2161 per·
835 2043 954 2132 alium
981 2050 1146 2133 modum
1175 2054 1321 2136 invenit
1347 2054 1608 2158 remedium‚'·

131 2167 204 2254 nisi-
222 2195 312 2252 cum
344 2161 524 2252 diabolus
549 2161 605 2249 illi
639 2167 849 2252 dormienti
878 2157 994 2248 semel
1030 2166 1071 2249 in
1098 2189 1230 2250 aurem
1255 2162 1602 2271 insusurratione

130 2280 412 2396 blasphemaret
444 2287 594 2371 Deum;
637 2282 700 2363 cui
726 2274 792 2364 illa
822 2277 1022 2363 dormiens
1050 2279 1267 2364 identidem
1295 2283 1579 2395 respondebatr

131 2399 241 2485 Non.
267 2393 428 2497 faciam,
463 2422 546 2479 non
571 2393 722 2478 faciam.
803 2399 916 2479 Tunc
955 2389 1020 2478 illa
1059 2398 1209 2507 ingenti
1234 2391 1391 2508 fragore
1415 2396 1583 2487 excitati·
1705 2427 1718 2435 ·

57 2602 62 2607 ,
132 2506 336 2598 diabolum
364 2510 388 2596 a
415 2507 454 2594 se
487 2512 733 2594 recedentem
770 2501 892 2592 senfit.
968 2511 1018 2592 Et
1041 2507 1092 2591 stc
1113 2515 1274 2622 agnovit
1293 2513 1444 2596 hostem
1470 2508 1581 2603 fusse

131 2631 336 2740 antiquum
359 2621 483 2722 illum,
511 2623 534 2710 d
563 2652 648 2738 quo
674 2624 820 2708 tamdiu
849 2646 987 2706 vexata
1012 2618 1149 2708 fuerat.
1208 2627 1420 2738 Postquam
1448 2650 1586 2726 autem·

131 2742 202 2827 has
227 2740 376 2824 insidias
400 2735 579 2836 evaserat,
597 2738 732 2822 incidit
752 2743 794 2822 in
818 2737 1033 2821 ariditatem
1060 2733 1233 2935 spititsls,
1252 2764 1340 2854 quae
1366 2722 1497 2829 inultis
1513 2752 1585 2833 ast-'¹

131 2861 191 2941 uis
209 2860 384 2942 duravita
432 2848 560 2939 suilla
591 2849 666 2938 visa
687 2851 740 2936 illi
766 2875 846 2937 erat
877 2853 995 2936 bonae
1023 2880 1076 2935 vo
1090 2859 1232 2955 untatis
1259 2882 1348 2968 pars
1373 2853 1497 2970 sopita
1528 2859 1581 2947 ad

132 2981 254 3082 opera
277 2962 499 3067 laudabilia,
518 2972 558 3051 dc
586 2994 722 3080 expers
742 2965 871 3080 gustsls
894 2963 1031 3052 divinar
1055 2961 1223 3071 culturae.
1308 2974 1484 3080 Quando
1511 3001 1582 3071 au·

132 3108 212 3167 tem
238 3078 293 3166 illi
320 3082 600 3196 contingebant
625 3083 762 3166 divinae
784 3080 973 3178 visiones,
996 3080 1100 3165 adeo
1119 3088 1240 3168 inanis
1272 3076 1406 3197 gloriae
1424 3083 1591 3177 stimulis

131 3197 366 3312 agitabatur,
381 3221 422 3282 ut
444 3196 497 3280 ad
516 3192 772 3309 propalandas
798 3190 882 3281 illas
909 3199 1142 3284 incitaretur.
1656 3216 1660 3224 ·

172 3470 176 3476 ,
277 3396 325 3488 4.
376 3358 435 3462 ln
470 3358 588 3465 Vita
622 3358 670 3464 S.
706 3357 971 3463 Francsscae
1001 3354 1254 3462 Romanae
1288 3380 1341 3468 ad
1379 3411 1417 3480 9.
1449 3364 1599 3479 Marta

133 3502 177 3586 1.
203 3527 239 3602 3.
264 3501 317 3584 C.
338 3524 375 3582 1.
406 3524 603 3602 narrantur
620 3495 825 3613 sequentes
847 3492 1046 3582 Illusrones
1068 3494 1281 3582 diabolicae.
1340 3499 1444 3584 Cum
1464 3505 1580 3590 Fran·

132 3612 227 3701 cisca
249 3609 364 3699 semel
386 3609 478 3698 esset
502 3620 638 3713 anxia,
674 3617 832 3725 cupiens
858 3609 1006 3724 semper
1033 3614 1128 3696 stare
1156 3617 1198 3699 in
1225 3608 1459 3717 solitudine,
1485 3617 1582 3708 sicut

133 3727 282 3843 semper
309 3728 571 3821 desiderabat,
607 3754 650 3815 ut
673 3724 811 3812 melius
834 3722 961 3840 posset
990 3753 1126 3812 vacare
1154 3730 1397 3813 orationibus
1423 3736 1464 3814 ἃ
1486 3760 1592 3821 conr

135 3843 455 3958 templationibus
479 3841 612 3928 summi
638 3847 756 3940 boni,
787 3846 858 3926 ivit
880 3842 936 3924 de
966 3841 1093 3925 die&
1118 3846 1272 3926 intravit
1294 3839 1588 3948 suam‘cellamss·
1652 3847 1656 3857 '

136 3963 176 4045 dc
198 3984 239 4044 ut
260 3959 430 4072 quietius
450 3982 633 4061 maneret,
658 3955 788 4047 claust
809 3958 961 4054 ossium,
986 3956 1079 4041 srcut
1101 3954 1210 4039 solita
1230 3973 1309 4038 erat
1336 3954 1476 4046 facere.
1533 3967 1589 4050 fit-

137 4101 226 4165 cum
246 4072 287 4184 se
306 4065 470 4182 dedisset
488 4077 658 4182 orauons
668 4130 682 4176 ,
701 4067 890 4188 malignus
912 4075 1033 4157 hoshs
1053 4071 1105 4159 ad
1132 4097 1219 4158 eam
1250 4075 1357 4157 venit
1385 4078 1429 4160 sn
1451 4072 1581 4168 somna

807 4188 1157 4320 sca„
1531 4185 1642 4304 su·
