<?xml version="1.0" encoding="UTF-8"?>
<!DOCTYPE html PUBLIC "-//W3C//DTD XHTML 1.0 Transitional//EN"
    "http://www.w3.org/TR/xhtml1/DTD/xhtml1-transitional.dtd">
<html xmlns="http://www.w3.org/1999/xhtml" xml:lang="en" lang="en">
 <head>
  <title>
</title>
<meta http-equiv="Content-Type" content="text/html;charset=utf-8" />
  <meta name='ocr-system' content='tesseract 3.04.00' />
  <meta name='ocr-capabilities' content='ocr_page ocr_carea ocr_par ocr_line ocrx_word'/>
</head>
<body>
  <div class='ocr_page' id='page_1' title='image "./derevelationibu00amorgoog_0181.png"; bbox 0 0 3772 4988; ppageno 0'>
   <div class='ocr_carea' id='block_1_1' title="bbox 536 316 1629 507">
    <p class='ocr_par' dir='ltr' id='par_1_1' title="bbox 536 316 1629 507">
     <span class='ocr_line' id='line_1_1' title="bbox 536 316 1629 507; baseline -0.001 -59"><span class='ocrx_word' id='word_1_1' title='bbox 536 316 1056 507; x_wconf 60' lang='lat' dir='ltr'>regenerentur.</span> <span class='ocrx_word' id='word_1_2' title='bbox 1079 341 1131 444; x_wconf 81' lang='lat' dir='ltr'>de</span> <span class='ocrx_word' id='word_1_3' title='bbox 1153 353 1310 447; x_wconf 75' lang='lat' dir='ltr'>leone:</span> <span class='ocrx_word' id='word_1_4' title='bbox 1466 398 1470 419; x_wconf 58' lang='grc' dir='ltr'>ι</span> <span class='ocrx_word' id='word_1_5' title='bbox 1536 345 1629 452; x_wconf 84' lang='lat'>161</span> 
     </span>
    </p>
   </div>
   <div class='ocr_carea' id='block_1_2' title="bbox 229 585 1792 1042">
    <p class='ocr_par' dir='ltr' id='par_1_2' title="bbox 229 585 1792 1042">
     <span class='ocr_line' id='line_1_2' title="bbox 397 585 1792 802; baseline -0.001 -75"><span class='ocrx_word' id='word_1_6' title='bbox 397 740 401 747; x_wconf 57' lang='grc'><strong>,</strong></span> <span class='ocrx_word' id='word_1_7' title='bbox 656 593 799 727; x_wconf 84' lang='lat' dir='ltr'>CA</span> <span class='ocrx_word' id='word_1_8' title='bbox 840 585 908 728; x_wconf 89' lang='grc' dir='ltr'>Ρ.</span> <span class='ocrx_word' id='word_1_9' title='bbox 997 589 1173 727; x_wconf 88' lang='lat' dir='ltr'><strong><em>XII.</em></strong></span> <span class='ocrx_word' id='word_1_10' title='bbox 1745 718 1792 802; x_wconf 80' lang='grc' dir='ltr'><strong><em> </em></strong></span> 
     </span>
     <span class='ocr_line' id='line_1_3' title="bbox 229 841 1745 1042; baseline -0.002 -64"><span class='ocrx_word' id='word_1_11' title='bbox 229 1028 234 1042; x_wconf 14' lang='lat'>³</span> <span class='ocrx_word' id='word_1_12' title='bbox 323 841 618 1019; x_wconf 81' lang='lat' dir='ltr'>Regulae</span> <span class='ocrx_word' id='word_1_13' title='bbox 641 843 724 976; x_wconf 84' lang='grc' dir='ltr'>Ρ.</span> <span class='ocrx_word' id='word_1_14' title='bbox 767 841 1078 977; x_wconf 87' lang='lat' dir='ltr'>Ludovici</span> <span class='ocrx_word' id='word_1_15' title='bbox 1131 841 1216 973; x_wconf 90' lang='lat' dir='ltr'>de</span> <span class='ocrx_word' id='word_1_16' title='bbox 1263 842 1486 977; x_wconf 83' lang='lat' dir='ltr'>Leone</span> <span class='ocrx_word' id='word_1_17' title='bbox 1587 931 1590 935; x_wconf 92' lang='lat'>-</span> <span class='ocrx_word' id='word_1_18' title='bbox 1742 935 1745 943; x_wconf 27' lang='grc' dir='ltr'><strong><em>ι</em></strong></span> 
     </span>
    </p>
   </div>
   <div class='ocr_carea' id='block_1_3' title="bbox 451 1029 1378 1174">
    <p class='ocr_par' dir='ltr' id='par_1_3' title="bbox 451 1029 1378 1174">
     <span class='ocr_line' id='line_1_4' title="bbox 451 1029 1378 1174; baseline -0.001 -38"><span class='ocrx_word' id='word_1_19' title='bbox 451 1031 657 1139; x_wconf 86' lang='lat' dir='ltr'>Ordinis</span> <span class='ocrx_word' id='word_1_20' title='bbox 678 1031 1020 1140; x_wconf 83' lang='lat' dir='ltr'>Eremitarum</span> <span class='ocrx_word' id='word_1_21' title='bbox 1039 1029 1088 1139; x_wconf 85' lang='lat' dir='ltr'>S.</span> <span class='ocrx_word' id='word_1_22' title='bbox 1105 1030 1378 1174; x_wconf 85' lang='lat' dir='ltr'>Augustini.</span> 
     </span>
    </p>
   </div>
   <div class='ocr_carea' id='block_1_4' title="bbox 191 1247 1640 1632">
    <p class='ocr_par' dir='ltr' id='par_1_4' title="bbox 191 1247 1640 1632">
     <span class='ocr_line' id='line_1_5' title="bbox 191 1247 1640 1402; baseline 0.003 -32"><span class='ocrx_word' id='word_1_23' title='bbox 191 1247 263 1370; x_wconf 79' lang='lat' dir='ltr'>llic</span> <span class='ocrx_word' id='word_1_24' title='bbox 283 1278 450 1372; x_wconf 81' lang='lat' dir='ltr'>celebris</span> <span class='ocrx_word' id='word_1_25' title='bbox 468 1287 624 1386; x_wconf 83' lang='lat' dir='ltr'>author,</span> <span class='ocrx_word' id='word_1_26' title='bbox 652 1293 722 1402; x_wconf 90' lang='lat' dir='ltr'>qui</span> <span class='ocrx_word' id='word_1_27' title='bbox 747 1280 817 1372; x_wconf 91' lang='lat' dir='ltr'>suo</span> <span class='ocrx_word' id='word_1_28' title='bbox 850 1311 1032 1401; x_wconf 88' lang='lat' dir='ltr'>tempore</span> <span class='ocrx_word' id='word_1_29' title='bbox 1053 1284 1270 1371; x_wconf 82' lang='lat' dir='ltr'>habebatur</span> <span class='ocrx_word' id='word_1_30' title='bbox 1295 1312 1369 1400; x_wconf 90' lang='lat' dir='ltr'>pro</span> <span class='ocrx_word' id='word_1_31' title='bbox 1392 1310 1640 1391; x_wconf 74' lang='lat' dir='ltr'>ornamento,</span> 
     </span>
     <span class='ocr_line' id='line_1_6' title="bbox 191 1396 1640 1517; baseline 0.003 -33"><span class='ocrx_word' id='word_1_32' title='bbox 191 1398 286 1497; x_wconf 89' lang='lat' dir='ltr'>luce,</span> <span class='ocrx_word' id='word_1_33' title='bbox 307 1426 353 1484; x_wconf 82' lang='lat' dir='ltr'>ac</span> <span class='ocrx_word' id='word_1_34' title='bbox 376 1403 501 1515; x_wconf 84' lang='lat' dir='ltr'>gloria</span> <span class='ocrx_word' id='word_1_35' title='bbox 517 1407 636 1488; x_wconf 88' lang='lat' dir='ltr'>totius</span> <span class='ocrx_word' id='word_1_36' title='bbox 657 1399 867 1517; x_wconf 79' lang='lat' dir='ltr'>Hispania,</span> <span class='ocrx_word' id='word_1_37' title='bbox 887 1407 928 1486; x_wconf 88' lang='lat' dir='ltr'>in</span> <span class='ocrx_word' id='word_1_38' title='bbox 953 1396 1225 1487; x_wconf 83' lang='lat' dir='ltr'>Diilcrtatione</span> <span class='ocrx_word' id='word_1_39' title='bbox 1246 1396 1486 1514; x_wconf 82' lang='lat' dir='ltr'>praeliminari</span> <span class='ocrx_word' id='word_1_40' title='bbox 1507 1405 1557 1487; x_wconf 86' lang='lat' dir='ltr'>ad</span> <span class='ocrx_word' id='word_1_41' title='bbox 1581 1412 1640 1490; x_wconf 89' lang='lat'>0·</span> 
     </span>
     <span class='ocr_line' id='line_1_7' title="bbox 239 1510 1583 1632; baseline 0.004 -33"><span class='ocrx_word' id='word_1_42' title='bbox 239 1540 339 1629; x_wconf 79' lang='lat' dir='ltr'>pera</span> <span class='ocrx_word' id='word_1_43' title='bbox 360 1519 402 1604; x_wconf 83' lang='lat' dir='ltr'>S.</span> <span class='ocrx_word' id='word_1_44' title='bbox 421 1515 623 1616; x_wconf 80' lang='lat' dir='ltr'>Theresrae,</span> <span class='ocrx_word' id='word_1_45' title='bbox 645 1546 731 1632; x_wconf 84' lang='lat' dir='ltr'>quae</span> <span class='ocrx_word' id='word_1_46' title='bbox 757 1516 781 1604; x_wconf 77' lang='lat' dir='ltr'>d</span> <span class='ocrx_word' id='word_1_47' title='bbox 805 1510 983 1601; x_wconf 76' lang='lat' dir='ltr'>Consilio</span> <span class='ocrx_word' id='word_1_48' title='bbox 1009 1519 1137 1627; x_wconf 82' lang='lat' dir='ltr'>Regio</span> <span class='ocrx_word' id='word_1_49' title='bbox 1159 1514 1272 1626; x_wconf 80' lang='lat' dir='ltr'>ipsius</span> <span class='ocrx_word' id='word_1_50' title='bbox 1290 1521 1456 1605; x_wconf 80' lang='lat' dir='ltr'>examini</span> <span class='ocrx_word' id='word_1_51' title='bbox 1473 1545 1583 1605; x_wconf 88' lang='lat' dir='ltr'>cotn-</span> 
     </span>
    </p>
   </div>
   <div class='ocr_carea' id='block_1_5' title="bbox 438 1623 1478 1877">
    <p class='ocr_par' dir='ltr' id='par_1_5' title="bbox 438 1623 1478 1877">
     <span class='ocr_line' id='line_1_8' title="bbox 438 1623 1478 1746; baseline -0.004 -24"><span class='ocrx_word' id='word_1_52' title='bbox 438 1629 545 1722; x_wconf 79' lang='lat' dir='ltr'>niffr</span> <span class='ocrx_word' id='word_1_53' title='bbox 570 1629 745 1734; x_wconf 87' lang='lat' dir='ltr'>fuerant,</span> <span class='ocrx_word' id='word_1_54' title='bbox 773 1633 890 1716; x_wconf 88' lang='lat' dir='ltr'>tradit</span> <span class='ocrx_word' id='word_1_55' title='bbox 913 1628 1119 1743; x_wconf 82' lang='lat' dir='ltr'>sequentes</span> <span class='ocrx_word' id='word_1_56' title='bbox 1146 1623 1312 1746; x_wconf 73' lang='lat' dir='ltr'>Regulos</span> <span class='ocrx_word' id='word_1_57' title='bbox 1340 1657 1390 1718; x_wconf 86' lang='lat' dir='ltr'>ex</span> <span class='ocrx_word' id='word_1_58' title='bbox 1474 1652 1478 1659; x_wconf 81' lang='grc'><em>’</em></span> 
     </span>
     <span class='ocr_line' id='line_1_9' title="bbox 782 1744 1135 1877; baseline -0.011 -43"><span class='ocrx_word' id='word_1_59' title='bbox 782 1747 825 1834; x_wconf 82' lang='grc'>8.</span> <span class='ocrx_word' id='word_1_60' title='bbox 857 1744 1049 1836; x_wconf 84' lang='lat' dir='ltr'>Theresra.</span> <span class='ocrx_word' id='word_1_61' title='bbox 1131 1865 1135 1877; x_wconf 25' lang='grc'>1</span> 
     </span>
    </p>
   </div>
   <div class='ocr_carea' id='block_1_6' title="bbox 191 1973 1741 2551">
    <p class='ocr_par' dir='ltr' id='par_1_6' title="bbox 191 1973 1741 2551">
     <span class='ocr_line' id='line_1_10' title="bbox 351 1973 1646 2119; baseline -0.001 -36"><span class='ocrx_word' id='word_1_62' title='bbox 351 1983 581 2119; x_wconf 74' lang='lat' dir='ltr'>ligula-r.</span> <span class='ocrx_word' id='word_1_63' title='bbox 652 1973 1046 2097; x_wconf 84' lang='lat' dir='ltr'>Revelationes,</span> <span class='ocrx_word' id='word_1_64' title='bbox 1094 1975 1360 2114; x_wconf 84' lang='lat' dir='ltr'>quaesunt</span> <span class='ocrx_word' id='word_1_65' title='bbox 1402 1975 1433 2080; x_wconf 80' lang='grc' dir='ltr'>ὲ</span> <span class='ocrx_word' id='word_1_66' title='bbox 1475 1974 1646 2101; x_wconf 83' lang='lat' dir='ltr'>DEO,</span> 
     </span>
     <span class='ocr_line' id='line_1_11' title="bbox 191 1987 1642 2354; baseline -0.001 -127"><span class='ocrx_word' id='word_1_67' title='bbox 191 1987 348 2354; x_wconf 87' lang='lat' dir='ltr'><strong>R</strong></span> <span class='ocrx_word' id='word_1_68' title='bbox 383 2120 681 2263; x_wconf 89' lang='lat' dir='ltr'>producunt</span> <span class='ocrx_word' id='word_1_69' title='bbox 724 2124 918 2256; x_wconf 85' lang='lat' dir='ltr'>semper</span> <span class='ocrx_word' id='word_1_70' title='bbox 960 2129 1013 2224; x_wconf 92' lang='lat' dir='ltr'>in</span> <span class='ocrx_word' id='word_1_71' title='bbox 1051 2129 1225 2223; x_wconf 89' lang='lat' dir='ltr'>anima</span> <span class='ocrx_word' id='word_1_72' title='bbox 1242 2254 1244 2259; x_wconf 16' lang='grc' dir='ltr'>Ι</span> <span class='ocrx_word' id='word_1_73' title='bbox 1260 2117 1451 2225; x_wconf 86' lang='lat' dir='ltr'>multas</span> <span class='ocrx_word' id='word_1_74' title='bbox 1488 2130 1642 2226; x_wconf 86' lang='lat' dir='ltr'>virtu·</span> 
     </span>
     <span class='ocr_line' id='line_1_12' title="bbox 385 2261 1741 2402; baseline -0.004 -30"><span class='ocrx_word' id='word_1_75' title='bbox 385 2293 459 2372; x_wconf 90' lang='lat' dir='ltr'>tes</span> <span class='ocrx_word' id='word_1_76' title='bbox 494 2287 608 2370; x_wconf 85' lang='lat' dir='ltr'>tam</span> <span class='ocrx_word' id='word_1_77' title='bbox 631 2295 727 2401; x_wconf 90' lang='lat' dir='ltr'>pro</span> <span class='ocrx_word' id='word_1_78' title='bbox 759 2263 905 2367; x_wconf 90' lang='lat' dir='ltr'>bono</span> <span class='ocrx_word' id='word_1_79' title='bbox 932 2293 1014 2367; x_wconf 91' lang='lat' dir='ltr'>eas</span> <span class='ocrx_word' id='word_1_80' title='bbox 1046 2261 1377 2367; x_wconf 82' lang='lat' dir='ltr'>revelationes</span> <span class='ocrx_word' id='word_1_81' title='bbox 1405 2269 1644 2402; x_wconf 90' lang='lat' dir='ltr'>recipien·</span> <span class='ocrx_word' id='word_1_82' title='bbox 1740 2324 1741 2327; x_wconf 17' lang='grc' dir='ltr'><strong><em>κ</em></strong></span> 
     </span>
     <span class='ocr_line' id='line_1_13' title="bbox 193 2401 1337 2551; baseline -0.009 -30"><span class='ocrx_word' id='word_1_83' title='bbox 193 2420 276 2534; x_wconf 86' lang='lat' dir='ltr'>tis,</span> <span class='ocrx_word' id='word_1_84' title='bbox 297 2407 462 2551; x_wconf 76' lang='lat' dir='ltr'>quim</span> <span class='ocrx_word' id='word_1_85' title='bbox 485 2439 582 2544; x_wconf 91' lang='lat' dir='ltr'>pro</span> <span class='ocrx_word' id='word_1_86' title='bbox 607 2406 760 2514; x_wconf 86' lang='lat' dir='ltr'>salute</span> <span class='ocrx_word' id='word_1_87' title='bbox 786 2403 839 2513; x_wconf 80' lang='lat' dir='ltr'>de</span> <span class='ocrx_word' id='word_1_88' title='bbox 865 2404 1080 2509; x_wconf 87' lang='lat' dir='ltr'>utilitate</span> <span class='ocrx_word' id='word_1_89' title='bbox 1105 2401 1337 2511; x_wconf 87' lang='lat' dir='ltr'>aliorum.</span> 
     </span>
    </p>
   </div>
   <div class='ocr_carea' id='block_1_7' title="bbox 191 2548 1809 3201">
    <p class='ocr_par' dir='ltr' id='par_1_7' title="bbox 191 2548 1809 3201">
     <span class='ocr_line' id='line_1_14' title="bbox 297 2548 1809 2737; baseline 0.005 -35"><span class='ocrx_word' id='word_1_90' title='bbox 297 2605 480 2736; x_wconf 76' lang='lat' dir='ltr'>Regula·</span> <span class='ocrx_word' id='word_1_91' title='bbox 515 2639 557 2704; x_wconf 86' lang='lat'>2.</span> <span class='ocrx_word' id='word_1_92' title='bbox 616 2599 736 2702; x_wconf 88' lang='lat' dir='ltr'>Vita</span> <span class='ocrx_word' id='word_1_93' title='bbox 767 2576 1041 2701; x_wconf 84' lang='lat' dir='ltr'>christiana</span> <span class='ocrx_word' id='word_1_94' title='bbox 1076 2625 1186 2701; x_wconf 90' lang='lat' dir='ltr'>non</span> <span class='ocrx_word' id='word_1_95' title='bbox 1223 2556 1374 2700; x_wconf 86' lang='lat' dir='ltr'>debet</span> <span class='ocrx_word' id='word_1_96' title='bbox 1408 2548 1643 2737; x_wconf 81' lang='lat' dir='ltr'>unquam</span> <span class='ocrx_word' id='word_1_97' title='bbox 1804 2662 1809 2672; x_wconf 96' lang='lat'>·</span> 
     </span>
     <span class='ocr_line' id='line_1_15' title="bbox 193 2735 1683 2876; baseline 0.001 -27"><span class='ocrx_word' id='word_1_98' title='bbox 193 2751 245 2849; x_wconf 90' lang='lat' dir='ltr'>in</span> <span class='ocrx_word' id='word_1_99' title='bbox 279 2740 384 2846; x_wconf 91' lang='lat' dir='ltr'>ullo</span> <span class='ocrx_word' id='word_1_100' title='bbox 421 2737 636 2845; x_wconf 88' lang='lat' dir='ltr'>homine</span> <span class='ocrx_word' id='word_1_101' title='bbox 672 2740 810 2875; x_wconf 87' lang='lat' dir='ltr'>dirigi</span> <span class='ocrx_word' id='word_1_102' title='bbox 847 2771 907 2842; x_wconf 87' lang='lat' dir='ltr'>ex</span> <span class='ocrx_word' id='word_1_103' title='bbox 942 2735 1350 2843; x_wconf 85' lang='lat' dir='ltr'>revelationibus.</span> <span class='ocrx_word' id='word_1_104' title='bbox 1421 2760 1573 2876; x_wconf 78' lang='lat' dir='ltr'>Regula</span> <span class='ocrx_word' id='word_1_105' title='bbox 1603 2791 1643 2850; x_wconf 88' lang='lat' dir='ltr'>e·</span> <span class='ocrx_word' id='word_1_106' title='bbox 1664 2819 1683 2828; x_wconf 84' lang='lat'>--</span> 
     </span>
     <span class='ocr_line' id='line_1_16' title="bbox 192 2870 1643 2993; baseline -0.003 -24"><span class='ocrx_word' id='word_1_107' title='bbox 192 2888 271 2969; x_wconf 88' lang='lat' dir='ltr'>nim</span> <span class='ocrx_word' id='word_1_108' title='bbox 293 2887 380 2967; x_wconf 83' lang='lat' dir='ltr'>vitae</span> <span class='ocrx_word' id='word_1_109' title='bbox 397 2885 436 2966; x_wconf 79' lang='lat' dir='ltr'>de</span> <span class='ocrx_word' id='word_1_110' title='bbox 460 2883 645 2971; x_wconf 72' lang='lat' dir='ltr'>doctrine</span> <span class='ocrx_word' id='word_1_111' title='bbox 660 2880 883 2968; x_wconf 79' lang='lat' dir='ltr'>Christiana</span> <span class='ocrx_word' id='word_1_112' title='bbox 905 2879 958 2961; x_wconf 87' lang='lat' dir='ltr'>est</span> <span class='ocrx_word' id='word_1_113' title='bbox 978 2880 1116 2961; x_wconf 74' lang='lat' dir='ltr'>Sancta</span> <span class='ocrx_word' id='word_1_114' title='bbox 1140 2873 1318 2976; x_wconf 82' lang='lat' dir='ltr'>Ecclesia,</span> <span class='ocrx_word' id='word_1_115' title='bbox 1336 2883 1375 2961; x_wconf 73' lang='grc' dir='ltr'>δε</span> <span class='ocrx_word' id='word_1_116' title='bbox 1400 2870 1510 2976; x_wconf 88' lang='lat' dir='ltr'>illud,</span> <span class='ocrx_word' id='word_1_117' title='bbox 1526 2882 1643 2993; x_wconf 89' lang='lat' dir='ltr'>quod</span> 
     </span>
     <span class='ocr_line' id='line_1_17' title="bbox 191 2987 1641 3132; baseline -0.001 -49"><span class='ocrx_word' id='word_1_118' title='bbox 191 2994 261 3132; x_wconf 79' lang='lat' dir='ltr'>vel</span> <span class='ocrx_word' id='word_1_119' title='bbox 290 2998 402 3083; x_wconf 84' lang='lat' dir='ltr'>Deus</span> <span class='ocrx_word' id='word_1_120' title='bbox 435 2991 641 3123; x_wconf 78' lang='lat' dir='ltr'>revelavit,</span> <span class='ocrx_word' id='word_1_121' title='bbox 656 3002 698 3117; x_wconf 84' lang='lat' dir='ltr'>in</span> <span class='ocrx_word' id='word_1_122' title='bbox 716 3111 719 3115; x_wconf 15' lang='grc' dir='ltr'>Ι</span> <span class='ocrx_word' id='word_1_123' title='bbox 737 2990 810 3081; x_wconf 85' lang='lat' dir='ltr'>luis</span> <span class='ocrx_word' id='word_1_124' title='bbox 850 2988 982 3092; x_wconf 86' lang='lat' dir='ltr'>libris,</span> <span class='ocrx_word' id='word_1_125' title='bbox 1012 2987 1212 3123; x_wconf 20' lang='lat' dir='ltr'>vel-,quod</span> <span class='ocrx_word' id='word_1_126' title='bbox 1234 2992 1354 3079; x_wconf 68' lang='lat' dir='ltr'>dietat</span> <span class='ocrx_word' id='word_1_127' title='bbox 1376 2988 1462 3079; x_wconf 86' lang='lat' dir='ltr'>sana</span> <span class='ocrx_word' id='word_1_128' title='bbox 1488 2998 1525 3078; x_wconf 75' lang='lat' dir='ltr'>bt</span> <span class='ocrx_word' id='word_1_129' title='bbox 1551 3019 1641 3113; x_wconf 72' lang='lat' dir='ltr'>vere</span> 
     </span>
     <span class='ocr_line' id='line_1_18' title="bbox 194 3137 1564 3201; baseline -0.004 -1"><span class='ocrx_word' id='word_1_130' title='bbox 194 3137 305 3201; x_wconf 83' lang='lat' dir='ltr'>rano.</span> <span class='ocrx_word' id='word_1_131' title='bbox 1561 3144 1564 3149; x_wconf 95' lang='lat'>·</span> 
     </span>
    </p>
   </div>
   <div class='ocr_carea' id='block_1_8' title="bbox 297 3226 1643 3404">
    <p class='ocr_par' dir='ltr' id='par_1_8' title="bbox 297 3226 1643 3404">
     <span class='ocr_line' id='line_1_19' title="bbox 297 3226 1643 3404; baseline 0.002 -34"><span class='ocrx_word' id='word_1_132' title='bbox 297 3276 471 3404; x_wconf 82' lang='lat' dir='ltr'>Regula</span> <span class='ocrx_word' id='word_1_133' title='bbox 510 3302 553 3393; x_wconf 83' lang='lat'>3·</span> <span class='ocrx_word' id='word_1_134' title='bbox 599 3260 859 3370; x_wconf 74' lang='lat' dir='ltr'>Perfciiio¹</span> <span class='ocrx_word' id='word_1_135' title='bbox 882 3273 1069 3371; x_wconf 81' lang='lat' dir='ltr'>animae</span> <span class='ocrx_word' id='word_1_136' title='bbox 1104 3294 1216 3370; x_wconf 91' lang='lat' dir='ltr'>non</span> <span class='ocrx_word' id='word_1_137' title='bbox 1245 3256 1465 3373; x_wconf 86' lang='lat' dir='ltr'>confistit</span> <span class='ocrx_word' id='word_1_138' title='bbox 1499 3226 1553 3371; x_wconf 88' lang='lat' dir='ltr'>in</span> <span class='ocrx_word' id='word_1_139' title='bbox 1572 3300 1643 3374; x_wconf 90' lang='lat' dir='ltr'>re·</span> 
     </span>
    </p>
   </div>
   <div class='ocr_carea' id='block_1_9' title="bbox 198 3399 1730 3549">
    <p class='ocr_par' dir='ltr' id='par_1_9' title="bbox 198 3399 1730 3549">
     <span class='ocr_line' id='line_1_20' title="bbox 198 3399 1730 3549; baseline -0.002 -31"><span class='ocrx_word' id='word_1_140' title='bbox 198 3408 573 3534; x_wconf 82' lang='lat' dir='ltr'>velationibus3</span> <span class='ocrx_word' id='word_1_141' title='bbox 623 3399 791 3547; x_wconf 88' lang='lat' dir='ltr'>neque</span> <span class='ocrx_word' id='word_1_142' title='bbox 826 3405 918 3512; x_wconf 84' lang='lat' dir='ltr'>illae</span> <span class='ocrx_word' id='word_1_143' title='bbox 955 3411 1069 3513; x_wconf 90' lang='lat' dir='ltr'>sunt</span> <span class='ocrx_word' id='word_1_144' title='bbox 1104 3433 1304 3514; x_wconf 88' lang='lat' dir='ltr'>certum</span> <span class='ocrx_word' id='word_1_145' title='bbox 1339 3410 1536 3549; x_wconf 85' lang='lat' dir='ltr'>fignum</span> <span class='ocrx_word' id='word_1_146' title='bbox 1567 3419 1643 3519; x_wconf 91' lang='lat' dir='ltr'>in·</span> <span class='ocrx_word' id='word_1_147' title='bbox 1712 3413 1730 3467; x_wconf 72' lang='lat'>‘-</span> 
     </span>
    </p>
   </div>
   <div class='ocr_carea' id='block_1_10' title="bbox 198 3548 1647 3694">
    <p class='ocr_par' dir='ltr' id='par_1_10' title="bbox 198 3548 1647 3694">
     <span class='ocr_line' id='line_1_21' title="bbox 198 3548 1647 3694; baseline 0.003 -35"><span class='ocrx_word' id='word_1_148' title='bbox 198 3562 387 3661; x_wconf 87' lang='lat' dir='ltr'>terioris</span> <span class='ocrx_word' id='word_1_149' title='bbox 424 3559 593 3694; x_wconf 85' lang='lat' dir='ltr'>gratiae</span> <span class='ocrx_word' id='word_1_150' title='bbox 634 3558 687 3653; x_wconf 90' lang='lat' dir='ltr'>in</span> <span class='ocrx_word' id='word_1_151' title='bbox 728 3559 1001 3686; x_wconf 84' lang='lat' dir='ltr'>recipiente</span> <span class='ocrx_word' id='word_1_152' title='bbox 1045 3548 1391 3657; x_wconf 77' lang='lat' dir='ltr'>revelationes,</span> <span class='ocrx_word' id='word_1_153' title='bbox 1497 3580 1647 3692; x_wconf 82' lang='lat' dir='ltr'>Neque</span> 
     </span>
    </p>
   </div>
   <div class='ocr_carea' id='block_1_11' title="bbox 200 3687 1647 4264">
    <p class='ocr_par' dir='ltr' id='par_1_11' title="bbox 200 3687 1647 4264">
     <span class='ocr_line' id='line_1_22' title="bbox 200 3687 1646 3807; baseline 0 -29"><span class='ocrx_word' id='word_1_154' title='bbox 200 3697 286 3779; x_wconf 88' lang='lat' dir='ltr'>huic</span> <span class='ocrx_word' id='word_1_155' title='bbox 302 3691 459 3806; x_wconf 81' lang='lat' dir='ltr'>Regulae</span> <span class='ocrx_word' id='word_1_156' title='bbox 481 3691 622 3790; x_wconf 83' lang='lat' dir='ltr'>obstat,</span> <span class='ocrx_word' id='word_1_157' title='bbox 639 3691 753 3804; x_wconf 88' lang='lat' dir='ltr'>quod</span> <span class='ocrx_word' id='word_1_158' title='bbox 769 3692 811 3793; x_wconf 72' lang='grc'>5.</span> <span class='ocrx_word' id='word_1_159' title='bbox 829 3689 1021 3789; x_wconf 85' lang='lat' dir='ltr'>Theresra,</span> <span class='ocrx_word' id='word_1_160' title='bbox 1035 3691 1255 3797; x_wconf 20' lang='lat' dir='ltr'>ubi-tradat</span> <span class='ocrx_word' id='word_1_161' title='bbox 1273 3691 1325 3775; x_wconf 89' lang='lat' dir='ltr'>de</span> <span class='ocrx_word' id='word_1_162' title='bbox 1345 3687 1544 3778; x_wconf 84' lang='lat' dir='ltr'>altioribus</span> <span class='ocrx_word' id='word_1_163' title='bbox 1561 3720 1646 3807; x_wconf 87' lang='lat' dir='ltr'>gra·</span> 
     </span>
     <span class='ocr_line' id='line_1_23' title="bbox 205 3799 1646 3920; baseline -0.001 -27"><span class='ocrx_word' id='word_1_164' title='bbox 205 3810 313 3893; x_wconf 86' lang='lat' dir='ltr'>dibus</span> <span class='ocrx_word' id='word_1_165' title='bbox 336 3811 549 3902; x_wconf 86' lang='lat' dir='ltr'>orationis,</span> <span class='ocrx_word' id='word_1_166' title='bbox 575 3810 615 3887; x_wconf 89' lang='lat'>&amp;</span> <span class='ocrx_word' id='word_1_167' title='bbox 636 3811 676 3887; x_wconf 87' lang='lat' dir='ltr'>in</span> <span class='ocrx_word' id='word_1_168' title='bbox 698 3800 827 3919; x_wconf 72' lang='lat' dir='ltr'>miultis</span> <span class='ocrx_word' id='word_1_169' title='bbox 850 3801 932 3906; x_wconf 84' lang='lat' dir='ltr'>aliis</span> <span class='ocrx_word' id='word_1_170' title='bbox 951 3806 1049 3889; x_wconf 86' lang='lat' dir='ltr'>locis</span> <span class='ocrx_word' id='word_1_171' title='bbox 1068 3799 1191 3889; x_wconf 80' lang='lat' dir='ltr'>soleat</span> <span class='ocrx_word' id='word_1_172' title='bbox 1210 3805 1352 3905; x_wconf 85' lang='lat' dir='ltr'>dicere,</span> <span class='ocrx_word' id='word_1_173' title='bbox 1382 3808 1496 3920; x_wconf 90' lang='lat' dir='ltr'>quod</span> <span class='ocrx_word' id='word_1_174' title='bbox 1518 3820 1646 3892; x_wconf 83' lang='lat' dir='ltr'>anime</span> 
     </span>
     <span class='ocr_line' id='line_1_24' title="bbox 204 3913 1647 4032; baseline 0 -25"><span class='ocrx_word' id='word_1_175' title='bbox 204 3923 268 4007; x_wconf 75' lang='lat' dir='ltr'>liet</span> <span class='ocrx_word' id='word_1_176' title='bbox 283 3951 332 4006; x_wconf 82' lang='lat' dir='ltr'>ex</span> <span class='ocrx_word' id='word_1_177' title='bbox 353 3949 465 4032; x_wconf 87' lang='lat' dir='ltr'>parte</span> <span class='ocrx_word' id='word_1_178' title='bbox 484 3922 581 4024; x_wconf 89' lang='lat' dir='ltr'>Dei,</span> <span class='ocrx_word' id='word_1_179' title='bbox 607 3919 720 4032; x_wconf 92' lang='lat' dir='ltr'>quod</span> <span class='ocrx_word' id='word_1_180' title='bbox 742 3919 862 4002; x_wconf 85' lang='lat' dir='ltr'>ambo</span> <span class='ocrx_word' id='word_1_181' title='bbox 884 3919 922 4004; x_wconf 86' lang='lat' dir='ltr'>se</span> <span class='ocrx_word' id='word_1_182' title='bbox 943 3913 1172 4031; x_wconf 76' lang='lat' dir='ltr'>intelligant,</span> <span class='ocrx_word' id='word_1_183' title='bbox 1191 3921 1364 4028; x_wconf 77' lang='lat' dir='ltr'>&amp;quod</span> <span class='ocrx_word' id='word_1_184' title='bbox 1387 3918 1483 4005; x_wconf 91' lang='lat' dir='ltr'>tales</span> <span class='ocrx_word' id='word_1_185' title='bbox 1511 3928 1647 4007; x_wconf 78' lang='lat' dir='ltr'>anitnae</span> 
     </span>
     <span class='ocr_line' id='line_1_25' title="bbox 207 4027 1647 4148; baseline -0.001 -29"><span class='ocrx_word' id='word_1_186' title='bbox 207 4061 307 4121; x_wconf 81' lang='lat' dir='ltr'>certa</span> <span class='ocrx_word' id='word_1_187' title='bbox 325 4034 409 4140; x_wconf 76' lang='lat' dir='ltr'>fine,</span> <span class='ocrx_word' id='word_1_188' title='bbox 431 4043 564 4121; x_wconf 85' lang='lat' dir='ltr'>Deum</span> <span class='ocrx_word' id='word_1_189' title='bbox 584 4027 762 4117; x_wconf 84' lang='lat' dir='ltr'>cumillis</span> <span class='ocrx_word' id='word_1_190' title='bbox 781 4030 916 4148; x_wconf 87' lang='lat' dir='ltr'>loqui;</span> <span class='ocrx_word' id='word_1_191' title='bbox 946 4038 985 4117; x_wconf 80' lang='grc' dir='ltr'>δι</span> <span class='ocrx_word' id='word_1_192' title='bbox 1002 4029 1147 4118; x_wconf 83' lang='lat' dir='ltr'>limilia.</span> <span class='ocrx_word' id='word_1_193' title='bbox 1201 4037 1277 4116; x_wconf 89' lang='lat' dir='ltr'>Hic</span> <span class='ocrx_word' id='word_1_194' title='bbox 1298 4038 1402 4118; x_wconf 88' lang='lat' dir='ltr'>enirn</span> <span class='ocrx_word' id='word_1_195' title='bbox 1421 4037 1564 4119; x_wconf 77' lang='lat' dir='ltr'>modus</span> <span class='ocrx_word' id='word_1_196' title='bbox 1583 4032 1647 4118; x_wconf 85' lang='lat' dir='ltr'>lo·</span> 
     </span>
     <span class='ocr_line' id='line_1_26' title="bbox 211 4142 1646 4264; baseline -0.005 -27"><span class='ocrx_word' id='word_1_197' title='bbox 211 4152 343 4263; x_wconf 84' lang='lat' dir='ltr'>quendi</span> <span class='ocrx_word' id='word_1_198' title='bbox 362 4181 448 4237; x_wconf 88' lang='lat' dir='ltr'>non</span> <span class='ocrx_word' id='word_1_199' title='bbox 471 4148 595 4234; x_wconf 88' lang='lat' dir='ltr'>debet</span> <span class='ocrx_word' id='word_1_200' title='bbox 615 4146 664 4231; x_wconf 89' lang='lat' dir='ltr'>fic</span> <span class='ocrx_word' id='word_1_201' title='bbox 684 4142 862 4261; x_wconf 84' lang='lat' dir='ltr'>intelligi,</span> <span class='ocrx_word' id='word_1_202' title='bbox 879 4145 986 4262; x_wconf 83' lang='lat' dir='ltr'>quast</span> <span class='ocrx_word' id='word_1_203' title='bbox 1003 4148 1181 4242; x_wconf 79' lang='lat' dir='ltr'>admittat</span> <span class='ocrx_word' id='word_1_204' title='bbox 1202 4147 1471 4241; x_wconf 83' lang='lat' dir='ltr'>certitudinem</span> <span class='ocrx_word' id='word_1_205' title='bbox 1490 4148 1543 4236; x_wconf 90' lang='lat' dir='ltr'>de</span> <span class='ocrx_word' id='word_1_206' title='bbox 1561 4171 1646 4264; x_wconf 81' lang='lat' dir='ltr'>gra·</span> 
     </span>
    </p>
   </div>
   <div class='ocr_carea' id='block_1_12' title="bbox 309 4258 1646 4401">
    <p class='ocr_par' dir='ltr' id='par_1_12' title="bbox 309 4258 1646 4401">
     <span class='ocr_line' id='line_1_27' title="bbox 309 4258 1646 4401; baseline -0.01 -43"><span class='ocrx_word' id='word_1_207' title='bbox 309 4258 923 4365; x_wconf 56' lang='lat' dir='ltr'>&amp;annumeraretur</span> <span class='ocrx_word' id='word_1_208' title='bbox 1055 4396 1060 4401; x_wconf 17' lang='grc' dir='ltr'>ι</span> <span class='ocrx_word' id='word_1_209' title='bbox 1216 4265 1254 4350; x_wconf 88' lang='grc' dir='ltr'><strong>Χ</strong></span> <span class='ocrx_word' id='word_1_210' title='bbox 1466 4384 1469 4388; x_wconf 15' lang='grc' dir='ltr'>Ι</span> <span class='ocrx_word' id='word_1_211' title='bbox 1593 4261 1646 4345; x_wconf 80' lang='lat' dir='ltr'>tit</span> 
     </span>
    </p>
   </div>
   <div class='ocr_carea' id='block_1_13' title="bbox 0 0 1892 4988">
    <p class='ocr_par' dir='ltr' id='par_1_13' title="bbox 0 0 1892 4988">
     <span class='ocr_line' id='line_1_28' title="bbox 0 0 1892 4988; baseline 0 0"><span class='ocrx_word' id='word_1_212' title='bbox 0 0 1892 4988; x_wconf 95' lang='lat' dir='ltr'> </span> 
     </span>
    </p>
   </div>
  </div>
 </body>
</html>
