3796 4994
618 253 925 348 Revelationes
959 257 1004 348 S.
1045 249 1285 350 Gertrudir.
1614 277 1677 388 ες
1810 318 1824 345 s

228 454 470 570 sequendum
491 457 658 568 rigorem
678 456 826 540 ordinis
855 461 1119 569 cujuscunque
1140 452 1396 567 professionis,
1424 482 1513 541 cum
1537 485 1614 572 ego
1638 466 1678 553 in
1739 484 1744 493 ·

181 558 189 577 ⁶
229 573 421 656 infinitum
448 575 567 683 magis
595 566 764 654 delecter
784 575 822 652 in
846 598 921 675 una
947 595 1100 653 amante
1123 575 1261 665 anima,
1286 569 1406 681 quarn
1425 573 1464 653 in
1489 580 1598 658 omni
1620 573 1678 665 la-

229 686 328 771 bore
356 690 395 766 dt
419 684 602 767 erescitio
628 681 830 794 corporali.
896 688 937 766 Si
968 689 1055 798 quis
1087 707 1215 765 tamen
1252 680 1566 771 certitudinaliter
1596 717 1682 778 non

228 797 431 884 trabitur&
458 803 584 909 spiritu
618 826 711 880 meo
738 799 788 880 ad
815 800 989 908 quietem
1019 792 1358 907 contemplationis
1387 805 1426 880 δι
1451 824 1584 891 tamen
1611 833 1682 891 ne.

226 910 339 1027 gligit
374 911 845 995 Ordinem‘obstudium
876 909 1190 1022 concupiscendae
1219 908 1583 1024 contemplationis,
1612 915 1680 1004 ille

226 1025 335 1142 quali
353 1018 434 1110 tion
458 1052 618 1110 vocatus
650 1028 803 1109 videtur
826 1020 862 1109 se
883 1026 934 1109 ad
962 1020 1129 1109 inensam
1156 1030 1256 1138 regis
1276 1052 1439 1136 ponere,
1463 1056 1549 1113 cum
1571 1034 1690 1123 ordi-.

228 1167 339 1224 natus
368 1139 421 1224 'stt
457 1142 662 1223 ministrare
697 1141 746 1223 ad
778 1138 961 1223 mensam.
1045 1142 1101 1223 lta
1137 1134 1421 1241 Revelationes.
1506 1145 1587 1228 Sed
1618 1175 1679 1233 re·

226 1255 407 1366 sponderi
436 1253 538 1339 forte
560 1255 700 1364 potest,
723 1248 786 1335 hic
812 1280 892 1336 non
921 1247 1074 1337 excludi
1098 1248 1344 1338 necessarium
1379 1253 1598 1342 consensum
1635 1266 1690 1348 &·

227 1368 554 1478 approbationem
585 1370 823 1479 Superiorisr
880 1373 1002 1451 immo
1047 1370 1147 1450 hanc
1186 1363 1358 1478 regulam
1407 1374 1538 1479 potius
1581 1371 1676 1460 fuis·
1788 1411 1791 1416 ·

226 1481 265 1568 le
301 1481 430 1566 datam
464 1485 662 1594 Superiori
684 1510 760 1594 pro
785 1479 823 1571 se
844 1487 885 1568 δι
914 1480 1074 1568 subditis
1094 1484 1298 1597 tegendis,
1331 1480 1452 1595 quam
1470 1483 1558 1598 ipsts
1588 1486 1676 1574 lub-

227 1599 330 1683 ditis.

345 1824 543 1933 ,XXVL
616 1825 672 1932 L.
714 1860 758 1952 3.
806 1824 866 1931 C.
912 1831 995 1961 ⁶9·
1067 1822 1292 1930 Christus
1338 1825 1402 1933 ad
1453 1830 1500 1937 S.
1557 1832 1676 1942 Ger·
1775 1907 1788 1927 i.

224 1966 566 2073 trudemait:
641 1967 749 2107 Ego
800 1969 892 2072 tibi
929 1970 1112 2093 adero,
1158 1965 1212 2072 &
1247 1969 1442 2107 fingulis
1479 1967 1674 2085 vicibus

227 2111 421 2247 septem
457 2110 784 2215 Sacramenta
821 2105 1073 2215 efficacius
1109 2118 1162 2213 in
1198 2120 1495 2219 animatua
1529 2152 1674 2223 reno·
1790 2157 1793 2163 ’

195 2251 391 2377 ¹nabo,
427 2252 584 2391 quant
622 2251 748 2363 ullus
791 2249 1036 2357 Sacerdos
1072 2249 1153 2356 vel
1204 2250 1443 2361 Pontifex
1477 2261 1672 2394 septem

221 2397 416 2498 vicibus
473 2392 706 2532 perficere
765 2391 976 2530 poffet;
1059 2391 1178 2532 Ego
1229 2405 1369 2500 enim
1433 2402 1670 2539 sanguine

220 2565 346 2639 meo
379 2535 678 2672 baptizabo,
722 2545 774 2639 in
810 2547 996 2641 virtute
1029 2537 1250 2639 vidoriar
1292 2569 1423 2646 meae
1461 2564 1511 2646 te
1548 2573 1671 2663 con·

220 2673 475 2797 firmab0‚
516 2689 570 2783 in
620 2674 929 2814 persedione
978 2676 1286 2784 saniliffimae
1338 2687 1672 2794 conversatio·

218 2826 300 2925 nis
348 2850 498 2924 meae·
526 2843 580 2924 te
637 2818 955 2924 consecrabo.
1010 2814 1108 2924 dte.
1153 2815 1250 2946 dte.
1323 2851 1469 2932 ttaer
1489 2847 1670 2959 propofi.

218 2962 292 3057 tio,
315 2983 360 3043 ut
380 2965 492 3067 jacet,
514 2961 668 3044 videtur
697 2987 887 3056 erronea,
911 2961 1004 3074 quia
1034 2958 1060 3042 st
1089 2962 1156 3043 ista
1179 2984 1330 3047 tantum
1362 2958 1462 3043 fiunt
1492 2988 1562 3070 per
1582 2966 1670 3046 imi·
1751 2992 1760 3016 Ι

216 3078 431 3171 tationem,
469 3102 515 3158 ac
548 3071 846 3161 similitudinem,
880 3099 962 3156 non
993 3074 1113 3157 debet
1140 3069 1213 3157 illis
1239 3074 1398 3157 adscribi
1430 3081 1554 3176 major
1585 3071 1685 3158 effi·-

218 3192 347 3283 cacia,
377 3189 496 3301 quim
525 3187 612 3300 ipsts
639 3191 919 3285 Sacramenns,
948 3192 987 3271 in
1016 3215 1187 3301 quorum
1217 3209 1487 3298 contemptum
1511 3187 1666 3274 videtur

216 3303 360 3384 cedere
391 3305 460 3385 iste
496 3302 642 3387 modus
685 3305 726 3385 lo
759 3298 894 3409 uendi
999 3302 1081 3386 Sed
1100 3350 1113 3373 s
1122 3297 1347 3414 responderi
1390 3302 1551 3412 potest,
1600 3299 1677 3389 hlc‘
1831 3322 1833 3327 ’

214 3419 256 3500 8.
275 3416 462 3502 Gertrudi
490 3444 537 3500 ex
563 3412 715 3527 speciali
730 3330 875 3500 lavore
912 3418 1085 3529 promitti
1115 3424 1301 3518 maiorem
1334 3417 1519 3529 gratiam,
1542 3416 1666 3530 quiin

215 3525 308 3612 ellet
335 3534 454 3641 gratia
481 3558 529 3614 ex
553 3556 675 3641 opere
698 3554 884 3642 operat0;
914 3529 1027 3728 ‹puod
1045 3526 1302 3642 privilegitnn,
1334 3556 1376 3615 ut
1397 3553 1479 3617 etat
1502 3525 1667 3643 fingule-

212 3669 271 3743 re,
299 3670 385 3729 non
416 3644 469 3757 eil
496 3646 726 3734 trahendum
753 3646 795 3730 in
819 3639 936 3761 leque
952 3650 1014 3754 am
1037 3639 1209 3759 respeon
1236 3638 1411 3732 aliorum.
1438 3656 1443 3665 ‘

596 4076 601 4083 ’
752 4042 760 4051 f
904 4070 1012 4205 L3
1184 4088 1192 4098 “
1396 4066 1660 4187 'xxva
