3796 4994
488 277 495 285 ¹
609 317 809 418 Revelat.
830 315 884 414 de
902 320 1091 454 Agreda.
1119 242 1286 420 Parsl.
1331 406 1340 433 ,,
1570 356 1596 424 2
1608 314 1681 454 5⁵7¹
1748 328 1785 469 f'

340 535 437 608 226.
468 526 509 606 B.
532 524 655 634 Virgo
687 546 767 607 erat
792 523 948 633 praedita
971 520 1124 609 scientil
1152 522 1277 610 infusi
1300 524 1668 614 etiam'natutaliurn

223 640 387 725 artiums
414 636 602 747 perhanc
627 631 817 721 scientiam
840 644 1028 750 cognovit
1058 644 1191 722 omnia
1212 636 1393 723 naturalia
1413 645 1453 723 &
1486 640 1667 753 superna·

224 745 374 848 toralia,
408 747 585 834 decentia
606 750 767 838 Deums'
794 755 832 833 &
861 776 941 835 erat
969 754 1050 837 haec
1081 748 1235 837 scientia
1258 775 1385 851 mata,
1414 777 1457 839 ut
1486 753 1510 840 a
1537 763 1666 866 primo

224 866 450 949 momento‘
463 863 534 946 suae
564 865 851 974 Conceptionis
880 868 920 948 in
951 890 1065 952 utero
1101 892 1277 954 materno
1310 863 1398 980 plus
1433 863 1581 953 sciverit
1613 871 1666 955 de

224 980 318 1063 Deo
338 982 379 1062 δι
402 984 480 1084 ejus
494 977 693 1088 operibus,
719 976 838 1090 quim
868 974 1059 1065 sciverunt
1086 1006 1227 1066 omnes
1261 1005 1459 1079 creatura,
1496 1006 1664 1092 excepto

223 1093 394 1192 Christo,
419 1096 459 1175 δι
486 1086 604 1174 scient
628 1117 697 1200 per
714 1114 849 1175 totam
881 1098 1143 1181 eternitatem.
1224 1089 1405 1182 Similiter
1433 1094 1517 1207 ipfi.
1533 1093 1665 1181 infulae

220 1202 306 1289 sunt
327 1230 463 1290 omnes
493 1209 653 1288 virtutes
669 1199 835 1289 morales
856 1209 897 1288 &
919 1203 1125 1297 naturalem
1154 1235 1228 1294 nec
1242 1208 1496 1295 consistebant
1515 1209 1666 1295 tantam

221 1322 263 1403 in
284 1319 431 1416 habitu,
454 1315 521 1403 sed
547 1323 661 1403 etiarn
680 1322 720 1404 in
740 1315 878 1405 anuali
896 1325 1081 1407 exercitio
1099 1348 1230 1408 rmum
1253 1327 1464 1426 amionem,
1486 1350 1575 1438 qooe
1594 1325 1662 1408 de·

224 1432 365 1518 cebant
380 1439 460 1540 ejus
484 1434 632 1516 statum.

341 1596 434 1664 227.
464 1571 508 1650 B.
541 1569 663 1674 Virgo
680 1568 720 1649 in
744 1590 856 1651 utero
880 1592 1059 1653 materno
1091 1576 1206 1666 etiam
1233 1578 1406 1657 exercuit
1432 1578 1561 1657 aliurn
1587 1573 1661 1656 Re·

218 1678 397 1793 ligionist
425 1687 695 1791 &propterea
723 1679 790 1763 suo
817 1677 957 1793 pusillo
975 1681 1317 1793 corpusculofecit
1338 1690 1661 1799 genuflexionem.

220 1801 307 1880 Hac
332 1796 604 1943 genuflexionj
628 1789 720 1907 plus
737 1798 965 1906 promeruit,
990 1796 1111 1909 quim
1131 1824 1271 1884 omnes
1292 1803 1425 1883 sanati
1446 1801 1487 1882 in
1505 1794 1660 1883 &mmo

220 1914 332 2023 apice
356 1903 573 1995 sanctitatis.
1222 1962 1226 1971 ι
1687 1996 1691 2007 ,

339 2061 433 2137 228.
457 2046 501 2126 ln
534 2063 740 2125 momento
775 2034 847 2126 suae
878 2041 1167 2154 conceptionis
1191 2041 1328 2129 habuit
1356 2041 1541 2129 vifionem
1566 2042 1659 2138 Dei,

220 2186 303 2243 non
325 2159 486 2272 quidem
512 2159 754 2251 intuitivam‚
782 2180 953 2240 attamen
979 2184 1049 2269 per
1066 2153 1210 2269 species
1240 2159 1448 2244 divinitatis
1477 2180 1556 2240 tam
1584 2150 1660 2238 eli·
1813 2166 1818 2175 '

220 2300 347 2355 rasae
370 2272 586 2367 distinctas,
619 2293 661 2351 ut
694 2264 876 2379 per'illas
904 2269 1097 2356 ellenriatn
1128 2274 1233 2372 Dei,
1269 2297 1315 2356 ac
1351 2275 1392 2356 in
1427 2297 1473 2354 ca
1505 2267 1659 2356 essentia

221 2413 358 2472 omnes
390 2410 578 2470 creaturas
601 2408 678 2467 tam
702 2376 802 2466 clari
820 2386 1035 2494 agnoverim·
1064 2410 1111 2467 ac
1130 2410 1206 2471 una
1223 2410 1394 2471 creatura
1417 2380 1591 2497 agnoscit
1619 2407 1658 2463 a·

219 2495 322 2586 liam.
406 2493 482 2585 lllae
501 2493 642 2610 species
662 2493 819 2579 fuerunt
841 2497 953 2581 instar
972 2491 1137 2608 speculi,
1162 2502 1201 2581 in
1225 2527 1308 2611 quo
1332 2498 1535 2581 videbatur
1562 2496 1660 2579 divi·

219 2619 317 2699 nitas
339 2640 426 2696 cum
446 2610 627 2697 omnibus
657 2615 845 2694 creaturis·
928 2613 976 2695 Et
1008 2638 1077 2721 per
1103 2612 1172 2694 has
1195 2609 1337 2723 species
1367 2608 1500 2695 clarius
1522 2634 1568 2692 ac
1598 2606 1657 2690 di·

214 2732 383 2812 stinctius
403 2731 561 2841 agnovit
577 2751 715 2810 omnes
735 2750 934 2823 creaturas,
951 2751 1068 2839 quam
1083 2750 1147 2809 eas
1171 2728 1362 2840 cognovit
1380 2752 1450 2838 per
1464 2721 1657 2808 scientiam

216 2839 600 2952 MQQO
1376 2882 1380 2887 ·
1604 2878 1609 2889 ·

333 3006 351 3057 ι
362 3002 379 3076 3
394 3002 426 3059 1.
452 2974 537 3076 Jam
554 2995 647 3054 tunc
665 2973 779 3053 etiam
799 2952 897 3053 vidit·
914 2964 1001 3053 suos
1019 2964 1126 3055 mille
1151 2966 1312 3169 opelos
1327 2969 1528 3065 custodes,
1555 2988 1660 3079 quos
1769 2956 1774 2965 ’

214 3090 337 3173 statim
355 3089 542 3185 invitavit,
563 3109 605 3168 ιιι
620 3078 832 3167 alternatim
850 3084 1098 3169 decantarent
1119 3078 1185 3171 lau
1213 3112 1255 3169 es
1278 3086 1377 3173 Deir
1416 3087 1456 3167 ἃ
1479 3076 1567 3194 ipiis
1588 3078 1657 3159 de·

214 3206 423 3303 nuntiavit,
444 3202 524 3285 hoc
539 3193 634 3283 'fore
654 3192 822 3310 ipsorum
852 3192 1032 3282 Officium
1062 3226 1133 3309 per
1154 3194 1354 3285 decursum
1382 3201 1478 3283 vitae.
1545 3197 1659 3276 Tunc

215 3323 330 3409 eriam
355 3316 517 3428 agnovit
544 3338 682 3395 omnes
713 3305 803 3393 suos
831 3312 1022 3414 Maiores,
1043 3337 1168 3424 usqae
1191 3312 1242 3396 ad
1262 3298 1423 3421 rltlatnr¹
1444 3316 1484 3392 &
1507 3299 1656 3390 benefi-

217 3435 275 3515 cia
301 3430 439 3516 iDeo
465 3425 552 3540 ipsas
572 3427 743 3537 ptaestita.
832 3426 1168 3536 Quandoautetn
1193 3422 1355 3543 agnovit
1378 3420 1526 3538 lapsum
1547 3416 1655 3506 Ada-

214 3549 282 3645 mi,
304 3538 480 3657 profudit
511 3536 684 3651 copiolas
703 3535 915 3621 lachrimas.
1413 3646 1416 3653 Ι
1485 3566 1491 3575 ·

271 3708 366 3782 232.
402 3681 541 3789 Itaque
567 3676 689 3758 statim
724 3697 818 3756 tunc
843 3668 987 3759 obtulit
1017 3701 1152 3788 preces
1180 3702 1254 3788 pro
1286 3698 1431 3789 genere
1464 3672 1654 3771 humano,

212 3823 303 3908 quat
325 3793 480 3988 suprunt
507 3792 741 3901 acceptiores
762 3787 886 3887 Deo,
914 3785 1034 3901 quim
1055 3815 1190 3901 preces
1220 3795 1396 3877 omnium
1424 3790 1655 3877 Sanctorum

212 3917 252 3993 δι
273 3934 514 4021 angrorum.

307 4134 368 4224 D.
382 4132 428 4218 Ε.
440 4134 498 4221 A.
517 4128 753 4221 deRevelat.
770 4129 874 4219 Pars
892 4128 947 4217 11.
1163 4133 1240 4220 Kk
1405 4227 1414 4237 ,
1559 4144 1655 4231 234.
