3690 4988
520 286 719 384 Revelats
740 287 783 384 S.
808 276 1056 413 Elifh'betbae
1072 280 1320 415 Schdnaug.
1525 256 1616 413 193¹

174 488 361 575 liSanlia
386 490 439 572 ita
461 480 591 572 locuta
617 491 670 573 est
688 488 739 572 de
762 487 944 573 omnibus
968 482 1039 571 suis
1063 486 1286 586 viroribus,
1316 486 1416 569 iuter
1440 510 1536 599 quas
1562 514 1624 573 te·

171 609 375 717 periunrur
402 608 441 684 dt
462 598 536 685 fals
557 664 569 687 .

288 715 527 800 Undecimo.
583 718 621 799 S.
645 707 859 796 Elisabetha
888 714 1085 797 veritatem
1112 710 1260 798 suarum
1296 712 1484 797 vilionum
1512 707 1624 795 nullis

172 828 321 942 probat
336 825 548 924 miraculis,
572 853 637 911 aut
655 822 736 910 aliis
762 827 911 909 indiciis
946 831 1277 915 charadieristicist
1317 824 1384 911 sed
1407 830 1624 909 econtrario

171 948 308 1057 potius
333 948 371 1024 in
403 970 448 1023 ea
471 962 704 1024 concurrunt
728 967 781 1023 eat
811 937 926 1025 causae
960 946 999 1023 δι
1033 942 1339 1038 circumstantiae,
1378 950 1463 1052 qua
1498 936 1622 1022 solent

172 1052 329 1141 causare
353 1048 548 1139 illufiones
570 1054 783 1166 phantasia.
839 1054 923 1138 Cur
948 1082 1043 1167 ergo
1066 1059 1181 1138 etiam
1210 1081 1297 1136 cum
1320 1055 1623 1137 comminatione

170 1172 295 1283 exigit
325 1166 579 1253 indubitatam
611 1168 769 1251 fidem?
810 1170 852 1251 Ρ.
883 1164 1172 1251 Mallcbranche
1201 1169 1240 1248 in
1270 1166 1338 1248 suo
1365 1170 1546 1249 Tradatu
1570 1166 1621 1248 de

171 1281 410 1395 inquirenda
432 1286 591 1365 veritate
611 1282 653 1364 L.
677 1310 714 1362 2.
734 1282 784 1365 C.
804 1296 841 1365 6.
861 1282 1035 1392 explicat,
1059 1280 1268 1394 quomodo
1288 1284 1508 1391 imaginario
1527 1304 1622 1390 qua·

172 1396 343 1483 rundarn
368 1388 673 1477 muliercularum
695 1386 902 1490 illudatur,
930 1422 1013 1507 quar
1043 1418 1179 1506 putant
1199 1388 1236 1476 se
1257 1389 1331 1476 elle
1354 1394 1480 1505 sagas,
1503 1388 1620 1504 seque

173 1508 375 1597 transferri
406 1513 446 1590 in
479 1531 693 1589 conventus
719 1503 887 1619 sagatum
912 1514 1138 1591 nodurnos.
1223 1510 1286 1589 Sic
1313 1506 1449 1590 habet:
1491 1510 1622 1591 Pallor

170 1620 239 1709 seu
258 1618 386 1733 opilio
410 1624 449 1703 in
472 1614 566 1702 ovili
587 1644 712 1702 narrat
734 1624 821 1731 post
837 1647 987 1704 coenam
1009 1648 1140 1705 coram
1164 1622 1345 1703 uxore&
1377 1615 1519 1720 liberis,
1535 1646 1621 1731 quoe

173 1738 285 1851 geilo
307 1730 464 1817 fuerunt
482 1738 521 1816 in
541 1757 739 1817 conventu
759 1760 983 1845 magorums
1017 1760 1104 1817 cum
1128 1757 1255 1818 autem
1273 1730 1386 1846 ipfius
1400 1734 1623 1845 imaginatio

171 1846 389 1961 vaporibus
414 1850 492 1929 vini
523 1846 608 1929 latis
633 1853 709 1951 jam
742 1848 892 1943 aestuet,
928 1851 967 1929 dr
988 1842 1026 1931 se
1054 1841 1251 1931 multoties
1278 1851 1503 1959 imaginario
1533 1847 1623 1927 huic

174 1962 396 2047 conventui¹
412 1954 618 2043 interfuisse
642 1983 834 2054 autumat,
864 1957 916 2045 de
947 1974 1000 2043 eo'
1022 1961 1197 2073 energice
1220 1964 1259 2042 dt
1281 1957 1409 2043 vivide
1434 1956 1621 2072 loquitur.

175 2078 358 2187 lngenita
379 2074 520 2185 pallori
549 2076 774 2185 eloquentia
802 2100 888 2155 cum
920 2097 1009 2186 apta
1040 2078 1159 2157 totius
1188 2068 1339 2158 familia
1375 2074 1623 2185 dilpoiitione

177 2192 333 2273 adrem
353 2188 457 2270 adeo
484 2212 626 2270 novam
655 2193 694 2267 dt
715 2182 923 2291 terribilem
941 2188 1202 2300 accipiendam
1232 2194 1434 2295 conjunoia
1455 2182 1622 2299 ingentia

176 2302 257 2387 sare
277 2300 404 2403 dubio
423 2296 541 2383 eder'e
560 2298 680 2382 debet
704 2300 860 2411 vestigia
882 2305 921 2384 in
940 2298 1277 2413 imaginationibus
1299 2296 1519 2398 debilibus,
1549 2325 1623 2384 nec

177 2412 262 2501 fieri
288 2414 416 2525 potest
436 2417 531 2523 quin
554 2407 691 2495 mulier
712 2418 752 2494 δι
782 2410 914 2513 tenelli
945 2408 1056 2497 liberi
1090 2415 1149 2497 his
1175 2413 1315 2498 auditis
1341 2413 1622 2525 obstupescant,

176 2534 255 2615 toti
278 2552 519 2639 occupentur
551 2554 596 2609 ac
623 2530 911 2611 convincantur.
996 2530 1155 2611 Maritus
1175 2528 1229 2610 est
1248 2532 1288 2608 δι
1312 2554 1461 2635 parens,
1491 2531 1560 2639 qui
1578 2553 1622 2611 ea

177 2663 320 2736 narrat,
345 2667 432 2753 quae
451 2638 530 2750 ipse
550 2640 646 2722 vidit
668 2645 707 2720 δι
728 2635 831 2721 fecit.
890 2635 1014 2724 Asuis
1033 2666 1179 2723 amatur
1204 2643 1243 2721 dr
1265 2638 1431 2727 coliturr
1468 2667 1535 2724 cur
1557 2638 1625 2752 ipst

175 2754 300 2841 fidem
329 2780 411 2837 non
431 2754 692 2836 adhiberent?
718 2752 822 2837 idem
878 2782 917 2841 er
936 2750 1082 2838 multos
1103 2754 1184 2837 dies
1205 2761 1344 2864 repetit
1361 2758 1500 2865 pastor.
1545 2758 1606 2838 Ve

181 2872 291 2983 lligia
321 2870 603 2979 imaginationis
631 2870 760 2949 matris
787 2872 827 2948 dt
847 2782 1059 2951 liberorum
1084 2872 1265 2980 magis&
1292 2874 1413 2981 magis
1442 2862 1623 2950 crescunt.

178 2986 229 3069 lis
249 2976 445 3065 assuefacti
466 3005 653 3091 metuque
671 2975 824 3063 excullo
840 2984 1035 3065 convictio
1054 3006 1243 3069 remanets
1271 3006 1316 3063 ac
1331 2978 1432 3093 ipsos
1451 2984 1623 3089 denique

181 3098 441 3183 Conventum
463 3092 654 3191 adeundi,
681 3119 845 3204 remque
864 3088 936 3177 suis
972 3088 1096 3176 oculis
1129 3090 1330 3207 usurpandi
1353 3091 1496 3177 incessit
1518 3096 1620 3201 cupi-

182 3206 259 3297 dos
289 3202 367 3291 sele
390 3232 558 3317 ungunts
601 3206 693 3288 dein
729 3207 951 3316 cornpofitis
982 3212 1022 3291 in
1051 3202 1155 3289 ledo
1182 3209 1362 3291 membris
1400 3210 1465 3289 ilia
1495 3204 1624 3289 cordis

179 3318 432 3435 dispofitione
450 3315 619 3430 ipsorum
639 3323 716 3402 irna
744 3323 862 3403 inatio
890 3316 1120 3417 effervescit3
1149 3325 1302 3432 vestigia
1325 3316 1493 3431 ipsorum
1520 3347 1623 3405 cere·

179 3434 260 3521 bro
286 3432 310 3518 a
330 3434 482 3545 pallore
510 3430 682 3543 imprella
711 3346 796 3515 latis
830 3434 1115 3544 adaperiuntur,
1134 3458 1178 3517 ut
1199 3461 1268 3543 per
1291 3429 1470 3541 somnum
1488 3461 1626 3523 onmes

183 3550 415 3635 ceremonia
442 3551 597 3659 magicae
614 3543 682 3629 stbi
706 3542 899 3659 descripta
922 3571 1050 3629 morus
1068 3571 1252 3659 tanquam
1270 3544 1473 3743 praesentes
1505 3552 1627 3633 &ex-

181 3654 366 3749 ninstcus
391 3664 576 3743 excitatos
595 3658 778 3767 judicent.
864 3660 1074 3771 Postquam
1102 3686 1269 3773 experge
1288 3667 1359 3746 acii
1388 3661 1626 3746 surrexerunt

183 3770 262 3861 lese
300 3796 439 3857 mutuo
481 3775 744 3884 interrogant,
781 3798 826 3854 ac
861 3773 929 3856 fibi
961 3797 1099 3857 mutuo
1134 3775 1232 3885 quid
1267 3776 1433 3860 viderint
1464 3800 1626 3863 narrant

183 3894 279 3975 Hoc
307 3886 434 3971 modo
462 3888 617 4079 vestiFia
648 3885 802 3969 visionis
834 3884 1097 3983 confirmant,
1127 3914 1172 3968 ac
1197 3892 1266 3998 qui
1301 3894 1399 3972 inter
1433 3916 1503 3972 eos
1533 3892 1626 3971 ima·

178 4003 385 4119 ginatione
407 3995 531 4108 pollet
566 4002 713 4098 ortiori,
734 4003 830 4082 intra
849 4026 988 4109 paucas
1014 4006 1150 4085 nodles
1168 4004 1430 4114 imaginariam
1457 4002 1627 4083 conven-

282 4114 344 4201 D.
358 4114 406 4198 E.
418 4108 731 4199 A.deRe·vetat.
748 4112 851 4198 Pars
865 4114 921 4200 ΙΙ.
1193 4117 1263 4198 Bb
1566 4114 1625 4196 tris
