3796 4994
210 299 308 401 260
624 288 897 423 Regularum
924 271 1249 383 Sanamrriunss

327 495 467 616 Regula
496 525 533 597 3.
588 497 699 577 Circa
731 488 987 576 revelationes
1016 482 1239 602 probabiles
1259 436 1450 598 'praciam
1475 483 1662 600 adeoque

210 618 361 716 dubias,
383 613 567 720 judicium
593 608 741 693 tamdiu
770 605 1081 717 suspendendum
1120 608 1194 703 eli,
1225 603 1356 686 donec
1389 627 1565 714 tempus,
1598 623 1664 682 aut

210 759 373 821 examen
405 723 540 810 melius
585 729 749 808 certiora
779 745 937 834 retegat.
1005 720 1102 834 Syb.
1130 720 1225 831 Reg.
1257 748 1293 821 3.
1319 718 1423 801 Cast.
1444 719 1538 828 Reg.
1568 744 1604 817 ς.
1624 743 1663 813 7.

174 905 177 911 -
211 853 292 935 Pie.
314 850 409 956 Reg.
435 872 473 942 7.
505 870 570 940 ¹7·

325 1064 439 1148 Ratio
459 1060 525 1156 est,
543 1062 635 1169 quia
655 1055 860 1169 prudentia
888 1055 1031 1152 disier,
1051 1047 1287 1137 intelleeium
1314 1080 1394 1137 non
1421 1049 1497 1138 else
1520 1057 1665 1141 temere

213 1179 494 1293 exponendum
524 1177 662 1255 erroris
698 1166 892 1283 pericul0‚
919 1163 1025 1282 quali
1057 1193 1187 1251 tamen
1217 1163 1255 1250 se
1280 1194 1516 1279 exponeret,
1540 1170 1567 1255 fi
1594 1174 1663 1255 hac

132 1333 136 1340 ’
211 1306 254 1384 in
278 1295 435 1378 materia
463 1281 698 1371 assentiretur
731 1281 902 1369 alterutri
937 1285 1251 1367 contradictionis
1276 1289 1372 1395 patri
1393 1286 1549 1395 praecise
1576 1312 1663 1397 pro-

166 1494 169 1499 .
211 1402 346 1496 babili.
404 1407 517 1487 Dixi:
558 1404 598 1487 in
623 1397 694 1485 bac
726 1403 900 1496 materia,
933 1403 1024 1511 quia
1056 1402 1227 1508 inprimis
1257 1393 1360 1481 nulla
1392 1408 1499 1512 cogit
1539 1429 1662 1486 rerum

213 1523 451 1638 agendarum
470 1515 677 1609 necessitas,
701 1538 744 1599 ur
760 1542 916 1627 agamus
940 1513 1211 1625 dependenter
1230 1511 1253 1595 a
1279 1517 1446 1629 veritate·
1459 1512 1662 1600 revelatio

213 1666 321 1733 num,
350 1660 470 1746 atque
492 1660 540 1715 ex
567 1658 617 1714 eo
636 1629 713 1714 fine
737 1625 1036 1713 connaturaliter
1062 1628 1247 1732 judicium
1270 1623 1546 1737 speculativum
1573 1658 1662 1713 eon·

215 1754 430 1840 formemus
448 1749 594 1851 judicio
613 1747 808 1856 pradicoe
843 1770 976 1855 neque
999 1745 1052 1824 est
1071 1768 1117 1823 ea
1144 1743 1278 1824 harum
1308 1750 1511 1836 veritatum
1532 1745 1662 1829 eondi-

196 1875 291 1965 tio,
317 1891 358 1948 ut
379 1887 423 1945 ea
445 1858 666 1974 regulariter
685 1886 773 1942 vera
800 1856 892 1958 sint,
910 1885 996 1969 quae
1021 1855 1230 1939 secundum
1257 1853 1402 1942 cursum
1431 1858 1661 1943 ordinarium

217 1978 412 2068 causarum
435 1977 614 2059 videntur
639 1967 879 2088 probabilius
923 1970 1112 2082 eoquod
1139 1975 1177 2053 in
1203 1970 1275 2054 leae
1300 1979 1457 2058 materia
1483 1974 1664 2087 frequen

219 2096 354 2194 tissime
375 2115 604 2175 concurrant
626 2083 739 2172 eausa
763 2081 1101 2199 praeternaturales,
1120 2079 1303 2175 videlicet
1323 2084 1466 2172 secreta
1488 2094 1663 2202 operatio

163 2308 175 2324 ‚
220 2212 470 2296 doemonum.
527 2202 673 2287 Hincsr
706 2208 795 2315 quis
824 2202 996 2311 objiciat,
1020 2198 1134 2313 quod
1158 2202 1199 2283 in
1232 2197 1534 2300 aliis'materiis‚
1569 2233 1605 2287 v.
1630 2231 1663 2316 g.

219 2321 409 2418 civilibus,
435 2315 657 2417 moralibus,
683 2313 929 2429 theologicis.
949 2321 1024 2418 dec.
1078 2342 1158 2397 non
1194 2311 1441 2424 suspendatur
1470 2325 1572 2402 circa
1603 2347 1663 2401 ve·

169 2468 176 2477 ¹
213 2432 348 2526 ritates
376 2428 599 2549 probabiles
616 2433 815 2540 judicium,
835 2429 1125 2543 despondetur,
1146 2431 1187 2514 id
1209 2425 1332 2516 foliam
1360 2430 1495 2517 locum
1526 2433 1665 2519 babere

95 2551 97 2555 ⁴
218 2561 261 2641 in
280 2581 332 2637 co
356 2551 599 2655 objectorum
620 2576 777 2661 genere,
797 2551 835 2628 in
858 2573 942 2659 quo
965 2539 1026 2629 vel
1049 2545 1246 2657 dirigimur
1264 2547 1314 2629 ad
1335 2552 1523 2644 aeliones',
1544 2542 1608 2630 vel
1628 2550 1663 2631 in

221 2695 306 2784 quo
336 2691 416 2747 non
445 2660 541 2749 solet
565 2690 651 2745 cum
680 2663 913 2745 authoritate
941 2664 979 2742 de
1001 2664 1151 2742 ratione
1183 2660 1239 2746 de¹
1264 2658 1302 2744 se
1333 2660 1531 2774 probabili
1552 2668 1664 2750 inter·

218 2784 352 2867 venite
379 2803 458 2862 tam
482 2776 668 2891 frequens
696 2778 881 2888 deceptio
906 2767 1155 2858 doemonum.

334 3006 478 3129 Regula
508 3040 548 3111 4.
584 3118 587 3126 Ι
623 3011 725 3091 Νοη
762 3007 815 3089 est
854 3030 999 3090 certum
1043 3004 1213 3120 siguum,
1247 3004 1527 3096 revelationem
1552 3011 1669 3100 ellel

222 3131 341 3223 Deo,
365 3126 392 3211 fi
426 3127 479 3208 est
503 3128 708 3228 conjunsta
733 3148 820 3204 cum
847 3125 1100 3231 praenuntiato
1120 3121 1337 3206 futurorum
1361 3133 1668 3240 contingentium

160 3346 165 3353 1
221 3270 375 3330 eventu.
463 3241 576 3322 Ratio
596 3239 662 3330 est,
685 3240 776 3346 quia
797 3238 835 3315 δι
857 3236 1020 3321 doemon
1049 3235 1175 3318 futura
1207 3243 1471 3348 contingentia
1496 3241 1669 3358 aliquan·

145 3372 155 3384 '
221 3361 277 3442 do
306 3349 473 3468 pressit,
501 3352 662 3464 quando
682 3346 863 3432 videlicet
888 3377 932 3432 ea
960 3351 1187 3458 dependent
1221 3350 1244 3434 ri
1274 3351 1380 3436 cursu
1403 3353 1597 3442 caularum
1620 3357 1673 3443 se·

221 3473 455 3557 eundarumt
485 3462 699 3579 aliquando
722 3491 766 3547 ea
791 3458 915 3548 causat
938 3465 1062 3548 caulas
1086 3462 1275 3549 naturales
1302 3475 1599 3556 commovendo
1635 3480 1672 3557 de

149 3580 152 3585 ’
222 3582 362 3671 liberas
384 3578 639 3677 sollicitand0,
658 3576 870 3693 aliquando
903 3581 996 3663 verb
1017 3606 1063 3664 ea
1087 3576 1201 3663 valde
1220 3578 1475 3692 probabiliter
1494 3592 1673 3690 conjicit,

224 3700 419 3784 ordinaria
444 3697 612 3778 Decreta
632 3689 843 3777 voluntatis
863 3695 1000 3776 divinae
1023 3718 1087 3776 aut
1110 3697 1284 3778 bumana
1304 3725 1378 3808 pro
1399 3697 1585 3788 fimilibus
1606 3707 1676 3788 cir·

36 3783 41 3796 ’
157 3910 160 3917 ,
222 3813 450 3897 constantiis
486 3806 778 3921 cognoscendo.
818 3810 985 3939 ‘Script
1016 3811 1491 3930 Reg.-1.SS.†Pat.Reg.
1523 3846 1680 3925 13·¹5·

111 3977 114 3980 ·
218 3926 582 4042 Thyt.Reg.3.5.
1131 3957 1136 3967 ¹
1277 3958 1322 3965 ·*

1528 4190 1683 4279 Dantur
