3796 4994
162 325 259 436 198
598 309 774 443 Regula
794 338 853 410 ex
881 313 927 408 S.
954 300 1165 445 Therefit.

264 519 436 649 Regula
484 547 562 618 ιο.
633 511 816 622 DEUS
874 526 929 623 in
972 513 1244 626 vifionibus
1283 522 1447 623 eriam
1487 524 1612 624 veris

77 793 81 801 ¹
158 658 475 796 quandoque
519 669 814 794 promittit,
853 663 1049 799 semper
1094 658 1434 769 exaudiendas
1488 692 1616 799 quo·

158 797 383 902 tundam
419 831 607 937 preces.
678 832 722 914 In
746 823 919 911 suavita
937 830 989 912 c.
1011 858 1076 931 39·
1093 832 1168 912 arn
1211 829 1319 912 eum
1343 821 1467 913 semet
1479 833 1631 915 nmo,

161 937 296 1025 tiffime
313 968 491 1053 precarer
513 945 660 1039 Deum,
682 968 724 1026 ut
747 937 860 1026 alicui
881 941 1068 1054 persona,
1089 947 1151 1026 eui
1172 938 1488 1055 obligatam,
1513 948 1617 1029 resti-

159 1077 292 1138 tueret
313 1052 456 1157 visum,
488 1084 609 1170 quem
645 1054 731 1142 fere
763 1053 936 1140 totaliter
959 1052 1154 1145 amiseratt
1187 1060 1367 1141 timerem
1393 1083 1618 1156 autemut

154 1175 759 1400 mentiemini&
771 1199 867 1370 „en
885 1172 1442 1372 ”dirimam
1456 1177 1619 1375 miii}

159 1397 843 1603 ffiffipffggtmffiffi
862 1397 1455 1601 iff‘ias‘tii'iniiffesi
1473 1400 1617 1605 ⁹30⁰&

137 1627 348 1715 'Preterea
364 1627 554 1742 promitit,
579 1657 645 1712 me
663 1626 759 1713 nihil
773 1653 1033 1745 precatorum,
1053 1630 1169 1744 quod
1186 1627 1267 1744 ipse
1288 1658 1374 1714 non
1400 1547 1499 1718 effg
1523 1662 1615 1719 eon·

158 1741 340 1841 eeffurus,
366 1749 554 1858 quiajam
575 1741 731 1845 sciebat,
752 1772 817 1830 me
845 1739 942 1828 nihil
965 1752 1197 1856 petituram,
1222 1741 1292 1829 nisi
1315 1746 1437 1859 quod
1459 1746 1614 1859 eederet

155 1857 209 1946 ad
230 1867 309 1968 ejus
332 1861 548 1943 honorem:
577 1856 745 1961 addidit,
766 1856 805 1944 se
820 1861 955 1943 hanci
986 1855 1061 1944 sam
1086 1863 1318 1970 petitionem
1340 1862 1545 1949 exaudire.
1570 1867 1611 1948 Et

155 1999 291 2059 revera
302 1978 402 2057 intra
421 1980 516 2059 οᾶο
530 1978 679 2059 circiter
697 1976 781 2060 dies
802 1970 859 2060 illi
878 2003 904 2087 p
963 2001 1048 2059 ooae
1066 1971 1163 2060 visus
1175 1971 1251 2060 finit
1272 1974 1484 2063 restitutur.
1525 1983 1610 2063 Pot-

157 2089 216 2172 est
239 2087 402 2200 quidem
424 2093 665 2201 contingere,
692 2089 734 2171 id
760 2117 843 2173 non
869 2090 926 2173 ob
944 2115 1050 2174 meas
1082 2115 1232 2202 preces,
1249 2083 1317 2173 sed
1341 2116 1392 2173 ex
1414 2085 1605 2176 aliacausr

155 2198 302 2287 fadum
321 2198 420 2303 eise3
448 2206 542 2317 quia
564 2228 695 2286 tamen
715 2205 816 2287 hanc
835 2202 1019 2288 vifionem
1038 2206 1266 2305 habueram,
1287 2208 1341 2289 ira
1363 2230 1472 2290 eram
1498 2232 1601 2303 cem,

158 2340 203 2403 ut
219 2315 299 2402 fine
313 2315 549 2404 hafitatione
569 2343 779 2430 propterea
795 2320 889 2402 Deo
913 2324 1052 2432 gratias
1072 2325 1229 2432 egerim.
1300 2318 1456 2404 ibidem
1479 2323 1530 2407 C.
1548 2349 1599 2416 ιι.

157 2437 235 2518 ait:
262 2438 420 2517 Petrum
440 2434 493 2518 de
514 2429 721 2518 Alcantara
746 2435 836 2545 post
854 2439 935 2539 ejus
958 2461 1128 2538 mortem
1154 2429 1252 2548 sape
1279 2434 1363 2517 vidi
1389 2430 1517 2549 gloria
1542 2439 1598 2519 cir·

159 2546 399 2633 cumdatum.
453 2551 591 2633 Statim
625 2577 668 2634 ut
694 2548 796 2634 obiit
820 2549 916 2633 mihi
945 2555 1143 2660 apparuit,
1178 2548 1293 2663 quod
1326 2553 1366 2632 de
1396 2546 1482 2634 aliis
1506 2550 1594 2647 dixi3

155 2662 249 2775 post
280 2662 485 2747 odtiduum
524 2667 629 2749 venit
654 2668 813 2748 nuntius
843 2665 896 2747 de
918 2667 998 2768 ejus
1023 2664 1149 2747 obitu.
1224 2659 1355 2748 Semel
1383 2666 1479 2749 mihi
1504 2667 1593 2747 Deus

119 2864 126 2871 ,
159 2776 279 2869 dixitt
308 2783 506 2862 neminem
527 2778 698 2888 inhujus
719 2781 790 2864 vin‘
808 2781 972 2864 nomine
987 2772 1137 2892 aliquid
1152 2781 1380 2891 periturum,
1395 2781 1510 2897 quod
1527 2802 1589 2862 noo
1629 2864 1634 2869 .

156 2886 252 2978 ‘effer
264 2896 551 3006 impetraturus.
1611 2920 1614 2925 ·

155 3220 163 3233 .
270 3140 418 3230 Venim
442 3148 540 3228 eirca
564 3142 664 3227 hanc
687 3136 862 3226 ultimam
888 3140 929 3224 S.
955 3137 1144 3226 Theresrae
1180 3139 1370 3227 vifionem
1397 3169 1444 3229 ac
1467 3138 1587 3227 dodri·

155 3284 263 3355 nam,
283 3262 325 3343 in
349 3284 428 3373 qua
456 3261 677 3341 continetur
700 3254 898 3367 promiffio
921 3255 973 3340 de
1003 3254 1256 3340 exaudiendis
1276 3256 1459 3369 precibus
1485 3259 1589 3361 hujus·

154 3373 269 3463 modi
295 3370 638 3485 promiisrone's,sr
663 3399 796 3456 revera
824 3370 922 3454 datae
956 3367 1042 3456 sunt
1062 3398 1132 3482 per
1163 3397 1185 3454 a
1215 3376 1450 3482 paririonem
1470 3394 1588 3462 veram,

154 3482 305 3597 semper
328 3484 413 3572 sunt
435 3487 550 3572 taciti
575 3487 872 3583 conditionata,
897 3479 966 3569 sub
990 3482 1068 3598 ipsa
1097 3399 1283 3572 videficet
1311 3475 1591 3592 conditionerfi

154 3597 281 3701 debite
295 3613 503 3714 petantur,
524 3629 576 3686 eo
600 3604 756 3700 ordine,
774 3628 820 3684 ac
837 3599 988 3697 modo,
1009 3628 1094 3713 quo
1124 3602 1253 3701 decet,
1284 3599 1370 3686 urai
1387 3603 1483 3687 Deo
1501 3623 1592 3685 exau
1643 3618 1647 3629 ·

72 3714 97 3751 ²
155 3716 323 3804 diantut.
381 3721 484 3802 Hinc
504 3744 586 3800 non
608 3713 694 3801 sunt
711 3713 909 3801 censenda
931 3742 1029 3799 verae
1052 3712 1343 3827 promissiones‚
1374 3744 1464 3830 quae
1484 3709 1593 3800 exsut
1620 3754 1632 3787 ι

153 3854 290 3938 natura
311 3827 398 3916 sunt
415 3832 695 3931 exorbitantes,
718 3860 755 3914 ν.
779 3860 815 3943 g.
843 3857 932 3942 quae
949 3829 1121 3942 prebent
1142 3829 1389 3932 occafionem
1412 3829 1593 3923 socordia,

154 3973 243 4060 quae
272 3944 468 4059 spondent
501 3945 823 4045 eonversronem,
864 3945 932 4027 aur
955 3948 1216 4056 apparitiones
1245 3949 1288 4028 in
1319 3942 1487 4033 articulo
1511 3970 1596 4035 mot·

153 4069 217 4164 tis,
241 4069 317 4149 &o
335 4068 412 4149 &e
441 4087 507 4148 aut
526 4059 797 4147 liberationem
817 4061 1110 4145 determinatam
1131 4058 1153 4143 ὲ
1174 4072 1418 4174 purgatorio.
1476 4046 1598 4149 Simili·

1549 4199 1634 4261 tet
