3796 4994
718 206 888 333 Regula
909 233 965 298 ex
991 209 1044 302 P.
1070 194 1181 336 Orfi.
1562 138 1660 341 2'319

214 402 342 502 lutus,
383 406 429 489 in
463 408 520 490 uit
557 400 763 502 Eusebius,
794 403 851 501 Εἴ
877 403 1096 493 Alcibiades
1124 433 1170 493 cc
1207 400 1430 493 Theodotus
1464 414 1556 495 lunc
1577 413 1661 521 pri·
1789 490 1793 495 .

214 548 301 606 mum
339 521 385 605 itt
414 433 580 633 illirpgia
613 522 785 628 opinione
814 513 1003 607 horminum
1039 531 1217 628 tauquam
1251 520 1445 632 Propheta
1479 519 1661 609 celebrari

215 636 429 745 cepissent,
458 629 604 736 (mulia
630 637 759 744 quippe
787 629 927 718 divina
954 638 1092 749 gratia
1115 632 1297 719 miraculo
1324 641 1364 721 io
1390 631 1561 744 pluribus
1589 636 1669 727 Ec,

216 746 323 856 closis
350 750 467 831 etiam
495 756 575 832 tum
602 746 689 852 pieri
709 744 828 857 silita
853 743 965 852 fidem
994 745 1169 857 plurimis
1190 745 1402 857 faciebant,
1426 773 1490 831 eos
1518 775 1662 859 quoque

211 855 470 975 prophetare)
516 887 668 970 cumque
707 857 857 946 illorum
895 856 1081 945 lominum
1119 859 1230 975 cauflr
1266 859 1426 969 diffemfio
1455 871 1537 948 oria
1566 864 1664 969 effes,

216 980 276 1084 qui
301 977 343 1060 im
374 970 507 1058 Gallia
542 983 653 1060 erant
668 977 820 1084 fraires
840 973 1083 1086 scripserant.
1111 979 1184 1058 dcc.
1270 981 1361 1058 Haec
1386 976 1436 1057 de
1467 979 1668 1060 Montani·
1722 1083 1725 1088 ἰ

218 1092 353 1174 uarum
395 1090 511 1169 initiis
548 1083 752 1175 Eusebiuss
798 1115 845 1170 ex
878 1088 1020 1200 quibus
1052 1115 1170 1171 nemo
1202 1116 1284 1172 non
1316 1085 1429 1171 facile
1456 1083 1665 1200 intelliget,

221 1230 299 1287 eam
334 1228 406 1311 per
433 1201 512 1285 haec
541 1225 719 1312 tempora
751 1206 788 1282 in
814 1200 977 1283 Ecclesia
1009 1198 1116 1284 suisle
1143 1204 1364 1284 divinorum
1398 1201 1664 1285 charismatum

221 1318 451 1408 ubertatem,
469 1337 511 1396 ut
531 1340 578 1397 ex
600 1342 650 1396 eo
673 1316 781 1397 firma
813 1320 1031 1421 conjectura
1059 1321 1142 1425 capi
1167 1343 1250 1397 non
1277 1311 1413 1425 posset,
1442 1309 1596 1426 aliquos
1620 1342 1668 1398 ex

223 1426 329 1514 Albo
358 1428 640 1538 Prophetarum
671 1429 953 1539 expungendos
973 1424 1074 1523 esse,
1099 1429 1211 1540 quod
1240 1455 1327 1510 curn
1356 1453 1493 1539 magna
1522 1427 1666 1512 fiducia

224 1544 496 1652 propheticum
521 1539 689 1650 spiritum
719 1540 951 1652 usurparent.
1010 1546 1190 1643 Ejusdem
1220 1541 1324 1624 Libri
1347 1542 1399 1622 C.
1428 1555 1491 1624 16.
1512 1537 1683 1654 aliqttot'

229 1651 321 1738 illius
345 1658 415 1736 aevi
433 1657 647 1764 Scriptores
670 1679 862 1737 memorat
870 1694 883 1752 ,-
906 1658 974 1765 qui
998 1658 1246 1737 Montaniilas
1272 1652 1488 1764 gravissimis
1510 1654 1667 1766 Scriptis

231 1772 474 1880 exagitarunt,
494 1772 533 1849 δι
553 1794 601 1851 ex
617 1766 850 1879 quibusdam
872 1763 1011 1878 longas
1034 1767 1137 1850 bene
1161 1767 1292 1868 misnae
1318 1763 1440 1864 affert,
1460 1769 1501 1850 in
1523 1768 1665 1878 quibus

237 1908 380 1964 cernere
402 1882 477 1976 est,
503 1907 587 1992 quo
611 1881 806 1990 signorum
834 1908 977 1990 genere
1000 1906 1149 1964 veteres
1179 1877 1233 1963 illi
1258 1885 1385 1964 Patres
1407 1875 1667 1963 adulterinum

238 1995 403 2077 Montani
426 1987 594 2103 spiritum
619 1995 955 2105 deprehenderint
1038 1999 1176 2078 Praeter
1195 2018 1337 2106 pravos
1364 2020 1501 2077 eorum
1524 1998 1668 2094 mores,
1802 2098 1804 2103 Ι

243 2110 543 2191 &uicinorum
567 2101 766 2191 falsitatem
789 2101 886 2189 illud
918 2110 1089 2218 inprimis
1113 2112 1226 2192 novis
1248 2102 1351 2190 bisce
1371 2107 1577 2219 Prophetis
1595 2105 1668 2189 ob·

246 2221 410 2322 lectrum,
434 2218 552 2333 quod
580 2215 686 2303 velut
713 2224 894 2330 arreptitii
919 2219 1046 2304 subito
1082 2221 1261 2333 quodam
1287 2219 1420 2304 furore
1457 2248 1503 2304 ac
1529 2222 1669 2303 mentis

250 2330 374 2419 excellu
401 2331 571 2419 concussi
591 2329 717 2417 insana
743 2334 921 2446 quadam
944 2359 990 2416 ac
1016 2338 1381 2446 importunamque
1421 2328 1544 2419 aliena
1575 2359 1671 2441 pro·

251 2437 504 2558 loquerentur,
533 2470 667 2559 praeter
695 2473 847 2533 morem
870 2471 989 2559 atque
1023 2452 1232 2530 institutum
1264 2442 1436 2529 Ecclefiae
1464 2443 1668 2550 iMajori·

252 2553 305 2641 bus
327 2559 525 2655 traditum,
544 2565 583 2642 ἃ
605 2562 788 2644 continua
811 2558 994 2671 deinceps
1011 2559 1241 2646 successione
1263 2584 1531 2674 propagatum.
1567 2549 1670 2653 Nul-

255 2660 302 2753 libi
318 2696 445 2757 autem
469 2673 512 2756 id
537 2667 612 2757 illis
633 2670 850 2786 opposuiiie
870 2669 1055 2787 legimus,
1080 2677 1195 2789 quod
1227 2670 1401 2761 coelestes
1414 2665 1669 2758 revelationes

258 2783 639 2901 tunmtgnaliducia
664 2782 985 2899 praestolarentur.
1241 2816 1243 2820 ·

174 3020 186 3071 ἴ
341 3002 565 3098 Hiseidem
589 3014 829 3125 temporibus
859 3017 1010 3125 pietatis
1033 3013 1324 3096 &eruditionis
1353 3007 1468 3097 laude
1505 3008 1671 3094 florebat

174 3130 192 3225 ²,
257 3121 398 3233 inprimis
420 3127 596 3213 lrenaeus.
652 3131 709 3212 Ex
737 3124 907 3210 secundo
935 3123 1034 3210 illius
1064 3125 1241 3210 adversus
1273 3121 1429 3211 hareses
1456 3119 1559 3208 libro
1585 3120 1673 3206 inst·

174 3236 192 3292 ‘
257 3258 347 3344 guero
368 3233 503 3325 lomim
525 3236 653 3325 adfert
666 3237 870 3337 Eusebius,
898 3243 938 3323 in
959 3267 1044 3353 quo
1065 3242 1216 3336 divina,
1245 3244 1392 3351 inquit,
1423 3236 1675 3321 admirande·

174 3348 192 3402 ¹
258 3374 315 3460 que
332 3346 702 3463 virtutisspecimina
727 3354 856 3437 adhuc
883 3353 1073 3436 suaerate
1093 3357 1134 3434 in
1160 3353 1393 3466 quibusdam
1426 3344 1677 3434 ecclesisis·
1774 3366 1779 3374 ‘

174 3465 186 3513 l
256 3461 408 3571 punisse
445 3469 604 3550 testatur
631 3469 690 3550 his
721 3468 873 3551 verbis:
928 3461 1324 3574 Trimammium
1355 3475 1543 3549 mortuum
1573 3465 1677 3548 exei-

174 3588 181 3699 ζ
255 3584 318 3663 itti
337 3582 675 3691 perorationem,
718 3575 1022 3690 quemadmodum
1063 3579 1259 3666 Dominus
1296 3573 1355 3670 ὅ
1382 3577 1426 3662 Α
1450 3573 1555 3687 ostoli
1574 3579 1678 3686 fece·

256 3700 339 3778 atti.
412 3689 493 3783 Sed
516 3689 577 3787 Θ*
605 3690 859 3804 sepenumero
899 3698 1005 3778 inter
1032 3695 1182 3801 fratres
1216 3701 1300 3777 toto
1318 3601 1567 3801 fimusonius
1605 3686 1677 3773 loci
1712 3762 1749 3816 ἡ

256 3797 390 3916 decissa
421 3806 472 3895 ob
498 3802 665 3916 aliquam
700 3805 941 3913 ueceffitatem
969 3802 1010 3889 id
1031 3806 1231 3922 flagitante
1264 3833 1345 3889 cum
1367 3804 1523 3918 jejuniis
1553 3798 1680 3888 multis

256 3908 301 4008 θ’
323 3918 562 4012 mationibus
596 3915 826 4035 reversans
856 3923 896 4008 im
922 3941 1056 4032 corpus
1078 3919 1207 4007 anima
1236 3915 1424 4026 defundi,
1449 3913 1510 4014 δ’
1527 3913 1680 4108 surripi
