3796 4994
1596 196 1615 242 ὁ

407 199 435 215 ’
493 216 496 221 ’
641 245 916 380 Regularum
942 245 1264 350 Summanum.
1573 285 1598 353 ι
1610 285 1672 384 59

867 515 913 652 n.
995 555 1034 624 1.

257 747 358 882 De
389 749 907 884 Revelationibus
936 757 1249 929 genuinb,
1279 796 1626 932 earumque

771 947 915 1087 fignis
955 959 1113 1057 certis.

375 1219 509 1323 Epula.
544 1249 580 1308 t.
664 1217 784 1309 Nulla
823 1217 935 1308 ullius
960 1219 1128 1310 mulieris
1154 1222 1340 1311 revelatio
1370 1227 1592 1340 recipienda
1619 1227 1672 1312 est

402 1329 481 1424 stne
516 1338 668 1457 indiciis
707 1332 863 1422 aliunde
910 1345 1035 1453 certis.
1118 1343 1175 1424 lta
1209 1346 1253 1426 P.
1276 1392 1278 1395 v
1301 1347 1471 1427 Gravior
1504 1348 1598 1454 Reg.
1636 1370 1669 1429 r.

209 1248 525 1655 thbm}
564 1454 676 1536 Laut.
714 1455 807 1567 Reg.
847 1481 914 1541 ιι.
949 1456 1052 1594 Call.
1083 1457 1177 1569 Reg.
1216 1483 1280 1543 ro.
1313 1487 1377 1556 ¹7·
1415 1461 1510 1570 Reg.
1547 1461 1671 1546 Poem.

333 1758 428 1836 Haec
454 1748 673 1864 amplilsrma
702 1747 847 1863 Regula
873 1750 922 1835 fic
949 1747 1210 1867 intelligenda*
1230 1754 1307 1850 est,
1346 1780 1389 1841 ut
1418 1751 1557 1839 nullius
1586 1781 1674 1837 mu·
1795 1837 1800 1847 ,

227 1867 323 1953 lieris
356 1872 471 1950 etiam
498 1863 723 1951 sanetiffitnae
751 1870 1005 1951 determinata
1030 1874 1068 1952 in
1100 1862 1317 1978 particulari
1356 1867 1541 1954 revelatio
1570 1867 1671 1981 post·

234 1987 307 2066 tivo
325 1977 465 2065 allensu
489 1987 693 2094 recipiatur
711 2005 897 2093 tanquam
924 2010 1034 2087 veta,
1061 1972 1138 2065 aut‘
1154 2008 1337 2095 tanquam
1363 1981 1669 2079 veralcribatur,

240 2099 459 2205 predicetur,
485 2094 695 2208 usurpetur.
727 2101 801 2180 dcc.
858 2095 940 2180 Nisi
969 2103 1009 2179 in
1038 2094 1253 2205 particulari
1288 2100 1478 2209 probetur
1506 2127 1595 2183 vera
1623 2125 1671 2180 ex

250 2208 334 2320 signis
364 2209 599 2296 indubitatis.
658 2214 760 2294 Hinc
798 2214 889 2324 quia
916 2211 1140 2322 pauciffimae
1177 2206 1380 2298 mulierum
1417 2210 1672 2300 revelationes
1735 2220 1742 2225 '
1822 2226 1824 2233 ’

252 2322 365 2410 habent
385 2326 577 2427 ejusmodi
593 2325 810 2409 indubitata
832 2327 948 2438 fig‘na,
967 2324 1196 2439 paucilfimae
1224 2327 1310 2411 sane
1334 2329 1501 2442 positivo
1530 2322 1672 2414 ailensu

184 2446 191 2557 ¹.
255 2459 402 2554 tanquam
422 2468 521 2524 verae
542 2441 868 2554 recipiendae,-aut
896 2443 1216 2528 commendandae
1238 2437 1334 2528 sunt.
1464 2496 1466 2498 -

340 2620 492 2822 Regula.
526 2653 564 2706 r.
639 2616 760 2706 Nulla
799 2618 912 2706 ullius
956 2619 1126 2735 personae
1167 2620 1300 2709 sanetae
1346 2621 1532 2710 revelatio
1584 2648 1670 2708 tan·

260 2761 372 2965 pppm6
420 2735 472 2822 lsa
511 2738 718 2843 rejicienda
761 2741 814 2876 est
849 2738 929 2822 fine
964 2743 1115 2853 indiciis
1153 2734 1309 2826 aliunde
1351 2748 1476 2827 certis.
1593 2743 1671 2825 Pie.

184 3112 191 3167 ,
344 3046 431 3151 Haec
469 3031 617 3151 Regula
659 3032 709 3119 stc
746 3022 1111 3148 intelligen‘daeil,
1150 3061 1194 3120 ut
1223 3033 1294 3121 illae
1318 3024 1592 3130 revelationes,
1621 3034 1673 3118 de

184 3142 201 3259 s
262 3175 388 3260 quarum
415 3158 577 3240 veritate
603 3179 683 3233 non
710 3153 901 3235 habentur
924 3154 1066 3236 indicia
1090 3153 1318 3253 indubitata,
1342 3180 1422 3234 non
1445 3146 1579 3259 eoipso
1603 3150 1674 3232 sta-

262 3269 482 3381 tinpofitivo
514 3268 660 3368 iudicio
697 3267 911 3350 habeantur
939 3295 1004 3350 aut
1034 3263 1319 3380 proclamentur
1347 3296 1420 3378 pro
1446 3261 1560 3348 falfis.
1622 3268 1674 3346 Ut

261 3386 333 3467 enirn
365 3385 622 3469 demonstravi
661 3385 700 3464 in
729 3384 825 3463 Arte
861 3384 1030 3473 Criricas
1103 3377 1283 3465 uodlibet
1316 3383 1513 3485 objcdum
1543 3374 1673 3462 instro
1814 3460 1821 3469 ,

184 3536 186 3549 ¹
259 3498 349 3604 gradu
371 3493 655 3611 probabilitatis
677 3523 722 3580 ac
748 3491 1008 3581 credibilrraris
1037 3411 1312 3579 cdllocandum
1342 3500 1425 3581 est;
1473 3495 1673 3606 adeoque,
1887 3590 1896 3595 ,

184 3696 187 3709 ‚
256 3609 304 3695 ubi
325 3642 394 3700 nec
431 3616 674 3726 reperiuntur
709 3635 811 3695 certa
838 3635 1061 3722 argumenta
1091 3615 1258 3700 veritatis
1297 3605 1585 3705 aut-falfitatis,
1617 3617 1675 3710 ju·

252 3723 368 3813 dicium
404 3731 444 3811 in
470 3755 512 3811 te
558 3723 753 3837 probabili
790 3756 870 3809 non
903 3726 1238 3839 praecipitandum,
1278 3721 1368 3820 sed,
1411 3752 1461 3807 nc
1490 3721 1527 3806 se
1555 3747 1677 3806 teme-

249 3840 282 3925 re
307 3868 475 3958 exponat
517 3837 691 3955 periculo
734 3846 904 3939 errotis,
946 3837 1256 3954 iuspendendum
1301 3842 1367 3925 est.
1478 3844 1581 3923 Hinc
1621 3831 1642 3918 s
1659 3883 1677 3901 ·
1761 3885 1764 3888 <

243 3983 364 4071 quitur.
504 4035 506 4038 .
627 3980 633 3985 ’

879 4308 883 4315 p
933 4188 1010 4273 Kk
1042 4213 1064 4270 r
1537 4171 1681 4293 Regula
