3796 4994
39 235 61 276 l
100 242 106 252 .
203 264 329 435 't72
534 240 738 399 alevuu.
758 299 804 397 S.
831 287 1083 426 Ellstb‘ll‘
1113 295 1363 433 &hm

227 508 349 624 digne
374 503 400 594 d
425 499 607 590 fidelibus
632 502 775 588 Christi
801 502 909 587 omni
940 502 1094 586 honore
1122 494 1394 613 prosequenda
1419 497 1464 587 fit
1490 493 1558 588 illa
1586 502 1677 593 vere
1708 491 1711 500 ’

228 621 358 712 saneta
382 615 588 713 sodalitas,
613 643 731 729 quam
749 640 828 699 ιιιιι
845 609 1061 700 sublimium
1083 612 1333 728 personarum
1363 621 1553 703 comitam
1576 616 1674 719 dlvi·

126 942 130 947 ,
229 765 280 825 m
297 733 721 956 pablgbtaeabllporlalrtdbe
734 731 1126 956 tdeffigbtleelogimm
1150 866 1305 926 mecum
1330 835 1443 954 supet
1466 840 1554 945 h'u,
1582 871 1672 960 que

228 965 330 1050 dida
353 957 451 1057 sunt,
472 963 511 1042 dr
529 958 747 1041 desiderans
769 955 793 1041 d
814 959 991 1040 Domino
1005 958 1179 1066 accipere
1201 948 1473 1053 revelationes,
1494 976 1586 1071 que¹
1604 976 1672 1044 ert.

226 1075 461 1192 petebantur
488 1072 512 1158 ἰ
537 1098 612 1154 sne.
697 1075 744 1153 Et
766 1066 910 1152 saelum
931 1070 1007 1166 est,
1032 1091 1074 1152 ut
1092 1070 1351 1182 lupetveniret
1368 1065 1507 1153 festum
1529 1075 1671 1158 Beato·

226 1216 361 1279 rorum
388 1181 670 1296 Apostolorum
693 1188 877 1295 Syrnonis
907 1189 946 1266 dr
967 1181 1100 1286 juda,
1123 1183 1175 1266 de
1199 1183 1345 1295 quibus
1369 1183 1465 1266 dum
1486 1180 1670 1274 officium

226 1298 344 1389 Miffae
367 1295 648 1397 celebraretur,
680 1302 785 1380 venit
805 1291 914 1407 super
935 1322 1000 1379 mc
1020 1298 1197 1408 quaedam
1219 1293 1339 1407 pallio
1359 1294 1515 1394 cordis,
1548 1326 1670 1412 quam

255 1419 307 1498 ati
330 1410 520 1506 solebam,
554 1411 719 1524 quando
746 1416 910 1522 primurn
944 1410 1037 1492 mihi
1061 1404 1221 1493 revelari
1244 1413 1471 1520 inceperunt
1491 1416 1670 1523 mylleria

224 1445 329 1615 l)ei;
369 1553 536 1639 cumque
560 1528 626 1606 diu
654 1520 861 1636 defatigata
880 1519 1043 1619 fuillem,
1062 1529 1150 1606 veni
1167 1529 1206 1606 in
1230 1524 1407 1623 cansam,
1430 1521 1539 1606 &lic
1557 1531 1667 1639 quie·

224 1650 279 1728 vi.
348 1643 465 1724 Cum
486 1666 581 1750 ergo
598 1642 638 1719 in
659 1634 787 1748 spiritu
805 1664 912 1731 meo,
939 1634 1032 1720 licut
1051 1662 1137 1718 mos
1159 1637 1256 1719 muri
1272 1638 1350 1731 cll,
1369 1631 1515 1721 coelum
1540 1644 1666 1725 intue-

224 1785 301 1852 rer,
317 1750 553 1862 supradictus
565 1777 749 1862 martyres
770 1750 821 1833 de
838 1743 946 1833 coelo
963 1744 1155 1846 claritatis,
1175 1754 1214 1833 in
1231 1776 1316 1861 quo
1332 1746 1496 1835 sidones
1516 1746 1668 1838 sandio-

223 1898 310 1956 rum
336 1869 469 1951 videre
489 1862 613 1961 soleo,
636 1859 757 1977 longe
782 1860 1005 1947 inferiorem
1026 1886 1156 1946 aerem
1182 1861 1441 1974 praecedentes
1465 1865 1669 1978 conspexi·

224 2010 377 2095 eosque
402 1975 527 2064 fidelis
553 1979 678 2062 custos
711 1992 821 2060 meus
846 1971 1004 2089 angelus
1037 1978 1200 2060 Domini
1224 1975 1488 2086 precedebat,
1518 1982 1665 2092 quibus

173 2147 183 2162 ·
224 2123 305 2210 ego
332 2102 385 2178 ita
411 2117 455 2176 ιιι
478 2118 582 2176 eram
608 2095 649 2174 in
686 2086 815 2202 spiritu
846 2084 1014 2173 allocuta
1048 2092 1128 2173 sum
1166 2091 1325 2173 dicens:
1366 2094 1518 2202 Magne
1552 2095 1665 2182 beni-

223 2213 375 2325 gnitatis
397 2207 525 2290 veiirae
544 2205 624 2287 boe
645 2205 719 2298 eli,
744 2205 910 2288 Domini
935 2208 1037 2302 mei,
1064 2203 1180 2314 quod
1207 2229 1311 2287 nunc
1338 2228 1402 2287 me
1430 2210 1486 2294 ita
1513 2206 1664 2295 vilitate

221 2322 448 2436 dignamini,
470 2344 558 2401 curn
576 2312 669 2398 nibil
695 2311 833 2400 servitii
861 2315 975 2401 vobis
1010 2315 1262 2401 exhibuerim.
1342 2315 1409 2400 Ad
1436 2318 1520 2403 hac
1550 2321 1665 2408 beata

221 2431 375 2522 Veren‘a
399 2437 453 2516 ita
473 2425 692 2543 respondite
725 2429 941 2528 Senfimus,
975 2433 1163 2543 quoniam
1189 2424 1353 2514 multum
1382 2452 1457 2516 nos
1484 2435 1663 2522 invitavit

222 2547 452 2635 desiderium
478 2544 605 2629 cordis
626 2547 711 2640 tui,
740 2548 780 2626 ἃ
803 2567 1011 2655 propterea
1034 2547 1209 2628 venimus
1233 2542 1385 2628 vifitare
1407 2570 1461 2630 te.
1549 2554 1661 2634 Tunc

221 2665 461 2772 interrogans
487 2659 593 2743 dixi:
633 2658 807 2741 Domina
831 2683 933 2754 mea,
957 2657 1161 2769 quidhoc
1187 2656 1257 2741 fibi
1276 2654 1373 2758 vult,
1397 2660 1513 2772 quod
1538 2662 1581 2745 ln
1600 2658 1660 2749 lo·

52 2808 56 2829 ’
193 2799 464 2999 iiiiii
477 2778 731 2968 iiiiii
749 2765 1660 3003 ‘ffiiiiissfiiirs‘iliiilimffi

217 3002 454 3118 quibusdam
473 2995 667 3111 lapidibus
687 2991 766 3081 illic
793 2993 1067 3107 reperiuntur?
1102 3002 1141 3079 δι
1167 3003 1255 3109 quis
1277 2996 1352 3082 fuit
1372 3001 1548 3112 Scriptor
1570 2996 1660 3090 illo-

217 3121 341 3203 tum?
370 3118 428 3200 ,Et
447 3113 546 3198 dixit
579 3112 631 3196 ad
659 3136 745 3195 me:
787 3111 895 3195 Ante
926 3104 1045 3193 murlta
1073 3134 1252 3222 tempora
1285 3113 1336 3195 ad
1367 3114 1445 3196 hoc
1467 3117 1593 3226 ipsum
1617 3144 1657 3204 te

216 3225 410 3342 praelegit
431 3230 553 3324 Deus,
569 3248 615 3311 ur
629 3249 699 3320 ea,
717 3251 807 3337 qua
824 3225 1009 3307 haetenus
1035 3224 1089 3308 de
1117 3224 1234 3309 nobis
1254 3230 1453 3338 incognita
1485 3226 1657 3330 fuerunt,

215 3369 285 3455 per
301 3371 343 3427 te
358 3343 503 3425 faceret
535 3336 745 3423 manifesta.
829 3341 1041 3448 Propterea
1069 3334 1152 3422 noli
1182 3335 1283 3423 ferre
1322 3334 1510 3444 moleste,
1544 3345 1657 3457 quod

213 3455 266 3538 ad
293 3458 377 3538 lraec
398 3451 632 3566 inquirenda
660 3451 908 3563 quorundam
933 3450 1112 3562 precibus
1145 3446 1369 3538 sollicitaris.
1450 3456 1508 3541 Sit
1532 3464 1657 3567 injun-

215 3573 317 3652 cium
340 3565 428 3661 tibi,
446 3590 491 3649 ιιι
511 3570 622 3648 omni
642 3588 823 3676 tempore
854 3569 939 3649 vitae
955 3590 1028 3649 tue
1046 3591 1117 3678 per
1147 3561 1316 3678 fingulos
1337 3593 1462 3651 annos
1483 3573 1527 3652 in
1548 3577 1657 3686 Vigi-

212 3677 265 3766 lir
295 3677 473 3764 Paffionis
492 3678 629 3761 nollrae
655 3681 882 3789 inpane&
910 3703 1013 3790 aqua
1035 3685 1203 3785 jejuness
1239 3705 1305 3764 aut
1336 3679 1364 3765 fi
1388 3682 1470 3765 hoc
1492 3681 1655 3797 implere

214 3818 299 3880 non
319 3818 448 3905 potes,
469 3797 581 3876 unius
599 3787 716 3874 Milia
743 3787 1004 3875 celebratione
1023 3793 1162 3891 redimi
1182 3818 1222 3876 te
1241 3791 1371 3890 facias,
1395 3819 1590 3907 quatenus
1603 3804 1653 3886 ti·

214 3903 448 3992 biuevelate
473 3907 655 4019 dignetur
680 3907 874 3990 Dominus
892 3932 966 4001 ea,
992 3932 1080 4017 qua
1102 3906 1154 3991 de
1173 3907 1290 3992 nobis
1314 3905 1558 3997 manifestare
1581 3907 1652 3996 dil·

212 4019 352 4136 poluit,
376 4024 415 4104 ἃ
445 4043 488 4108 ut
509 4028 555 4133 tu
576 4019 710 4128 nolito
736 4013 932 4132 conloruo
952 4018 1196 4135 quandoque
1211 4023 1316 4136 burgi
1337 4026 1536 4119 merearis„
1560 4027 1649 4224 Ἐξ
