3796 4994
162 302 315 412 '300
386 236 391 245 ’
563 283 766 383 naveta.
788 279 842 378 ae
862 281 1053 415 Agrea.
1083 285 1209 379 Pars.
1225 283 1284 376 u.

1 480 31 521 ⁹
79 456 108 563 s
208 490 362 605 pontio
398 498 610 585 annorum,
646 511 766 600 prout
790 485 887 571 mihi
917 477 1128 571 revelatum
1157 479 1234 568 fuit
1257 479 1310 568 ad
1340 507 1471 571 meam
1489 488 1657 571 itatem.-

260 608 423 702 tionem‚
448 627 569 801 qastam
592 628 643 686 ex
668 599 897 687 obedientia
913 601 1009 685 mihi
1030 597 1055 686 a
1074 596 1349 712 Superioribtu
1372 601 1472 686 mus
1488 603 1672 710 iojuuiht'

250 720 343 804 EO*
377 742 424 801 ro
495 720 546 799 ui.

325 743 600 934 agmpssodem
621 852 823 940 tempore,
842 852 929 940 quo
946 825 1109 911 verbum
1130 822 1203 911 fuit
1220 827 1480 929 marmium,
1502 830 1551 914 Β.
1571 831 1658 917 Vir·

39 996 42 1003 ·
207 971 263 1058 go
287 941 361 1029 fuit
381 938 530 1028 elevata
551 942 603 1026 ad
625 940 810 1025 visionem
832 938 1050 1026 beatificam
1069 944 1294 1025 intuitivam.
1375 945 1491 1026 Tunc
1520 946 1565 1026 dt
1589 944 1657 1029 sta·

205 1063 276 1144 tim
295 1061 417 1170 coepit
433 1051 600 1140 crescere
621 1057 775 1141 divinus
794 1052 921 1140 infant
947 1055 999 1139 de
1020 1048 1223 1139 substantia
1244 1060 1284 1138 dt
1303 1051 1491 1169 sanguine
1508 1060 1558 1140 B.
1572 1060 1656 1143 Vir-

205 1177 323 1286 ginitt
360 1194 441 1256 erat
460 1195 590 1254 tamen
607 1164 707 1253 liber
729 1171 781 1252 ab
811 1163 885 1254 illis
917 1165 1303 1281 imperfectionibus,
1333 1196 1431 1282 quas
1460 1173 1656 1282 patiunnn

205 1282 271 1371 alii
292 1280 459 1369 infantes
481 1287 522 1368 in
549 1310 601 1368 eo
621 1285 729 1369 statu.
815 1286 922 1367 Nam
947 1288 1070 1366 Maria
1109 1307 1190 1367 erat
1212 1309 1393 1394 exempta
1416 1285 1469 1367 ab
1493 1278 1573 1370 illis
1597 1279 1673 1380 sus

203 1403 360 1512 peruris
391 1396 650 1493 humoribus,
680 1398 749 1508 qui
774 1399 815 1480 in
846 1392 928 1480 aliis
953 1392 1178 1480 mulieribus
1207 1396 1291 1481 sunt
1317 1393 1477 1482 effedius
1504 1401 1655 1510 peccati

206 1511 413 1624 originalis.
441 1558 459 1575 ·
513 1513 676 1622 Sanguis
701 1515 772 1623 qui
795 1514 835 1593 in
862 1505 945 1594 aliis
972 1510 1156 1617 matribus
1183 1537 1256 1623 pro
1281 1517 1498 1597 nutritione
1528 1509 1656 1598 infer·

16 1696 27 1740 3
204 1631 253 1711 tit
276 1631 448 1736 impurus
471 1625 546 1721 est,
565 1629 606 1707 in
636 1632 679 1710 B.
703 1627 859 1736 Virgine
892 1648 972 1708 erat
999 1622 1209 1735 puriffimus
1222 1686 1237 1726 ,
1263 1630 1302 1708 δι
1329 1626 1382 1708 ad
1399 1629 1656 1711 nutritionem

204 1736 426 1851 aptiffimus,
454 1743 547 1850 quia
575 1741 879 1822 communicatus
903 1765 952 1821 ex
978 1732 1142 1847 impulsu
1162 1743 1305 1823 amoris
1330 1744 1371 1821 de
1391 1733 1555 1825 aliarum
1582 1743 1656 1823 vir·

40 1898 54 1909 ·-
204 1874 341 1937 tutum·
418 1856 519 1936 Hinc
541 1853 595 1936 est
619 1847 823 1935 substantia
850 1851 1029 1935 ciborum
1050 1844 1134 1933 talis
1157 1876 1261 1944 eratt
1289 1878 1379 1936 cum
1404 1857 1514 1937 enim
1530 1848 1653 1951 sciret,

204 1965 316 2050 cibos
341 1963 429 2050 suos
450 1966 591 2049 cedere
608 1970 648 2047 in
670 1968 947 2050 nutrimentum
962 1962 1061 2064 filio,
1077 1959 1226 2078 semper
1237 1967 1413 2053 comedit
1429 1994 1523 2053 cum
1538 1971 1655 2052 intet-

202 2085 390 2165 mixtione
411 2074 634 2162 affectuum.

321 2234 416 2310 ¹45·
459 2203 743 2318 Corpusculum
765 2207 907 2293 Christi
928 2237 1012 2293 non
1046 2234 1128 2294 erat
1156 2215 1297 2319 majus,
1327 2209 1448 2324 quam
1480 2211 1652 2328 apicula,

202 2341 271 2406 aut
293 2316 455 2405 nucleus
474 2316 687 2434 amygdalae
710 2321 919 2406 mediocria
944 2324 1232 2436 magnitudinis.

204 2559 206 2563 .
277 2484 280 2489 ⁴
320 2465 414 2550 ¹46·
446 2451 490 2533 In
503 2450 742 2547 humanitate
754 2448 895 2536 Christi
905 2455 1040 2535 omnia
1056 2476 1165 2538 erant
1176 2477 1353 2568 eousque
1366 2451 1559 2566 persedit,
1569 2482 1651 2572 quo

200 2565 332 2675 potuit
346 2566 564 2678 pertingere
581 2567 868 2679 omnipotentia
886 2564 990 2649 DEI.

320 2718 414 2791 ¹49·
442 2690 510 2775 De
531 2693 716 2803 mysteriis
727 2694 820 2775 vita
840 2689 982 2774 Christi
999 2717 1080 2776 non
1094 2688 1252 2779 scribam
1268 2689 1369 2793 ferse,
1397 2691 1465 2780 sed
1485 2690 1648 2782 referam

200 2825 267 2885 me
284 2802 335 2885 ad
354 2801 548 2887 historiam
571 2797 916 2916 Evangelistarumt
953 2798 1078 2889 sol-dm
1101 2833 1148 2892 ea
1169 2803 1387 2910 desumam‚
1408 2834 1499 2920 quae
1516 2836 1648 2894 nmen

58 2960 66 2974 ·
199 2902 292 2998 saria
316 2914 400 2999 sunt
426 2913 479 2998 ad
497 2916 693 3000 historiam
717 2919 803 3027 vitat
820 2921 863 2998 B.
881 2920 937 3005 Vt
966 2918 1108 3004 addam
1125 2945 1254 3006 tamen
1282 2925 1579 3008 circumstantias
1600 2922 1647 3008 ab

126 3035 141 3054 ⁸
201 3028 247 3114 iit
274 3054 358 3112 non
380 3022 608 3140 descriptas,
638 3031 732 3142 quia
753 3029 806 3113 ad
833 3055 971 3114 eorum
996 3028 1182 3145 scopum,
1208 3057 1276 3119 aut
1301 3061 1378 3148 pro
1406 3035 1650 3150 temporibus

196 3144 397 3255 primitiva
415 3138 589 3228 Ecclefiae
610 3164 817 3227 nonerunt
838 3138 1060 3231 neceffariae.

257 3277 261 3283 ’
317 3275 654 3381 r5o.·1nvifiont
677 3272 743 3363 illa
769 3280 947 3364 intuitiva
973 3281 1092 3365 DEus
1120 3280 1190 3394 ipsi
1220 3279 1465 3369 confirmavit
1494 3281 1646 3372 titulum

52 3452 70 3477 .
198 3390 238 3473 dt
260 3389 317 3497 jus
341 3395 471 3475 matris
488 3389 594 3475 DEI.
656 3392 980 3493 151.1neodem
1001 3421 1209 3480 momento
1225 3401 1384 3506 agnovit
1407 3402 1543 3484 omnia
1564 3428 1648 3513 my·

17 3608 20 3613 Ι
195 3502 308 3701 gagia
329 3504 414 3589 vita
437 3506 477 3588 dt
498 3494 678 3617 pastionis
702 3504 858 3592 Christi.
925 3510 1038 3595 Tunc
1055 3509 1258 3620 prostravit
1285 3509 1322 3595 se
1344 3536 1435 3596 ante
1456 3513 1645 3622 thronum

11 3750 28 3867 ,Ι
192 3773 409 3961 unffi
438 3751 502 3841 Ex.
523 3750 687 3855 tuhora
708 3756 753 3840 B.
775 3755 899 3868 Virgo
926 3747 1074 3868 semper
1095 3752 1171 3843 fuit
1193 3759 1314 3870 magis
1344 3751 1545 3884 divinisata
1572 3788 1644 3849 no·

1546 4094 1642 4230 ιη.
