3690 4988
465 307 665 408 develat.
686 304 738 410 dc
752 305 941 442 Agreda.
961 239 1079 407 Pars*
1093 258 1172 431 ΠΙ.
1223 289 1225 292 ’
1317 279 1364 315 ”
1435 265 1550 446 ω-
1815 234 1823 247 “

211 478 284 616 33.
311 511 463 601 cmm
480 535 629 597 novum
649 494 980 598 bellum'Luelfeti
995 517 1219 625 preparavit
1238 511 1348 600 Deus
1363 516 1481 601 vitant
1498 522 1538 603 dt
1647 584 1656 591 .

170 625 402 713 nceffionem
424 631 465 708 B.
489 629 669 822 Vipginu‚
694 651 741 745 ut
758 625 802 761 stt
823 624 965 739 asylum
1014 649 1247 761 stratorum,
1266 633 1314 713 dc·
1330 653 1373 716 ut
1399 657 1540 718 omncs

184 743 286 827 hanc
303 746 459 837 rectam,
479 765 525 824 ac
564 765 715 824 scuram
737 765 838 824 vtem
861 740 953 824 amb
996 767 1061 826 are
1079 738 1231 852 possint.

212 882 277 955 34.
304 853 345 938 Si
373 855 498 966 Reges
511 879 557 937 ac
579 857 775 964 Principes
801 850 1023 940 terraesuam
1038 857 1253 964 potentiam
1269 855 1538 968 impenderent
1686 918 1693 929 -

186 965 420 1053 exaltatione
445 969 610 1051 nominis
630 968 752 1066 Jusu
766 973 804 1052 dt
822 971 976 1069 Matio,
1000 969 1104 1053 cert&
1120 968 1170 1051 ab
1194 970 1268 1054 hac
1288 965 1392 1055 stella
1409 968 1536 1083 poltri

170 1084 256 1166 citer
272 1081 523 1193 dirigerentur
540 1085 581 1166 in
599 1075 704 1165 suot
754 1083 896 1179 immet
922 1085 975 1167 Ut
1000 1082 1095 1165 verd
1118 1083 1200 1168 hac
1223 1082 1457 1168 confidentia
1475 1113 1536 1170 re·

170 1218 266 1279 retur
279 1199 321 1284 in
333 1194 572 1307 Principibus
591 1194 697 1281 Catlt
739 1197 820 1292 icis,
835 1192 924 1308 ipsts
938 1193 1139 1280 manifesto
1153 1220 1203 1280 -ac
1225 1196 1431 1296 denuntio,
1450 1224 1537 1313 quae

170 1313 285 1419 tiper
304 1305 504 1393 decursum
523 1307 636 1411 huius
661 1309 837 1392 Historiae
861 1304 1018 1394 fuerunt
1043 1305 1232 1408 revelata,
1256 1337 1398 1425 nempe
1425 1310 1539 1425 quod

170 1449 209 1507 us
225 1425 388 1506 Mariam
409 1428 449 1507 in
466 1415 668 1533 specialem
690 1425 900 1506 Patronam
928 1449 973 1507 ac
992 1426 1188 1509 Tunicem
1207 1425 1349 1508 horum
1365 1420 1541 1509 catholi-

171 1533 1542 1761 lmczzulullllll‘uslullluulu‘luu‘luuuln

221 1790 288 1868 35.
316 1764 441 1871 Deus,¹
460 1767 631 1876 quinon
654 1757 739 1847 vult
758 1773 884 1872 perire
902 1789 1004 1873 opus
1022 1759 1141 1863 suum,
1155 1763 1271 1848 nobis
1291 1764 1463 1874 providit
1488 1765 1541 1848 de

170 1877 364 1963 steeffione
388 1883 432 1960 Ba
455 1880 634 1989 Virginis,
652 1897 695 1959 ut
713 1877 875 1961 haberet
889 1872 1042 1960 tindum
1062 1875 1178 1960 nobis
1200 1876 1396 1988 parcendi.
1425 1926 1427 1931 ·
1497 1946 1503 1967 c

221 2006 286 2096 36.
324 1990 378 2079 Et
408 1997 530 2103 porte
558 1991 638 2104 ejus
670 2014 745 2076 non
771 1986 994 2076 claudentur
1018 1985 1104 2097 Δίος
1142 2014 1210 2075 nec
1233 1992 1350 2078 nolle.
1415 1984 1542 2094 Nulli,
1713 2076 1718 2086 .

170 2109 347 2191 tntumvis
367 2109 538 2191 maximo
558 2107 779 2215 peccatori,
801 2098 964 2200 Gentili,
991 2127 1059 2189 aut
1080 2098 1242 2204 Infideli,
1268 2096 1338 2218 qui
1366 2104 1417 2189 ad
1437 2100 1542 2208 illam

170 2219 335 2333 tfugcrit,
361 2213 515 2303 claudet
535 2242 687 2329 portam
718 2218 790 2304 suae
808 2215 1086 2304 misericordia.
1143 2219 1233 2302 Sive
1254 2222 1382 2304 veniat
1407 2223 1447 2304 in
1470 2247 1546 2304 no·

181 2358 445 2444 peccatorum,
464 2330 541 2416 five
555 2335 595 2415 in
613 2331 678 2415 die
692 2333 833 2444 gratiae,
847 2334 985 2443 quavis
1001 2333 1098 2415 hora
1113 2333 1403 2430 intromittentur,
1419 2337 1459 2415 de
1477 2358 1544 2418 au·

170 2476 238 2531 um
262 2450 434 2531 inveniet
457 2491 475 2510 -
532 2449 631 2530 Non
661 2443 850 2528 habemus
875 2439 1158 2529 excusationem
1182 2471 1265 2529 non
1291 2440 1545 2559 confugiendi

178 2557 300 2649 illams
329 2587 418 2645 nam
438 2560 531 2672 quia
552 2559 605 2642 est
625 2555 828 2670 puriffima‚
853 2561 969 2642 etiarn
987 2584 1061 2642 nos
1081 2583 1203 2669 puros
1222 2553 1374 2644 efficiet.
1458 2554 1544 2671 Ipsa

170 2698 225 2760 >tt
246 2668 371 2760 claves
387 2674 438 2757 ad
459 2678 621 2757 Fontem
637 2667 859 2772 Salvatoris,
880 2697 929 2756 ex
945 2697 1045 2783 quo,
1065 2667 1334 2776 iuxtalsaiam,
1354 2672 1546 2759 haurimus

170 2817 241 2875 aas.
295 2788 414 2901 lpsrus
438 2784 653 2871 intercelsto
672 2791 873 2897 impetrata
888 2787 1023 2870 nostris
1046 2783 1226 2898 precibus
1242 2786 1363 2899 aperit
1380 2781 1451 2871 suls
1470 2781 1548 2870 cla·
1697 2834 1704 2839 -

170 2930 233 3003 rus,
250 2907 289 2985 δι
309 2930 405 2987 mox
424 2896 624 3013 profiliunt
639 2925 769 3012 aquae,
793 2899 936 3013 quibus
954 2893 1140 2999 lavamur,
1168 2906 1208 2986 δι
1234 2903 1275 2984 in
1299 2897 1546 2987 beatiffimata

170 3021 343 3102 ciecatem
360 3011 447 3120 Jesu
469 3018 508 3098 de
529 3017 660 3098 Mariae
678 3010 861 3097 eremum
880 3013 1129 3098 admittimur.

227 3159 291 3232 ³7·
319 3136 362 3215 B.
383 3134 433 3215 V.
455 3126 506 3212 ad
528 3154 594 3212 me
615 3126 711 3212 dixit
724 3161 738 3212 r
763 3120 957 3215 Voluntas
980 3128 1058 3211 Dei
1079 3129 1145 3228 est,
1168 3147 1212 3211 ut
1234 3150 1339 3210 nunc
1357 3125 1548 3239 aperiatur

170 3244 275 3344 undo,
292 3241 504 3357 quomodo
529 3268 606 3354 ego
630 3244 653 3325 ὲ
674 3237 782 3326 coelo
804 3235 1080 3326 descenderim.
1136 3240 1173 3324 S.
1190 3242 1361 3343 Jotnnes
1375 3244 1416 3324 in
1433 3241 1550 3352 Capi·

171 3357 357 3474 vigefimo
380 3359 509 3466 primo
529 3349 771 3467 Apocaliplis
794 3348 915 3438 multa
932 3352 986 3437 de
1013 3379 1078 3438 me
1097 3353 1272 3467 mysteria
1298 3348 1449 3467 scripfit.

228 3500 292 3577 39.
318 3473 440 3554 Maria
455 3466 529 3554 fuit
550 3470 755 3554 constituta
770 3470 813 3553 in
833 3467 1066 3579 Magistrum,
1089 3469 1299 3568 Turricem,
1322 3471 1362 3552 dt
1386 3491 1549 3557 matrem

170 3588 226 3699 gis
244 3579 495 3697 Euangelicae,
523 3609 611 3696 quae
634 3579 704 3666 lub
724 3586 805 3687 ejus
822 3583 1067 3693 protedione
1088 3583 1130 3664 in
1155 3581 1343 3668 mundum
1373 3584 1551 3671 introdu-

170 3723 284 3784 ›atun
362 3698 469 3783 Cum
494 3723 592 3810 ergo
619 3717 828 3808 propterea
851 3695 961 3778 Deus
979 3699 1020 3780 in
1042 3687 1148 3779 illam
1165 3695 1398 3809 impenditet
1424 3720 1550 3785 totam

170 3807 396 3897 ffibilitatcm
423 3807 497 3895 suat
526 3812 838 3921 omnipotentia,
858 3802 963 3892 nulla
986 3810 1040 3895 est
1068 3806 1134 3922 ipfi
1160 3807 1387 3925 deneganda
1416 3816 1552 3924 gratia.

171 3949 464 4038 antumcunque
481 3949 645 4039 magna,
672 3920 893 4009 dummodo
919 3948 1008 4012 cum
1038 3929 1198 4011 veritate
1217 3919 1432 4014 Camoucae
1447 3921 1556 4010 Reli·

170 4066 243 4124 mrs
272 4064 491 4123 conventas.
578 4077 580 4082 ¹

230 4149 292 4242 o.
313 4151 361 4315 e.
379 4153 443 4244 Α.
457 4148 504 4242 a
523 4147 700 4244 umam.
713 4150 823 4288 ears
841 4149 900 4253 ιι.
1065 4153 1182 4268 cgg
1317 4096 1451 4256 ao.
1468 4152 1557 4246 ua-
1722 4219 1728 4232 .
