3796 4994
258 291 354 413 s6o
598 236 852 446 Regulam
876 313 927 410 P.
944 297 1079 411 Heni.
1105 305 1158 409 ale
1184 301 1346 441 Haffla.

168 560 170 564 .
252 513 332 622 Alii
364 512 579 601 afficiuntur
610 518 834 631 importune
862 514 1165 604 revelationibus
1198 522 1237 602 δι
1278 508 1467 602 miraculis
1492 516 1532 598 u
1560 516 1624 602 hic
1651 517 1704 603 cll

165 720 169 736 ,Α
252 635 415 745 quidam
439 632 582 717 modus
606 634 782 717 tentandi
813 639 955 718 Deum.
1014 629 1092 717 Alii
1114 658 1193 716 tam
1215 627 1368 729 volunt,
1395 629 1514 744 quim
1543 633 1705 717 credunt

252 743 291 833 se
317 752 398 859 rapi
416 753 454 834 in
479 752 630 843 Deum,
663 771 706 831 ur
727 750 766 830 in
789 746 897 831 fanis
918 745 990 831 suis
1021 753 1207 832 omittant
1232 751 1335 831 viam
1365 752 1404 828 δι
1428 744 1593 830 modum
1615 774 1707 859 pro-

254 862 430 948 cedendi.
451 866 681 951 humanumr
726 857 837 946 &illi
860 859 1059 976 negligunt
1083 859 1298 973 processum
1321 863 1539 944 humanitus
1558 861 1704 945 haben-

242 974 312 1061 'dae
342 983 381 1060 dt
409 977 631 1061 exercendas
659 977 896 1087 prudenriae3
926 973 1069 1060 &illos
1093 975 1187 1088 saepe
1204 980 1315 1059 Deus
1337 998 1499 1087 propter
1522 973 1705 1059 indiscre-

251 1095 401 1177 tionem
432 1088 677 1205 derelinquit.
738 1095 833 1180 ltem
862 1086 922 1175 alii
952 1093 1135 1193 credunt,
1165 1091 1280 1203 quod
1308 1089 1405 1202 quid
1439 1091 1507 1175 uid
1536 1095 1591 1174 eis
1617 1092 1706 1202 post

249 1196 508 1291 devotionem
537 1207 672 1290 incidit
699 1199 761 1288 vel
791 1212 958 1290 occurrit
985 1236 1020 1290 v.
1051 1236 1088 1320 g.
1120 1207 1210 1320 post
1238 1119 1614 1315 contemplationem
1641 1199 1704 1288 vel

249 1323 519 1407 Eucharistians
534 1378 547 1417 ,
577 1319 621 1405 sit
649 1316 817 1430 specialis
849 1325 927 1405 Dei
950 1317 1152 1406 revelatio.
1180 1370 1199 1386 -
1255 1319 1410 1431 Judicet
1431 1325 1568 1435 itaque
1591 1317 1707 1434 quili-

249 1437 320 1522 bet
343 1464 391 1520 ex
413 1432 621 1548 praemissis,
651 1433 871 1543 sasecurum
892 1434 959 1533 stt,
981 1436 1166 1532 credere,
1196 1434 1311 1548 quod
1334 1434 1531 1546 quidquid
1550 1437 1705 1541 bomini

278 1554 336 1636 ost
363 1555 582 1634 orationem
626 1556 664 1633 dt
693 1548 865 1636 habitam
906 1554 957 1634 ad
999 1553 1132 1635 Deum
1167 1552 1424 1633 devotionem
1460 1544 1576 1633 etiam
1613 1576 1704 1634 cum

245 1580 439 1752 lachrimis
467 1670 633 1749 occurrit
664 1667 766 1769 circs
790 1670 990 1779 negotium
1017 1668 1068 1750 de
1096 1694 1181 1777 quo
1204 1661 1379 1748 solicitus
1400 1659 1486 1760 suit,
1510 1663 1554 1748 sit
1577 1661 1706 1777 super·

120 1807 123 1813 ·
245 1777 428 1866 naturalis
451 1777 651 1865 revelatio.
704 1781 787 1864 Stat
816 1786 942 1882 enim,
971 1781 1085 1896 quod
1110 1783 1235 1864 bomo
1268 1782 1441 1864 humano
1470 1774 1633 1865 consilio
1663 1785 1702 1863 δι

245 1892 423 2011 processu
450 1894 477 1979 fi
509 1895 582 1978 his·
603 1920 692 2008 quae
718 1897 905 1981 habimus
934 1893 1103 1982 revelata
1130 1892 1239 1992 sunt,
1261 1900 1300 1976 dc
1327 1891 1578 1993 manifestata,
1602 1894 1706 1980 bene

248 2014 307 2097 uti
333 2016 439 2109 velit,
457 2012 632 2095 inveniet
654 2009 766 2123 quod
789 2010 859 2093 srbi
880 2016 1004 2126 magis
1032 2011 1203 2125 expedit.
1261 2006 1582 2122 Praesumptuosus
1609 2035 1708 2126 ergo

210 2129 313 2214 *en
371 2130 421 2212 Et
446 2150 595 2221 tentare
622 2130 751 2210 Deum
779 2126 954 2229 videtur,
984 2132 1053 2241 qui
1086 2133 1126 2210 in
1164 2125 1273 2209 omni
1304 2121 1389 2208 casu
1419 2120 1499 2209 vult
1525 2127 1706 2237 superna·

247 2236 420 2327 ruraliter
441 2244 463 2325 i
485 2234 580 2325 Deo
613 2241 754 2325 erudiri
777 2244 819 2324 in·
841 2243 1000 2352 agendis
1026 2247 1064 2324 δι
1095 2236 1390 2354 cognoscendis.
1449 2241 1561 2325 Deus
1585 2246 1725 2340 enim,

110 2458 116 2469 .
247 2381 294 2441 ue
316 2355 554 2469 Augustinus
582 2350 714 2457 sentit,
740 2352 791 2440 fic
819 2383 880 2440 tes
917 2355 1184 2451 administrat,
1213 2378 1256 2438 ut
1282 2359 1335 2439 eis
1361 2359 1542 2469 proprios
1572 2381 1704 2442 motus

233 2466 457 2557 'fecundum
486 2473 670 2557 hedenus
710 2470 832 2557 indita
868 2475 907 2555 δι
947 2471 1085 2556 tradita
1123 2470 1269 2554 habere
1311 2467 1429 2559 sanata
1490 2497 1703 2587 usquequo
1757 2555 1761 2586 1

216 2680 218 2685 ,
246 2614 331 2691 non
359 2583 516 2696 possunt
543 2582 728 2698 amplius,
753 2590 792 2669 δι
821 2611 915 2670 tunc
953 2583 1115 2698 desuper
1144 2589 1364 2682 concurrit,
1398 2579 1620 2671 &ulterius
1646 2585 1706 2670 di·

210 2705 351 2817 ‘aigin
385 2705 451 2799 dc,
479 2704 519 2787 ui
543 2696 680 2798 fallor,
725 2703 806 2786 hoe
818 2698 955 2822 ⁴ipsum
993 2699 1273 2815 perfossionem
1311 2695 1476 2811 explicat
1511 2705 1704 2789 creatoris.

195 2816 196 2823 ‘
248 2846 288 2907 v.
307 2815 422 2932 gad
449 2810 684 2902 excellentie
718 2813 1001 2930 perfectionem
1033 2821 1148 2901 creati
1170 2818 1320 2900 artificis
1345 2818 1410 2912 est,
1440 2814 1467 2900 fi
1492 2812 1593 2928 opus
1619 2810 1707 2933 eali,

249 2957 310 3019 ter
332 2928 480 3028 fecerit,
510 2931 622 3044 quod
651 2930 721 3014 diu
743 2932 926 3045 beneque
945 2958 1096 3016 currere
1120 2929 1246 3044 polit,
1277 2958 1325 3016 ex
1347 2934 1523 3043 primaria
1545 2936 1627 3038 ejus
1645 2933 1705 3016 in-

250 3049 461 3145 stitutione,
490 3041 554 3130 vel
576 3042 764 3160 sequente
789 3053 869 3154 ejus
890 3044 1182 3133 reformatione.
1237 3045 1416 3175 ideoque
1440 3043 1591 3145 artifex,
1609 3074 1645 3131 v.
1666 3072 1706 3162 g.

238 3156 454 3276 ,horologii
489 3165 679 3276 quamdiu
712 3190 817 3276 opus
856 3158 966 3247 suurn
1008 3162 1112 3248 bene
1129 3173 1135 3199 '¹
1150 3163 1293 3258 currit,
1322 3190 1404 3245 non
1433 3165 1598 3275 apponit
1626 3188 1706 3246 ma·
1741 3240 1744 3245 ,

251 3286 358 3363 num.
415 3279 473 3360 lta
495 3275 650 3361 videtur
676 3277 966 3390 imaginandum
991 3277 1188 3390 deprimo
1223 3278 1369 3360 artifice
1394 3275 1510 3391 quod
1535 3278 1707 3362 institue·

251 3398 303 3479 rit
328 3391 352 3478 a
377 3393 567 3503 principio
597 3387 814 3475 universum
843 3392 977 3476 dando
1011 3396 1206 3505 potentias
1238 3398 1277 3474 δι
1307 3394 1455 3478 modos
1478 3392 1634 3504 agendi,
1665 3395 1707 3476 δι
1743 3426 1748 3432 ·

251 3503 292 3594 fe
310 3502 573 3591 conservandi.
628 3507 685 3590 At
705 3506 913 3620 postquam
941 3509 1156 3603 contabuit,
1178 3511 1217 3590 δι
1237 3511 1348 3590 nimis
1367 3504 1615 3605 exorbitavit,
1633 3510 1709 3591 ite·

184 3654 188 3673 ι
252 3649 337 3730 rum
354 3615 730 3719 reformavitdando
750 3615 877 3734 legem
895 3620 1045 3735 Moysis
1065 3649 1110 3707 ac
1126 3622 1217 3706 dein
1234 3648 1303 3734 per
1316 3622 1524 3707 Christum.
1554 3627 1707 3731 Quam·
1730 3679 1733 3690 ·

253 3737 323 3821 diu
342 3761 438 3847 ergo
459 3734 586 3817 homo
606 3736 735 3845 potest
752 3730 790 3819 se
811 3744 944 3844 juvare
967 3743 1006 3821 in
1025 3736 1185 3852 agendis
1209 3739 1249 3818 dc
1274 3732 1554 3849 cognoscendis
1577 3763 1626 3820 eat
1646 3736 1706 3823 his

251 3869 343 3964 quae
364 3852 475 3931 Deus
496 3847 773 3945 manifestavit,
791 3856 831 3934 δι
857 3878 905 3934 ex
933 3852 1077 3936 viribus
1099 3846 1332 3935 naturalibus
1359 3855 1398 3933 dc
1421 3850 1607 3956 dodrinis
1632 3856 1709 3938 dcc.

252 3989 334 4049 non
359 3963 412 4045 est
430 3962 582 4070 justum,
601 3964 734 4048 Deum
749 3962 978 4052 miraculosi
1001 3970 1040 4050 δι
1067 3969 1222 4050 noviter
1241 3992 1439 4079 apponere
1465 3992 1626 4049 manum
1650 3966 1709 4054 di·

154 4092 187 4170 ᾖ
253 4077 420 4199 rigendo
445 4103 517 4192 per
543 4103 666 4167 novas
692 4073 948 4166 revelationes
978 4075 1042 4167 vel
1062 4074 1334 4169 miraculorum
1359 4084 1622 4194 operationes,

1536 4260 1705 4386 car.
