<?xml version="1.0" encoding="UTF-8"?>
<!DOCTYPE html PUBLIC "-//W3C//DTD XHTML 1.0 Transitional//EN"
    "http://www.w3.org/TR/xhtml1/DTD/xhtml1-transitional.dtd">
<html xmlns="http://www.w3.org/1999/xhtml" xml:lang="en" lang="en">
 <head>
  <title>
</title>
<meta http-equiv="Content-Type" content="text/html;charset=utf-8" />
  <meta name='ocr-system' content='tesseract 3.04.00' />
  <meta name='ocr-capabilities' content='ocr_page ocr_carea ocr_par ocr_line ocrx_word'/>
</head>
<body>
  <div class='ocr_page' id='page_1' title='image "./derevelationibu00amorgoog_0442.png"; bbox 0 0 3690 4988; ppageno 0'>
   <div class='ocr_carea' id='block_1_1' title="bbox 124 310 1255 457">
    <p class='ocr_par' dir='ltr' id='par_1_1' title="bbox 124 310 1255 457">
     <span class='ocr_line' id='line_1_1' title="bbox 124 310 1255 457; baseline -0.009 -34"><span class='ocrx_word' id='word_1_1' title='bbox 124 310 137 457; x_wconf 34' lang='grc' dir='ltr'>Ἰ</span> <span class='ocrx_word' id='word_1_2' title='bbox 215 343 309 444; x_wconf 79' lang='lat'>138</span> <span class='ocrx_word' id='word_1_3' title='bbox 592 319 893 418; x_wconf 80' lang='lat' dir='ltr'>Revelationes</span> <span class='ocrx_word' id='word_1_4' title='bbox 927 326 973 417; x_wconf 86' lang='lat' dir='ltr'>S.</span> <span class='ocrx_word' id='word_1_5' title='bbox 1012 318 1255 418; x_wconf 82' lang='lat' dir='ltr'>Gertrudis.</span> 
     </span>
    </p>
   </div>
   <div class='ocr_carea' id='block_1_2' title="bbox 64 520 1644 3679">
    <p class='ocr_par' dir='ltr' id='par_1_2' title="bbox 207 520 1644 1200">
     <span class='ocr_line' id='line_1_2' title="bbox 323 520 1641 627; baseline -0.004 -19"><span class='ocrx_word' id='word_1_6' title='bbox 323 522 498 608; x_wconf 76' lang='lat' dir='ltr'><strong>XXVIII.</strong></span> <span class='ocrx_word' id='word_1_7' title='bbox 554 525 598 607; x_wconf 82' lang='lat' dir='ltr'>t.</span> <span class='ocrx_word' id='word_1_8' title='bbox 623 559 662 625; x_wconf 85' lang='lat'>4·</span> <span class='ocrx_word' id='word_1_9' title='bbox 685 525 734 607; x_wconf 88' lang='lat' dir='ltr'>C.</span> <span class='ocrx_word' id='word_1_10' title='bbox 758 554 822 627; x_wconf 81' lang='lat'>23.</span> <span class='ocrx_word' id='word_1_11' title='bbox 879 524 1052 607; x_wconf 79' lang='lat' dir='ltr'>Christus</span> <span class='ocrx_word' id='word_1_12' title='bbox 1083 521 1132 604; x_wconf 89' lang='lat' dir='ltr'>ad</span> <span class='ocrx_word' id='word_1_13' title='bbox 1152 522 1192 606; x_wconf 83' lang='lat' dir='ltr'>S.</span> <span class='ocrx_word' id='word_1_14' title='bbox 1223 520 1461 606; x_wconf 87' lang='lat' dir='ltr'>Gettrudetn</span> <span class='ocrx_word' id='word_1_15' title='bbox 1482 521 1554 604; x_wconf 82' lang='lat' dir='ltr'>ait:</span> <span class='ocrx_word' id='word_1_16' title='bbox 1587 520 1641 603; x_wconf 85' lang='lat' dir='ltr'>Si·</span> 
     </span>
     <span class='ocr_line' id='line_1_3' title="bbox 211 628 1644 747; baseline -0.003 -27"><span class='ocrx_word' id='word_1_17' title='bbox 211 661 277 721; x_wconf 91' lang='lat' dir='ltr'>cut</span> <span class='ocrx_word' id='word_1_18' title='bbox 291 638 674 747; x_wconf 83' lang='lat' dir='ltr'>divinitasrequievit</span> <span class='ocrx_word' id='word_1_19' title='bbox 693 641 731 718; x_wconf 92' lang='lat' dir='ltr'>in</span> <span class='ocrx_word' id='word_1_20' title='bbox 752 639 989 736; x_wconf 78' lang='lat' dir='ltr'>humanitate</span> <span class='ocrx_word' id='word_1_21' title='bbox 1009 660 1118 731; x_wconf 88' lang='lat' dir='ltr'>mea,</span> <span class='ocrx_word' id='word_1_22' title='bbox 1135 633 1188 719; x_wconf 86' lang='lat' dir='ltr'>Iic</span> <span class='ocrx_word' id='word_1_23' title='bbox 1208 628 1418 719; x_wconf 76' lang='lat' dir='ltr'>delectatio</span> <span class='ocrx_word' id='word_1_24' title='bbox 1441 632 1644 717; x_wconf 77' lang='lat' dir='ltr'>divinitatis</span> 
     </span>
     <span class='ocr_line' id='line_1_4' title="bbox 209 747 1644 962; baseline -0.001 -19"><span class='ocrx_word' id='word_1_25' title='bbox 209 778 305 832; x_wconf 54' lang='grc' dir='ltr'><strong>Μ</strong></span> <span class='ocrx_word' id='word_1_26' title='bbox 325 748 458 943; x_wconf 47' lang='lat' dir='ltr'>§iffi</span> <span class='ocrx_word' id='word_1_27' title='bbox 488 776 624 962; x_wconf 49' lang='lat' dir='ltr'>inLtuZ</span> <span class='ocrx_word' id='word_1_28' title='bbox 641 747 1015 945; x_wconf 45' lang='lat' dir='ltr'>lgdfidudlneeltristus</span> <span class='ocrx_word' id='word_1_29' title='bbox 1047 860 1098 943; x_wconf 92' lang='lat' dir='ltr'>ad</span> <span class='ocrx_word' id='word_1_30' title='bbox 1133 861 1172 944; x_wconf 86' lang='lat' dir='ltr'>S.</span> <span class='ocrx_word' id='word_1_31' title='bbox 1201 856 1439 945; x_wconf 86' lang='lat' dir='ltr'>Gertrudctn</span> <span class='ocrx_word' id='word_1_32' title='bbox 1472 862 1546 940; x_wconf 87' lang='lat' dir='ltr'>air:</span> <span class='ocrx_word' id='word_1_33' title='bbox 1592 861 1644 943; x_wconf 83' lang='lat' dir='ltr'>Ut</span> 
     </span>
     <span class='ocr_line' id='line_1_5' title="bbox 208 966 1644 1086; baseline -0.005 -29"><span class='ocrx_word' id='word_1_34' title='bbox 208 973 362 1086; x_wconf 78' lang='lat' dir='ltr'>plenam</span> <span class='ocrx_word' id='word_1_35' title='bbox 384 979 425 1055; x_wconf 93' lang='lat' dir='ltr'>in</span> <span class='ocrx_word' id='word_1_36' title='bbox 449 975 570 1058; x_wconf 88' lang='lat' dir='ltr'>corde</span> <span class='ocrx_word' id='word_1_37' title='bbox 593 998 663 1057; x_wconf 91' lang='lat' dir='ltr'>tuo</span> <span class='ocrx_word' id='word_1_38' title='bbox 685 975 819 1085; x_wconf 81' lang='lat' dir='ltr'>possim</span> <span class='ocrx_word' id='word_1_39' title='bbox 842 977 986 1058; x_wconf 88' lang='lat' dir='ltr'>habere</span> <span class='ocrx_word' id='word_1_40' title='bbox 1009 972 1321 1067; x_wconf 69' lang='lat' dir='ltr'>delectationem,</span> <span class='ocrx_word' id='word_1_41' title='bbox 1347 971 1397 1052; x_wconf 89' lang='lat' dir='ltr'>da</span> <span class='ocrx_word' id='word_1_42' title='bbox 1419 973 1515 1067; x_wconf 80' lang='lat' dir='ltr'>mihi</span> <span class='ocrx_word' id='word_1_43' title='bbox 1533 966 1644 1052; x_wconf 85' lang='lat' dir='ltr'>libet-</span> 
     </span>
     <span class='ocr_line' id='line_1_6' title="bbox 207 1079 1385 1200; baseline -0.003 -30"><span class='ocrx_word' id='word_1_44' title='bbox 207 1110 326 1172; x_wconf 77' lang='lat' dir='ltr'>tutem</span> <span class='ocrx_word' id='word_1_45' title='bbox 348 1085 579 1169; x_wconf 71' lang='lat' dir='ltr'>faciendi&amp;</span> <span class='ocrx_word' id='word_1_46' title='bbox 608 1090 832 1171; x_wconf 90' lang='lat' dir='ltr'>continendi</span> <span class='ocrx_word' id='word_1_47' title='bbox 853 1095 892 1171; x_wconf 92' lang='lat' dir='ltr'>in</span> <span class='ocrx_word' id='word_1_48' title='bbox 916 1116 981 1184; x_wconf 86' lang='lat' dir='ltr'>eo,</span> <span class='ocrx_word' id='word_1_49' title='bbox 1008 1113 1252 1200; x_wconf 78' lang='lat' dir='ltr'>quacunque</span> <span class='ocrx_word' id='word_1_50' title='bbox 1274 1079 1385 1168; x_wconf 84' lang='lat' dir='ltr'>volo.</span> 
     </span>
    </p>

    <p class='ocr_par' dir='ltr' id='par_1_3' title="bbox 208 1198 1644 1535">
     <span class='ocr_line' id='line_1_7' title="bbox 211 1198 1644 1311; baseline -0.002 -29"><span class='ocrx_word' id='word_1_51' title='bbox 211 1242 233 1267; x_wconf 86' lang='grc'>·-</span> <span class='ocrx_word' id='word_1_52' title='bbox 299 1206 438 1307; x_wconf 66' lang='grc' dir='ltr'>ιΧΧΧ.</span> <span class='ocrx_word' id='word_1_53' title='bbox 492 1203 595 1298; x_wconf 60' lang='lat' dir='ltr'>La.</span> <span class='ocrx_word' id='word_1_54' title='bbox 618 1203 670 1285; x_wconf 93' lang='lat' dir='ltr'>C.</span> <span class='ocrx_word' id='word_1_55' title='bbox 695 1226 758 1299; x_wconf 85' lang='lat'>31·</span> <span class='ocrx_word' id='word_1_56' title='bbox 817 1203 991 1286; x_wconf 82' lang='lat' dir='ltr'>Christus</span> <span class='ocrx_word' id='word_1_57' title='bbox 1012 1200 1062 1284; x_wconf 89' lang='lat' dir='ltr'>ad</span> <span class='ocrx_word' id='word_1_58' title='bbox 1089 1204 1141 1284; x_wconf 86' lang='lat' dir='ltr'>G.</span> <span class='ocrx_word' id='word_1_59' title='bbox 1193 1205 1254 1283; x_wconf 81' lang='lat' dir='ltr'>Tu</span> <span class='ocrx_word' id='word_1_60' title='bbox 1282 1222 1484 1311; x_wconf 88' lang='lat' dir='ltr'>nunquam</span> <span class='ocrx_word' id='word_1_61' title='bbox 1504 1198 1644 1305; x_wconf 75' lang='lat' dir='ltr'>potens</span> 
     </span>
     <span class='ocr_line' id='line_1_8' title="bbox 208 1307 1641 1505; baseline -0.004 -108"><span class='ocrx_word' id='word_1_62' title='bbox 208 1312 324 1397; x_wconf 77' lang='lat' dir='ltr'>dtue</span> <span class='ocrx_word' id='word_1_63' title='bbox 341 1316 535 1505; x_wconf 63' lang='lat' dir='ltr'>Stlicietate</span> <span class='ocrx_word' id='word_1_64' title='bbox 562 1315 747 1426; x_wconf 67' lang='lat' dir='ltr'>disjungit</span> <span class='ocrx_word' id='word_1_65' title='bbox 784 1320 823 1398; x_wconf 77' lang='grc' dir='ltr'>δι</span> <span class='ocrx_word' id='word_1_66' title='bbox 854 1318 986 1399; x_wconf 88' lang='lat' dir='ltr'>omnia</span> <span class='ocrx_word' id='word_1_67' title='bbox 1016 1326 1224 1425; x_wconf 86' lang='lat' dir='ltr'>operatua</span> <span class='ocrx_word' id='word_1_68' title='bbox 1252 1312 1348 1396; x_wconf 89' lang='lat' dir='ltr'>mihi</span> <span class='ocrx_word' id='word_1_69' title='bbox 1378 1307 1641 1421; x_wconf 72' lang='lat' dir='ltr'>perfeetiffinto</span> 
     </span>
     <span class='ocr_line' id='line_1_9' title="bbox 208 1427 514 1535; baseline -0.007 -25"><span class='ocrx_word' id='word_1_70' title='bbox 208 1427 335 1510; x_wconf 78' lang='lat' dir='ltr'>modo</span> <span class='ocrx_word' id='word_1_71' title='bbox 351 1456 376 1535; x_wconf 88' lang='lat' dir='ltr'>p</span> <span class='ocrx_word' id='word_1_72' title='bbox 392 1450 514 1508; x_wconf 86' lang='lat' dir='ltr'>acent.</span> 
     </span>
    </p>

    <p class='ocr_par' dir='ltr' id='par_1_4' title="bbox 64 1531 1625 2663">
     <span class='ocr_line' id='line_1_10' title="bbox 322 1531 1625 1649; baseline -0.005 -29"><span class='ocrx_word' id='word_1_73' title='bbox 322 1542 454 1622; x_wconf 86' lang='lat' dir='ltr'><strong>XXXI.</strong></span> <span class='ocrx_word' id='word_1_74' title='bbox 515 1541 558 1621; x_wconf 91' lang='lat' dir='ltr'>L.</span> <span class='ocrx_word' id='word_1_75' title='bbox 589 1571 628 1638; x_wconf 87' lang='lat'>4.</span> <span class='ocrx_word' id='word_1_76' title='bbox 655 1541 708 1624; x_wconf 90' lang='lat' dir='ltr'>C.</span> <span class='ocrx_word' id='word_1_77' title='bbox 742 1570 809 1643; x_wconf 82' lang='lat'>35.</span> <span class='ocrx_word' id='word_1_78' title='bbox 868 1541 1040 1625; x_wconf 81' lang='lat' dir='ltr'>Christus</span> <span class='ocrx_word' id='word_1_79' title='bbox 1068 1536 1119 1622; x_wconf 90' lang='lat' dir='ltr'>ad</span> <span class='ocrx_word' id='word_1_80' title='bbox 1150 1541 1200 1623; x_wconf 88' lang='lat' dir='ltr'>G.</span> <span class='ocrx_word' id='word_1_81' title='bbox 1264 1538 1351 1649; x_wconf 84' lang='lat' dir='ltr'>Ego</span> <span class='ocrx_word' id='word_1_82' title='bbox 1388 1563 1453 1618; x_wconf 89' lang='lat' dir='ltr'>me</span> <span class='ocrx_word' id='word_1_83' title='bbox 1482 1560 1557 1618; x_wconf 86' lang='lat' dir='ltr'>tarn</span> <span class='ocrx_word' id='word_1_84' title='bbox 1579 1531 1625 1613; x_wconf 75' lang='lat' dir='ltr'>di</span> 
     </span>
     <span class='ocr_line' id='line_1_11' title="bbox 208 1646 1619 1764; baseline -0.006 -31"><span class='ocrx_word' id='word_1_85' title='bbox 208 1676 371 1764; x_wconf 81' lang='lat' dir='ltr'>gnarurer</span> <span class='ocrx_word' id='word_1_86' title='bbox 399 1652 525 1734; x_wconf 87' lang='lat' dir='ltr'>modo</span> <span class='ocrx_word' id='word_1_87' title='bbox 553 1657 590 1734; x_wconf 90' lang='lat' dir='ltr'>in</span> <span class='ocrx_word' id='word_1_88' title='bbox 623 1678 726 1735; x_wconf 87' lang='lat' dir='ltr'>tuam</span> <span class='ocrx_word' id='word_1_89' title='bbox 753 1654 846 1736; x_wconf 89' lang='lat' dir='ltr'>dedi</span> <span class='ocrx_word' id='word_1_90' title='bbox 871 1656 1114 1761; x_wconf 82' lang='lat' dir='ltr'>potestatem,</span> <span class='ocrx_word' id='word_1_91' title='bbox 1137 1650 1230 1735; x_wconf 88' lang='lat' dir='ltr'>srcut</span> <span class='ocrx_word' id='word_1_92' title='bbox 1256 1656 1298 1733; x_wconf 95' lang='lat' dir='ltr'>in</span> <span class='ocrx_word' id='word_1_93' title='bbox 1321 1646 1501 1759; x_wconf 83' lang='lat' dir='ltr'>patibulo</span> <span class='ocrx_word' id='word_1_94' title='bbox 1522 1648 1619 1728; x_wconf 76' lang='lat' dir='ltr'>trucis</span> 
     </span>
     <span class='ocr_line' id='line_1_12' title="bbox 207 1758 1614 1875; baseline -0.006 -28"><span class='ocrx_word' id='word_1_95' title='bbox 207 1790 273 1847; x_wconf 84' lang='lat' dir='ltr'>ine</span> <span class='ocrx_word' id='word_1_96' title='bbox 290 1770 387 1847; x_wconf 81' lang='lat' dir='ltr'>Patri</span> <span class='ocrx_word' id='word_1_97' title='bbox 405 1758 575 1847; x_wconf 84' lang='lat' dir='ltr'>totaliter</span> <span class='ocrx_word' id='word_1_98' title='bbox 594 1771 828 1875; x_wconf 79' lang='lat' dir='ltr'>manpravir</span> <span class='ocrx_word' id='word_1_99' title='bbox 858 1767 961 1848; x_wconf 92' lang='lat' dir='ltr'>unde</span> <span class='ocrx_word' id='word_1_100' title='bbox 984 1764 1078 1850; x_wconf 79' lang='lat' dir='ltr'>sicut</span> <span class='ocrx_word' id='word_1_101' title='bbox 1100 1790 1192 1847; x_wconf 92' lang='lat' dir='ltr'>tunc</span> <span class='ocrx_word' id='word_1_102' title='bbox 1210 1786 1346 1847; x_wconf 91' lang='lat' dir='ltr'>contra</span> <span class='ocrx_word' id='word_1_103' title='bbox 1372 1758 1550 1871; x_wconf 83' lang='lat' dir='ltr'>placitum</span> <span class='ocrx_word' id='word_1_104' title='bbox 1563 1760 1614 1839; x_wconf 79' lang='lat' dir='ltr'>Pt-</span> 
     </span>
     <span class='ocr_line' id='line_1_13' title="bbox 205 1862 1613 1989; baseline -0.009 -29"><span class='ocrx_word' id='word_1_105' title='bbox 205 1881 272 1960; x_wconf 85' lang='lat' dir='ltr'>trit</span> <span class='ocrx_word' id='word_1_106' title='bbox 289 1883 447 1989; x_wconf 89' lang='lat' dir='ltr'>nequivi</span> <span class='ocrx_word' id='word_1_107' title='bbox 471 1877 701 1961; x_wconf 81' lang='lat' dir='ltr'>descendere</span> <span class='ocrx_word' id='word_1_108' title='bbox 725 1879 776 1961; x_wconf 88' lang='lat' dir='ltr'>de</span> <span class='ocrx_word' id='word_1_109' title='bbox 807 1882 957 1965; x_wconf 77' lang='lat' dir='ltr'>Crucet</span> <span class='ocrx_word' id='word_1_110' title='bbox 998 1883 1051 1961; x_wconf 91' lang='lat' dir='ltr'>ita</span> <span class='ocrx_word' id='word_1_111' title='bbox 1082 1884 1121 1959; x_wconf 82' lang='lat' dir='ltr'>dr</span> <span class='ocrx_word' id='word_1_112' title='bbox 1151 1902 1255 1960; x_wconf 89' lang='lat' dir='ltr'>nunc</span> <span class='ocrx_word' id='word_1_113' title='bbox 1284 1872 1379 1957; x_wconf 89' lang='lat' dir='ltr'>niIuI</span> <span class='ocrx_word' id='word_1_114' title='bbox 1404 1874 1510 1957; x_wconf 84' lang='lat' dir='ltr'>aliud</span> <span class='ocrx_word' id='word_1_115' title='bbox 1539 1862 1613 1951; x_wconf 87' lang='lat' dir='ltr'>vtlIt</span> 
     </span>
     <span class='ocr_line' id='line_1_14' title="bbox 203 1982 1612 2101; baseline -0.004 -31"><span class='ocrx_word' id='word_1_116' title='bbox 203 1987 369 2099; x_wconf 84' lang='lat' dir='ltr'>possum,</span> <span class='ocrx_word' id='word_1_117' title='bbox 379 1989 497 2101; x_wconf 70' lang='lat' dir='ltr'>quim</span> <span class='ocrx_word' id='word_1_118' title='bbox 509 1992 622 2101; x_wconf 88' lang='lat' dir='ltr'>quod</span> <span class='ocrx_word' id='word_1_119' title='bbox 632 2016 705 2075; x_wconf 84' lang='lat' dir='ltr'>tuat</span> <span class='ocrx_word' id='word_1_120' title='bbox 715 1987 898 2101; x_wconf 86' lang='lat' dir='ltr'>placuerit</span> <span class='ocrx_word' id='word_1_121' title='bbox 907 1986 1114 2074; x_wconf 66' lang='lat' dir='ltr'>discissioni.</span> <span class='ocrx_word' id='word_1_122' title='bbox 1127 1994 1230 2101; x_wconf 83' lang='lat' dir='ltr'>Ergo</span> <span class='ocrx_word' id='word_1_123' title='bbox 1241 2013 1486 2099; x_wconf 84' lang='lat' dir='ltr'>quaecunqut</span> <span class='ocrx_word' id='word_1_124' title='bbox 1495 1982 1612 2069; x_wconf 84' lang='lat' dir='ltr'>dcfidr·</span> 
     </span>
     <span class='ocr_line' id='line_1_15' title="bbox 203 2096 1609 2212; baseline -0.006 -28"><span class='ocrx_word' id='word_1_125' title='bbox 203 2130 277 2197; x_wconf 85' lang='lat' dir='ltr'>tas,</span> <span class='ocrx_word' id='word_1_126' title='bbox 298 2130 344 2185; x_wconf 86' lang='lat' dir='ltr'>ex</span> <span class='ocrx_word' id='word_1_127' title='bbox 368 2110 507 2184; x_wconf 89' lang='lat' dir='ltr'>virtute</span> <span class='ocrx_word' id='word_1_128' title='bbox 533 2106 736 2186; x_wconf 81' lang='lat' dir='ltr'>diviuitatis</span> <span class='ocrx_word' id='word_1_129' title='bbox 758 2132 852 2186; x_wconf 86' lang='lat' dir='ltr'>tneae</span> <span class='ocrx_word' id='word_1_130' title='bbox 878 2132 918 2187; x_wconf 93' lang='lat' dir='ltr'>tu</span> <span class='ocrx_word' id='word_1_131' title='bbox 952 2101 1107 2186; x_wconf 84' lang='lat' dir='ltr'>cuilibet</span> <span class='ocrx_word' id='word_1_132' title='bbox 1136 2103 1316 2187; x_wconf 84' lang='lat' dir='ltr'>distribue</span> <span class='ocrx_word' id='word_1_133' title='bbox 1338 2097 1457 2212; x_wconf 68' lang='lat' dir='ltr'>large.</span> <span class='ocrx_word' id='word_1_134' title='bbox 1495 2148 1515 2165; x_wconf 90' lang='lat'><strong>·</strong></span> <span class='ocrx_word' id='word_1_135' title='bbox 1572 2096 1609 2175; x_wconf 81' lang='lat' dir='ltr'>Ii</span> 
     </span>
     <span class='ocr_line' id='line_1_16' title="bbox 204 2203 1607 2326; baseline -0.006 -31"><span class='ocrx_word' id='word_1_136' title='bbox 204 2220 292 2296; x_wconf 88' lang='lat' dir='ltr'>nitis</span> <span class='ocrx_word' id='word_1_137' title='bbox 329 2220 525 2295; x_wconf 82' lang='lat' dir='ltr'>Matutinis</span> <span class='ocrx_word' id='word_1_138' title='bbox 550 2242 637 2297; x_wconf 88' lang='lat' dir='ltr'>cunr</span> <span class='ocrx_word' id='word_1_139' title='bbox 667 2219 881 2300; x_wconf 84' lang='lat' dir='ltr'>Gerttudes</span> <span class='ocrx_word' id='word_1_140' title='bbox 911 2213 950 2301; x_wconf 90' lang='lat' dir='ltr'>se</span> <span class='ocrx_word' id='word_1_141' title='bbox 977 2217 1212 2326; x_wconf 88' lang='lat' dir='ltr'>pausaturam</span> <span class='ocrx_word' id='word_1_142' title='bbox 1244 2221 1284 2297; x_wconf 91' lang='lat' dir='ltr'>in</span> <span class='ocrx_word' id='word_1_143' title='bbox 1306 2209 1453 2297; x_wconf 77' lang='lat' dir='ltr'>lectum</span> <span class='ocrx_word' id='word_1_144' title='bbox 1479 2203 1607 2294; x_wconf 77' lang='lat' dir='ltr'>recolit·</span> 
     </span>
     <span class='ocr_line' id='line_1_17' title="bbox 64 2320 1607 2435; baseline -0.005 -27"><span class='ocrx_word' id='word_1_145' title='bbox 64 2338 71 2345; x_wconf 81' lang='grc'><strong>“</strong></span> <span class='ocrx_word' id='word_1_146' title='bbox 99 2402 107 2413; x_wconf 77' lang='grc'>.,</span> <span class='ocrx_word' id='word_1_147' title='bbox 203 2323 327 2435; x_wconf 80' lang='lat' dir='ltr'>gisser,</span> <span class='ocrx_word' id='word_1_148' title='bbox 344 2323 580 2408; x_wconf 77' lang='lat' dir='ltr'>blandissima</span> <span class='ocrx_word' id='word_1_149' title='bbox 601 2322 799 2413; x_wconf 83' lang='lat' dir='ltr'>serenitate</span> <span class='ocrx_word' id='word_1_150' title='bbox 818 2336 871 2412; x_wconf 91' lang='lat' dir='ltr'>ait</span> <span class='ocrx_word' id='word_1_151' title='bbox 889 2331 940 2412; x_wconf 92' lang='lat' dir='ltr'>ad</span> <span class='ocrx_word' id='word_1_152' title='bbox 967 2356 1051 2411; x_wconf 87' lang='lat' dir='ltr'>eam</span> <span class='ocrx_word' id='word_1_153' title='bbox 1074 2333 1290 2412; x_wconf 77' lang='lat' dir='ltr'>Dominus:</span> <span class='ocrx_word' id='word_1_154' title='bbox 1320 2331 1402 2432; x_wconf 91' lang='lat' dir='ltr'>Qui</span> <span class='ocrx_word' id='word_1_155' title='bbox 1421 2320 1560 2431; x_wconf 86' lang='lat' dir='ltr'>lassatur</span> <span class='ocrx_word' id='word_1_156' title='bbox 1576 2342 1607 2399; x_wconf 84' lang='lat' dir='ltr'>tx</span> 
     </span>
     <span class='ocr_line' id='line_1_18' title="bbox 202 2431 1606 2554; baseline -0.004 -34"><span class='ocrx_word' id='word_1_157' title='bbox 202 2440 389 2550; x_wconf 76' lang='lat' dir='ltr'>operibus</span> <span class='ocrx_word' id='word_1_158' title='bbox 416 2441 632 2536; x_wconf 85' lang='lat' dir='ltr'>charitatis,</span> <span class='ocrx_word' id='word_1_159' title='bbox 669 2440 855 2546; x_wconf 73' lang='lat' dir='ltr'>iustissime</span> <span class='ocrx_word' id='word_1_160' title='bbox 889 2438 1101 2554; x_wconf 87' lang='lat' dir='ltr'>requiescet</span> <span class='ocrx_word' id='word_1_161' title='bbox 1131 2446 1171 2523; x_wconf 93' lang='lat' dir='ltr'>in</span> <span class='ocrx_word' id='word_1_162' title='bbox 1216 2433 1433 2551; x_wconf 80' lang='lat' dir='ltr'>tranquillo</span> <span class='ocrx_word' id='word_1_163' title='bbox 1469 2431 1606 2521; x_wconf 74' lang='lat' dir='ltr'>thalinu</span> 
     </span>
     <span class='ocr_line' id='line_1_19' title="bbox 203 2548 1606 2663; baseline -0.004 -29"><span class='ocrx_word' id='word_1_164' title='bbox 203 2555 416 2640; x_wconf 74' lang='lat' dir='ltr'>charitatisr</span> <span class='ocrx_word' id='word_1_165' title='bbox 446 2557 484 2632; x_wconf 76' lang='grc' dir='ltr'>δι</span> <span class='ocrx_word' id='word_1_166' title='bbox 503 2554 561 2633; x_wconf 84' lang='lat' dir='ltr'>his</span> <span class='ocrx_word' id='word_1_167' title='bbox 583 2553 695 2638; x_wconf 72' lang='lat' dir='ltr'>dictis</span> <span class='ocrx_word' id='word_1_168' title='bbox 710 2561 858 2661; x_wconf 87' lang='lat' dir='ltr'>accepit</span> <span class='ocrx_word' id='word_1_169' title='bbox 887 2572 973 2638; x_wconf 81' lang='lat' dir='ltr'>earn</span> <span class='ocrx_word' id='word_1_170' title='bbox 1003 2561 1104 2638; x_wconf 84' lang='lat' dir='ltr'>inter</span> <span class='ocrx_word' id='word_1_171' title='bbox 1129 2548 1325 2663; x_wconf 84' lang='lat' dir='ltr'>amplexus</span> <span class='ocrx_word' id='word_1_172' title='bbox 1357 2548 1447 2634; x_wconf 84' lang='lat' dir='ltr'>suos</span> <span class='ocrx_word' id='word_1_173' title='bbox 1472 2552 1606 2639; x_wconf 77' lang='lat' dir='ltr'>divinos,</span> 
     </span>
    </p>

    <p class='ocr_par' dir='ltr' id='par_1_5' title="bbox 118 2658 1644 3113">
     <span class='ocr_line' id='line_1_20' title="bbox 153 2658 1644 2778; baseline -0.003 -31"><span class='ocrx_word' id='word_1_174' title='bbox 153 2767 155 2772; x_wconf 84' lang='lat'><strong>.</strong></span> <span class='ocrx_word' id='word_1_175' title='bbox 201 2691 249 2747; x_wconf 88' lang='lat' dir='ltr'>ac</span> <span class='ocrx_word' id='word_1_176' title='bbox 265 2662 374 2776; x_wconf 76' lang='lat' dir='ltr'>supra</span> <span class='ocrx_word' id='word_1_177' title='bbox 390 2672 526 2775; x_wconf 75' lang='lat' dir='ltr'>pectus</span> <span class='ocrx_word' id='word_1_178' title='bbox 544 2661 649 2749; x_wconf 83' lang='lat' dir='ltr'>suunt</span> <span class='ocrx_word' id='word_1_179' title='bbox 669 2667 775 2778; x_wconf 86' lang='lat' dir='ltr'>quast</span> <span class='ocrx_word' id='word_1_180' title='bbox 795 2663 904 2778; x_wconf 85' lang='lat' dir='ltr'>super</span> <span class='ocrx_word' id='word_1_181' title='bbox 923 2669 1121 2778; x_wconf 79' lang='lat' dir='ltr'>quendam</span> <span class='ocrx_word' id='word_1_182' title='bbox 1141 2662 1410 2777; x_wconf 80' lang='lat' dir='ltr'>quietissimum</span> <span class='ocrx_word' id='word_1_183' title='bbox 1430 2658 1606 2745; x_wconf 75' lang='lat' dir='ltr'>thalamum</span> <span class='ocrx_word' id='word_1_184' title='bbox 1637 2728 1644 2735; x_wconf 95' lang='lat'><strong>.</strong></span> 
     </span>
     <span class='ocr_line' id='line_1_21' title="bbox 118 2763 1607 2891; baseline -0.006 -31"><span class='ocrx_word' id='word_1_185' title='bbox 118 2830 126 2845; x_wconf 65' lang='lat'>=</span> <span class='ocrx_word' id='word_1_186' title='bbox 199 2774 432 2860; x_wconf 76' lang='lat' dir='ltr'>reclinavit·</span> <span class='ocrx_word' id='word_1_187' title='bbox 478 2784 593 2860; x_wconf 87' lang='lat' dir='ltr'>Tunc</span> <span class='ocrx_word' id='word_1_188' title='bbox 618 2780 724 2891; x_wconf 86' lang='lat' dir='ltr'>quast</span> <span class='ocrx_word' id='word_1_189' title='bbox 752 2782 808 2863; x_wconf 88' lang='lat' dir='ltr'>de</span> <span class='ocrx_word' id='word_1_190' title='bbox 839 2782 972 2863; x_wconf 88' lang='lat' dir='ltr'>medio</span> <span class='ocrx_word' id='word_1_191' title='bbox 1006 2786 1229 2863; x_wconf 86' lang='lat' dir='ltr'>iutimorutn</span> <span class='ocrx_word' id='word_1_192' title='bbox 1263 2777 1392 2861; x_wconf 70' lang='lat' dir='ltr'>cortis</span> <span class='ocrx_word' id='word_1_193' title='bbox 1418 2763 1607 2867; x_wconf 63' lang='lat' dir='ltr'>divionis</span> 
     </span>
     <span class='ocr_line' id='line_1_22' title="bbox 192 2878 1605 3000; baseline -0.001 -28"><span class='ocrx_word' id='word_1_194' title='bbox 192 2892 316 3000; x_wconf 77' lang='lat' dir='ltr'>¹quod</span> <span class='ocrx_word' id='word_1_195' title='bbox 337 2885 439 2975; x_wconf 87' lang='lat' dir='ltr'>versa</span> <span class='ocrx_word' id='word_1_196' title='bbox 462 2897 586 2994; x_wconf 70' lang='lat' dir='ltr'>jacere</span> <span class='ocrx_word' id='word_1_197' title='bbox 604 2892 810 2976; x_wconf 82' lang='lat' dir='ltr'>videbatur</span> <span class='ocrx_word' id='word_1_198' title='bbox 822 2894 1003 2977; x_wconf 83' lang='lat' dir='ltr'>effloruit</span> <span class='ocrx_word' id='word_1_199' title='bbox 1034 2893 1150 2977; x_wconf 89' lang='lat' dir='ltr'>arbor</span> <span class='ocrx_word' id='word_1_200' title='bbox 1169 2892 1383 2986; x_wconf 82' lang='lat' dir='ltr'>charitatis,</span> <span class='ocrx_word' id='word_1_201' title='bbox 1404 2916 1491 2999; x_wconf 77' lang='lat' dir='ltr'>qua</span> <span class='ocrx_word' id='word_1_202' title='bbox 1514 2878 1605 2969; x_wconf 74' lang='lat' dir='ltr'>rutu-</span> 
     </span>
     <span class='ocr_line' id='line_1_23' title="bbox 197 3000 1339 3113; baseline 0.004 -28"><span class='ocrx_word' id='word_1_203' title='bbox 197 3029 302 3087; x_wconf 85' lang='lat' dir='ltr'>mttnt</span> <span class='ocrx_word' id='word_1_204' title='bbox 314 3006 497 3113; x_wconf 79' lang='lat' dir='ltr'>undique</span> <span class='ocrx_word' id='word_1_205' title='bbox 515 3000 837 3089; x_wconf 85' lang='lat' dir='ltr'>citcuntvallabat.</span> <span class='ocrx_word' id='word_1_206' title='bbox 979 3016 988 3030; x_wconf 86' lang='grc'><em>’</em></span> <span class='ocrx_word' id='word_1_207' title='bbox 1336 3100 1339 3105; x_wconf 52' lang='grc'>,</span> 
     </span>
    </p>

    <p class='ocr_par' dir='ltr' id='par_1_6' title="bbox 113 3111 1632 3569">
     <span class='ocr_line' id='line_1_24' title="bbox 184 3111 1607 3223; baseline -0.005 -25"><span class='ocrx_word' id='word_1_208' title='bbox 184 3140 187 3145; x_wconf 81' lang='grc'><strong>’</strong></span> <span class='ocrx_word' id='word_1_209' title='bbox 312 3118 464 3199; x_wconf 85' lang='lat' dir='ltr'><strong>XXXII.</strong></span> <span class='ocrx_word' id='word_1_210' title='bbox 519 3119 561 3200; x_wconf 87' lang='lat' dir='ltr'>L</span> <span class='ocrx_word' id='word_1_211' title='bbox 586 3146 627 3215; x_wconf 87' lang='lat'>4·</span> <span class='ocrx_word' id='word_1_212' title='bbox 655 3122 706 3204; x_wconf 85' lang='lat' dir='ltr'>C.</span> <span class='ocrx_word' id='word_1_213' title='bbox 736 3146 799 3218; x_wconf 81' lang='lat'>37.</span> <span class='ocrx_word' id='word_1_214' title='bbox 858 3121 901 3201; x_wconf 93' lang='lat' dir='ltr'>In</span> <span class='ocrx_word' id='word_1_215' title='bbox 937 3118 1003 3201; x_wconf 90' lang='lat' dir='ltr'>die</span> <span class='ocrx_word' id='word_1_216' title='bbox 1029 3111 1251 3201; x_wconf 85' lang='lat' dir='ltr'>ascenfionis</span> <span class='ocrx_word' id='word_1_217' title='bbox 1276 3111 1607 3223; x_wconf 72' lang='lat' dir='ltr'>postcommunio</span> 
     </span>
     <span class='ocr_line' id='line_1_25' title="bbox 185 3225 1609 3347; baseline -0.002 -35"><span class='ocrx_word' id='word_1_218' title='bbox 185 3252 287 3314; x_wconf 79' lang='lat' dir='ltr'>‘nem</span> <span class='ocrx_word' id='word_1_219' title='bbox 306 3235 411 3312; x_wconf 72' lang='lat' dir='ltr'>venit</span> <span class='ocrx_word' id='word_1_220' title='bbox 433 3228 483 3312; x_wconf 90' lang='lat' dir='ltr'>ad</span> <span class='ocrx_word' id='word_1_221' title='bbox 508 3225 670 3341; x_wconf 79' lang='lat' dir='ltr'>singulas</span> <span class='ocrx_word' id='word_1_222' title='bbox 686 3225 878 3313; x_wconf 82' lang='lat' dir='ltr'>moniales</span> <span class='ocrx_word' id='word_1_223' title='bbox 898 3233 920 3315; x_wconf 81' lang='grc' dir='ltr'>ὲ</span> <span class='ocrx_word' id='word_1_224' title='bbox 941 3233 1242 3343; x_wconf 85' lang='lat' dir='ltr'>congregatione</span> <span class='ocrx_word' id='word_1_225' title='bbox 1260 3230 1489 3325; x_wconf 79' lang='lat' dir='ltr'>Gerttttdis,</span> <span class='ocrx_word' id='word_1_226' title='bbox 1506 3232 1540 3309; x_wconf 82' lang='lat' dir='ltr'>dt</span> <span class='ocrx_word' id='word_1_227' title='bbox 1559 3226 1609 3347; x_wconf 52' lang='lat' dir='ltr'>dg</span> 
     </span>
     <span class='ocr_line' id='line_1_26' title="bbox 196 3332 1624 3454; baseline -0.005 -27"><span class='ocrx_word' id='word_1_228' title='bbox 196 3369 287 3427; x_wconf 76' lang='lat' dir='ltr'>atto</span> <span class='ocrx_word' id='word_1_229' title='bbox 320 3344 482 3424; x_wconf 86' lang='lat' dir='ltr'>brachio</span> <span class='ocrx_word' id='word_1_230' title='bbox 512 3337 583 3423; x_wconf 89' lang='lat' dir='ltr'>suo</span> <span class='ocrx_word' id='word_1_231' title='bbox 611 3342 754 3426; x_wconf 69' lang='lat' dir='ltr'>blande</span> <span class='ocrx_word' id='word_1_232' title='bbox 781 3347 1093 3454; x_wconf 63' lang='lat' dir='ltr'>circumplectens</span> <span class='ocrx_word' id='word_1_233' title='bbox 1132 3347 1193 3427; x_wconf 91' lang='lat' dir='ltr'>ori</span> <span class='ocrx_word' id='word_1_234' title='bbox 1234 3336 1441 3443; x_wconf 80' lang='lat' dir='ltr'>cujuslibet</span> <span class='ocrx_word' id='word_1_235' title='bbox 1469 3332 1624 3443; x_wconf 33' lang='lat' dir='ltr'>osculum·</span> 
     </span>
     <span class='ocr_line' id='line_1_27' title="bbox 113 3446 1632 3569; baseline 0.007 -36"><span class='ocrx_word' id='word_1_236' title='bbox 113 3458 119 3467; x_wconf 86' lang='grc'><em>“</em></span> <span class='ocrx_word' id='word_1_237' title='bbox 194 3450 387 3566; x_wconf 84' lang='lat' dir='ltr'>praedusce</span> <span class='ocrx_word' id='word_1_238' title='bbox 420 3452 621 3566; x_wconf 74' lang='lat' dir='ltr'>Impreffitr</span> <span class='ocrx_word' id='word_1_239' title='bbox 673 3456 906 3569; x_wconf 85' lang='lat' dir='ltr'>quibusdam</span> <span class='ocrx_word' id='word_1_240' title='bbox 941 3456 1036 3542; x_wconf 83' lang='lat' dir='ltr'>vetd</span> <span class='ocrx_word' id='word_1_241' title='bbox 1079 3454 1284 3540; x_wconf 79' lang='lat' dir='ltr'>videbatur</span> <span class='ocrx_word' id='word_1_242' title='bbox 1314 3458 1434 3537; x_wconf 75' lang='lat' dir='ltr'>etiam</span> <span class='ocrx_word' id='word_1_243' title='bbox 1458 3446 1632 3543; x_wconf 54' lang='grc' dir='ltr'>Μ’</span> 
     </span>
    </p>

    <p class='ocr_par' dir='ltr' id='par_1_7' title="bbox 190 3570 1605 3679">
     <span class='ocr_line' id='line_1_28' title="bbox 190 3570 1605 3679; baseline -0.001 -29"><span class='ocrx_word' id='word_1_244' title='bbox 190 3570 391 3679; x_wconf 78' lang='lat' dir='ltr'>porrigere</span> <span class='ocrx_word' id='word_1_245' title='bbox 411 3594 583 3653; x_wconf 83' lang='lat' dir='ltr'>aureum.</span> <span class='ocrx_word' id='word_1_246' title='bbox 853 3606 857 3613; x_wconf 94' lang='lat'>·</span> <span class='ocrx_word' id='word_1_247' title='bbox 1601 3576 1605 3583; x_wconf 87' lang='lat'>&#39;</span> 
     </span>
    </p>
   </div>
   <div class='ocr_carea' id='block_1_3' title="bbox 178 3632 1632 4018">
    <p class='ocr_par' dir='ltr' id='par_1_8' title="bbox 178 3632 1632 4018">
     <span class='ocr_line' id='line_1_29' title="bbox 308 3632 1623 3788; baseline 0.002 -26"><span class='ocrx_word' id='word_1_248' title='bbox 308 3680 481 3762; x_wconf 79' lang='lat' dir='ltr'><strong>XXXIII.</strong></span> <span class='ocrx_word' id='word_1_249' title='bbox 539 3684 582 3763; x_wconf 87' lang='lat' dir='ltr'>L.</span> <span class='ocrx_word' id='word_1_250' title='bbox 614 3705 653 3788; x_wconf 85' lang='lat'>4.</span> <span class='ocrx_word' id='word_1_251' title='bbox 674 3683 724 3768; x_wconf 77' lang='lat' dir='ltr'>C</span> <span class='ocrx_word' id='word_1_252' title='bbox 753 3711 821 3783; x_wconf 78' lang='lat'>4⁸·</span> <span class='ocrx_word' id='word_1_253' title='bbox 879 3683 923 3765; x_wconf 94' lang='lat' dir='ltr'>In</span> <span class='ocrx_word' id='word_1_254' title='bbox 948 3677 1048 3765; x_wconf 87' lang='lat' dir='ltr'>festo</span> <span class='ocrx_word' id='word_1_255' title='bbox 1073 3656 1283 3778; x_wconf 83' lang='lat' dir='ltr'>Trinitatis,</span> <span class='ocrx_word' id='word_1_256' title='bbox 1308 3677 1408 3765; x_wconf 88' lang='lat' dir='ltr'>dutn</span> <span class='ocrx_word' id='word_1_257' title='bbox 1424 3632 1623 3769; x_wconf 77' lang='lat' dir='ltr'>cantaretur</span> 
     </span>
     <span class='ocr_line' id='line_1_30' title="bbox 194 3791 1628 3906; baseline -0.001 -28"><span class='ocrx_word' id='word_1_258' title='bbox 194 3791 444 3904; x_wconf 69' lang='lat' dir='ltr'>Annonem,</span> <span class='ocrx_word' id='word_1_259' title='bbox 476 3791 684 3906; x_wconf 75' lang='lat' dir='ltr'>osculetur</span> <span class='ocrx_word' id='word_1_260' title='bbox 701 3823 780 3893; x_wconf 79' lang='lat' dir='ltr'>me,</span> <span class='ocrx_word' id='word_1_261' title='bbox 812 3793 912 3880; x_wconf 70' lang='lat' dir='ltr'>fasta</span> <span class='ocrx_word' id='word_1_262' title='bbox 939 3797 992 3877; x_wconf 85' lang='lat' dir='ltr'>est</span> <span class='ocrx_word' id='word_1_263' title='bbox 1025 3823 1106 3877; x_wconf 85' lang='lat' dir='ltr'>vox</span> <span class='ocrx_word' id='word_1_264' title='bbox 1134 3794 1187 3876; x_wconf 90' lang='lat' dir='ltr'>de</span> <span class='ocrx_word' id='word_1_265' title='bbox 1212 3795 1364 3878; x_wconf 85' lang='lat' dir='ltr'>throno</span> <span class='ocrx_word' id='word_1_266' title='bbox 1389 3796 1470 3881; x_wconf 84' lang='lat' dir='ltr'>Dei</span> <span class='ocrx_word' id='word_1_267' title='bbox 1491 3799 1628 3899; x_wconf 75' lang='lat' dir='ltr'>dicth</span> 
     </span>
     <span class='ocr_line' id='line_1_31' title="bbox 178 3902 1632 4018; baseline 0.003 -28"><span class='ocrx_word' id='word_1_268' title='bbox 178 3906 369 4001; x_wconf 81' lang='lat' dir='ltr'>-Accedat</span> <span class='ocrx_word' id='word_1_269' title='bbox 391 3902 490 3989; x_wconf 80' lang='lat' dir='ltr'>filius</span> <span class='ocrx_word' id='word_1_270' title='bbox 512 3933 621 3992; x_wconf 79' lang='lat' dir='ltr'>meua</span> <span class='ocrx_word' id='word_1_271' title='bbox 643 3904 830 4006; x_wconf 78' lang='lat' dir='ltr'>dilectus,</span> <span class='ocrx_word' id='word_1_272' title='bbox 862 3914 901 3991; x_wconf 82' lang='lat' dir='ltr'>dr</span> <span class='ocrx_word' id='word_1_273' title='bbox 929 3904 1161 3991; x_wconf 83' lang='lat' dir='ltr'>delitiosttati</span> <span class='ocrx_word' id='word_1_274' title='bbox 1190 3932 1286 3993; x_wconf 80' lang='lat' dir='ltr'>mear</span> <span class='ocrx_word' id='word_1_275' title='bbox 1318 3904 1632 4018; x_wconf 67' lang='lat' dir='ltr'>persuaviffinn&#39;</span> 
     </span>
    </p>
   </div>
   <div class='ocr_carea' id='block_1_4' title="bbox 188 4014 1638 4223">
    <p class='ocr_par' dir='ltr' id='par_1_9' title="bbox 188 4014 1638 4223">
     <span class='ocr_line' id='line_1_32' title="bbox 188 4014 1634 4131; baseline 0.003 -27"><span class='ocrx_word' id='word_1_276' title='bbox 188 4020 358 4131; x_wconf 78' lang='lat' dir='ltr'>praebeat</span> <span class='ocrx_word' id='word_1_277' title='bbox 382 4014 566 4105; x_wconf 84' lang='lat' dir='ltr'>osculum.</span> <span class='ocrx_word' id='word_1_278' title='bbox 661 4027 774 4106; x_wconf 79' lang='lat' dir='ltr'>Tunc</span> <span class='ocrx_word' id='word_1_279' title='bbox 805 4018 906 4106; x_wconf 78' lang='lat' dir='ltr'>filins</span> <span class='ocrx_word' id='word_1_280' title='bbox 940 4023 1018 4105; x_wconf 87' lang='lat' dir='ltr'>Dei</span> <span class='ocrx_word' id='word_1_281' title='bbox 1043 4020 1259 4130; x_wconf 81' lang='lat' dir='ltr'>procedent</span> <span class='ocrx_word' id='word_1_282' title='bbox 1287 4024 1331 4103; x_wconf 90' lang='lat' dir='ltr'>in</span> <span class='ocrx_word' id='word_1_283' title='bbox 1361 4024 1538 4111; x_wconf 82' lang='lat' dir='ltr'>humana</span> <span class='ocrx_word' id='word_1_284' title='bbox 1559 4016 1634 4109; x_wconf 74' lang='lat' dir='ltr'>sut»</span> 
     </span>
     <span class='ocr_line' id='line_1_33' title="bbox 511 4163 1638 4223; baseline 0.002 -4"><span class='ocrx_word' id='word_1_285' title='bbox 511 4174 517 4184; x_wconf 91' lang='lat'><strong>·</strong></span> <span class='ocrx_word' id='word_1_286' title='bbox 1581 4163 1638 4223; x_wconf 83' lang='lat' dir='ltr'>ata</span> 
     </span>
    </p>
   </div>
   <div class='ocr_carea' id='block_1_5' title="bbox 0 0 1850 4988">
    <p class='ocr_par' dir='ltr' id='par_1_10' title="bbox 0 0 1850 4988">
     <span class='ocr_line' id='line_1_34' title="bbox 0 0 1850 4988; baseline 0 8"><span class='ocrx_word' id='word_1_287' title='bbox 0 0 1850 4988; x_wconf 95' lang='lat' dir='ltr'> </span> 
     </span>
    </p>
   </div>
  </div>
 </body>
</html>
