3796 4994
666 294 841 429 Regula
855 324 914 393 err
933 258 1282 403 Paterniana·
1307 324 1335 371 ··
1587 262 1685 443 t29

323 506 501 639 Regula
532 536 578 627 3.
612 498 898 641 Siquando
929 502 1238 645 ambiguitas
1271 514 1325 613 in
1357 518 1530 617 anima
1559 546 1681 649 pro·
1742 604 1745 609 ,

226 636 409 781 phetae
433 642 678 761 resederit,
718 670 809 749 aut
825 644 1015 815 ‘divina
1045 646 1286 817 revelatio
1319 680 1432 755 non
1460 654 1554 773 est,
1584 676 1677 767 a‘ut

222 782 1674 1066 illiniti”iiiiiiliiisiil‘llitii

223 1076 414 1173 rationi
458 1068 670 1175 naturali
710 1077 964 1207 permixta
1009 1066 1066 1177 δι
1117 1070 1482 1211 conglutinata.
1567 1076 1668 1187 Hae

222 1212 331 1345 ipsae
362 1234 541 1315 tamen
579 1208 911 1317 revelationes
947 1208 980 1315 a
1011 1214 1253 1351 personis,
1287 1246 1403 1352 quae
1441 1214 1664 1357 aliquan-

223 1350 286 1455 do
319 1384 465 1459 veras
503 1351 834 1459 revelationes
874 1350 1197 1474 habuerunt,
1239 1357 1512 1497 spirituque
1547 1392 1664 1497 pro·-

224 1490 427 1629 phetico
466 1493 700 1634 pollent,
733 1494 764 1601 a
798 1490 925 1601 falsis
967 1493 1362 1605 revelationibus
1399 1498 1542 1605 facile
1578 1502 1663 1609 dil·

226 1660 526 1742 cernuntur..
578 1658 693 1773 ibid..
732 1658 924 1745 Probatur
948 1654 1000 1743 ab
1027 1658 1266 1771 experientia
1290 1660 1331 1745 S.
1351 1665 1536 1762 Moneo,
1558 1692 1661 1781 qua,

229 1778 321 1861 ut&
346 1776 584 1891 Augustinus
603 1777 646 1859 in
663 1778 707 1859 li
718 1764 1090 1885 consultabatur,
1114 1770 1245 1875 <litere
1264 1768 1429 1876 solebat,
1446 1772 1662 1867 discernere

230 1884 273 1987 le,
329 1891 397 1974 uid
423 1884 616 1981 intereil'et
640 1892 741 1975 inter
780 1890 947 2015 mam
981 1877 1089 1983 suain
1120 1880 1411 1997 sumnonem,
1447 1896 1489 1977 δι
1519 1894 1660 2047 Dlitsn

233 2028 490 2259 Ὓιῑὲῗὺ
533 2160 582 2253 4.
638 2080 741 2236 llll,¹
789 2086 974 2255 ouious
1027 2114 1281 2245 ejusmodi
1325 2116 1660 2235 revelationes

174 2284 180 2321 ¹
238 2292 328 2369 uon
364 2262 526 2387 fiunt,
559 2258 751 2387 eisdem
787 2258 984 2365 credere
1017 2289 1130 2365 non
1166 2258 1269 2365 obli
1303 2284 1467 2371 antur.
1530 2292 1657 2383 'Ibin

174 2422 185 2532 p
236 2406 417 2491 &Theon
439 2432 504 2505 ¹4·
557 2404 673 2487 Ratio
696 2403 772 2495 est,
800 2406 894 2512 quia
921 2392 1096 2485 fidelium
1128 2402 1242 2485 unive
1289 2408 1375 2487 tatis
1399 2402 1452 2487 ad
1475 2400 1550 2491 alia
1574 2436 1660 2495 ere-

238 2514 345 2603 denda
364 2546 449 2603 non
471 2518 738 2631 adstringitur,
773 2513 841 2599 nisi
861 2542 948 2628 quae
967 2513 1017 2598 ab
1044 2513 1230 2599 omnibus
1254 2514 1449 2601 credenda
1468 2528 1657 2637 proponit

237 2628 390 2730 blefia,
413 2629 597 2733 videlicet
616 2626 836 2715 Concilium
863 2623 1071 2725 Gener-ale,
1090 2652 1157 2712 aut
1177 2622 1346 2713 summus
1360 2630 1565 2737 Pontifex,
1583 2640 1656 2725 Ec.

174 2770 176 2854 g
236 2740 325 2831 delia
350 2775 436 2832 non
459 2742 701 2853 reclamante,
726 2746 871 2828 Theon
901 2766 937 2839 8.
965 2748 1004 2825 δι
1038 2771 1102 2843 ¹4·
1129 2747 1169 2826 δι
1188 2746 1281 2856 quia
1303 2738 1480 2859 alioquin
1507 2773 1655 2837 tenete-

174 2857 182 2885 Γ
233 2858 559 2977 nuqumdoque
579 2858 739 2943 credere
764 2858 862 2943 inter
884 2853 923 2943 se
944 2854 1138 2970 opposita,
1162 2882 1250 2941 cunr
1280 2854 1538 2951 revelationes
1554 2894 1657 2953 non·

231 2996 414 3089 tunquam
436 3000 613 3091 pugnent
636 2976 737 3057 inter
755 2966 802 3057 se

314 3100 487 3227 Regula
527 3126 571 3223 5.
618 3086 853 3193 Similiter
890 3082 955 3189 ad
999 3082 1268 3193 credendas
1309 3120 1393 3195 eas
1423 3100 1655 3201 veritates

212 3220 328 3369 ¹qua:
362 3266 426 3337 ex
460 3228 715 3361 ejusmodi
751 3226 1143 3335 revelationibus
1179 3251 1318 3335 terta
1351 3236 1655 3371 consequen·

228 3382 284 3481 tia
317 3374 671 3492 deducuntur,
720 3370 806 3475 ioli
841 3368 946 3489 illi,
989 3369 1173 3506 quibus
1218 3403 1289 3475 eae
1322 3374 1654 3485 revelationes

225 3510 360 3639 lunt,
395 3548 508 3623 non
542 3539 721 3623 autent
755 3511 834 3617 alii
869 3512 1050 3617 adstrin
1085 3536 1251 3617 untur.
1322 3536 1421 3619 ibid.
1446 3538 1592 3623 tneor.
1615 3566 1654 3635 9.

223 3660 254 3741 lt
275 3686 315 3755 7.
373 3658 487 3745 Ratio
511 3658 579 3757 eil,
601 3660 694 3768 quia
716 3680 775 3753 ea,
802 3679 891 3767 quae
913 3676 1017 3737 certa
1036 3544 1214 3738 ifiatione
1231 3680 1280 3737 ex
1302 3646 1489 3764 praemiilis
1508 3648 1656 3739 lumine

215 3764 298 3857 idei
325 3766 389 3861 vel
415 3796 561 3857 naturas
585 3770 853 3864 deducuntur,
883 3762 1124 3867 virtualiter,
1151 3772 1193 3850 in
1218 3767 1358 3851 iisdem
1387 3770 1654 3853 continenturt

214 3884 391 4001 ideoque
410 3889 531 3973 edam
553 3880 721 3969 substant
735 3878 870 3967 eidem
889 3875 1026 3965 lumini
1046 3874 1190 3965 sualivo
1210 3878 1326 3977 fidei,
1351 3882 1391 3963 lit
1414 3880 1553 3965 iisdem
1573 3904 1654 3962 cre-

213 3998 425 4087 dendorum
437 4053 453 4099 ‚
484 3992 551 4084 vel
588 4022 676 4081 non
697 3990 906 4081 neceffarib
940 3992 1228 4095 credendorum
1257 3988 1560 4109 obligationi&
1593 4016 1654 4075 re·

212 4110 378 4345 gulmi),
397 4226 448 4319 E.
464 4226 524 4314 A.
548 4218 599 4311 de
616 4218 795 4337 Rrueln.
816 4222 920 4312 Pars
940 4221 976 4329 Ι,
1179 4222 1216 4309 li
1531 4214 1659 4331 Rege·
