3796 4994
591 274 899 391 Revelatt'dner
934 278 979 368 S.
1019 267 1262 369 Gerrradt's.
1581 298 1652 401 99

356 476 550 584 XLVii.
622 475 677 583 L.
722 515 764 609 5.
799 476 859 582 C.
899 434 979 600 ¹3¹·
1052 475 1099 579 S.
1144 469 1415 578 Gertrudes
1452 500 1653 607 accepe-

212 642 292 729 rat
326 630 379 726 in
419 621 674 755 promiists
722 622 751 724 a
797 617 974 753 Duo,
1024 617 1163 756 quod
1206 608 1466 721 Dominus
1510 609 1657 719 tantal

217 795 335 867 eam
370 758 528 901 gratid
563 757 861 896 perfundere
895 757 1204 898 dignaretur,
1240 783 1496 895 quantum
1531 779 1657 860 tunc

216 917 465 1036 temporis
546 901 742 1039 aliquis'
798 900 1078 1003 hominum
1160 908 1413 1038 percipere
1481 893 1656 1035 pollet.

216 1049 311 1128 iiaec
337 1041 532 1154 promissio
559 1043 712 1125 videtur
739 1043 958 1152 Chyntaeta,
987 1043 1079 1153 quia
1107 1040 1225 1140 dona,
1254 1066 1422 1151 quotum
1451 1037 1575 1119 homo
1605 1038 1660 1119 est
1830 1099 1837 1119 .

219 1183 353 1267 capax,
378 1152 531 1268 poliunt
552 1158 684 1268 augeri
706 1158 746 1238 in
769 1153 973 1253 infinitum,
1002 1180 1074 1238 nec
1094 1154 1208 1237 datur
1237 1159 1389 1237 donum
1413 1148 1561 1234 finitum
1580 1174 1660 1232 tna·
1764 1254 1766 1259 Ι

217 1277 377 1356 ximum.
433 1270 515 1353 Sed
541 1268 764 1378 responderi
792 1274 932 1379 potest,
958 1269 1154 1353 Christum
1180 1263 1303 1352 soltim
1328 1259 1443 1376 ioqui
1470 1264 1523 1348 de
1548 1265 1660 1347 Sunt·

221 1412 312 1584 ἵξῃ
323 1408 529 1581 gctppltlpptatpp³
531 1391 646 1580 11lariti
671 1375 752 1466 aliis
777 1383 999 1468 hominibus
1024 1380 1196 1494 congrui
1215 1382 1266 1465 ad
1287 1406 1423 1466 eorum
1447 1375 1658 1488 dispol'nio·

362 1662 581 1794 xivltij
666 1687 722 1794 L.
764 1726 807 1818 5.
852 1684 913 1791 C.
963 1724 1041 1812 33.
1121 1684 1378 1792 inducitur
1436 1677 1661 1788 Christus

224 1839 279 1935 ln
322 1832 457 1934 cotio
506 1829 787 1968 supplicans
837 1828 890 1932 Β.
931 1831 1143 1968 'Virgini
1244 1855 1308 1938 sic
1343 1855 1496 1938 habet:
1555 1854 1661 1938 cum

227 1972 439 2055 Get'tttrdes
472 1973 652 2082 quaedam
681 1971 836 2053 Christo
864 1963 1045 2066 offerret,
1069 1993 1197 2066 orans,
1221 1995 1264 2052 ut
1281 1967 1359 2080 ipse
1384 1971 1523 2054 eadem
1550 1971 1683 2059 Matri,

224 2080 297 2168 iuae
326 2089 368 2166 Β.
389 2112 464 2196 pro
490 2081 529 2167 se
566 2085 786 2195 dignaretur
810 2079 1051 2193 prasentare,
1085 2108 1274 2196 exurgens
1303 2088 1385 2170 ilex
1413 2080 1560 2169 Giotiae
1591 2106 1664 2164 cor
1803 2078 1806 2085 '

226 2195 331 2280 fuum
355 2197 535 2280 deificum
567 2193 709 2280 obtulit
739 2201 937 2282 Genetrici
965 2199 1035 2281 lua
1064 2202 1105 2282 B.
1131 2198 1285 2281 dicens:
1326 2201 1446 2294 Ecce,
1477 2199 1604 2280 Mater
1625 2219 1664 2277 a·

227 2309 479 2404 mantiiima,
512 2304 681 2395 exhibeo
715 2310 786 2394 tibi
816 2338 1066 2412 cormeum,
1112 2318 1150 2394 δι
1184 2313 1223 2393 in
1266 2309 1348 2423 ipio
1378 2310 1449 2396 tibi
1482 2306 1665 2424 praeiento

227 2451 387 2509 omnem
411 2419 590 2506 affeiium
622 2427 809 2521 divinum,
836 2448 879 2508 ut
899 2425 1034 2508 obvies
1057 2421 1197 2536 sponsa
1224 2453 1319 2508 meae
1344 2427 1382 2508 in
1411 2427 1508 2508 ltota
1530 2422 1667 2505 mortis

227 2535 310 2621 iuae.
396 2542 470 2620 iiic
491 2540 633 2620 modus
669 2541 822 2620 videtur
851 2537 984 2621 invetst
1011 2539 1189 2626 Ordinist
1233 2538 1335 2622 certe
1371 2533 1533 2628 Ecclesia
1568 2561 1667 2618 nun·

229 2676 348 2764 quant
375 2651 510 2743 habuit
535 2653 639 2735 itunc
666 2652 827 2734 modurn
850 2654 986 2734 orandi
1015 2654 1217 2747 Christum,
1240 2679 1287 2758 ,ut
1314 2677 1440 2736 oraret
1485 2678 1531 2734 ro
1552 2649 1668 2734 nobis

231 2764 335 2875 apud
358 2767 532 2847 Saniior.
618 2767 697 2848 Sed
719 2762 939 2875 responderi
965 2769 1106 2877 potest,
1136 2762 1339 2851 Ecclesiam
1371 2770 1412 2851 in
1446 2679 1517 2849 int
1544 2764 1668 2876 preci·

231 2877 305 2960 bus
330 2877 372 2959 id
401 2874 625 2977 observare,
655 2881 767 2989 quod
793 2873 904 2961 servit
931 2879 1115 2962 omnibus
1141 2907 1214 2990 pro
1242 2876 1374 2994 tegula
1401 2885 1441 2964 δι
1468 2875 1595 2963 forma
1622 2902 1671 2960 o·

230 2986 371 3090 randi3
412 2992 594 3074 omnibus
620 3017 750 3074 autern
779 3019 851 3101 pto
889 2989 1021 3104 regula
1047 2986 1185 3077 servite
1211 2989 1335 3078 solum
1362 2994 1490 3105 potest
1516 2995 1555 3075 in
1584 3015 1671 3074 ora·

232 3108 360 3200 tione,
402 3107 514 3217 quod
540 3100 688 3217 semper
719 3101 762 3187 fit
792 3109 832 3186 in
859 3113 960 3189 cutia
991 3101 1163 3209 coelesti,
1205 3113 1246 3191 δι
1275 3108 1459 3191 stantibus
1485 3101 1670 3218 promissis

235 3218 372 3300 divinis
396 3213 602 3300 necessario
626 3216 692 3306 litt
734 3223 775 3300 δι
801 3219 879 3301 ltoc
905 3220 958 3300 eli
982 3214 1208 3331 supplicatio
1228 3220 1453 3305 inferiorum
1477 3217 1530 3301 ad
1560 3214 1691 3328 supe-'

235 3335 390 3414 tiorem.
448 3331 573 3441 Quod
595 3358 722 3414 aurem
751 3357 799 3415 ex
816 3326 1030 3443 particulari
1058 3332 1332 3420 benevolentia
1363 3337 1403 3416 &
1436 3335 1673 3416 humanitate

238 3442 294 3540 fit,
316 3470 399 3526 non
415 3446 541 3550 potest
561 3451 667 3554 peti,
697 3444 765 3529 nist
790 3447 839 3528 ab
869 3449 997 3528 amicis
1034 3443 1294 3534 familiaribus.
1379 3445 1520 3544 Certe,
1552 3470 1672 3558 quant

239 3556 411 3641 Christus
426 3562 466 3639 in
487 3563 592 3641 tetris
614 3558 748 3641 habuit
776 3561 1052 3642 humanitatem
1074 3585 1164 3672 erga
1190 3566 1367 3658 Matrem,
1392 3588 1471 3645 non
1490 3560 1674 3673 prohibe·

239 3692 301 3751 tur
325 3696 504 3753 exercere
523 3675 564 3754 in
597 3666 724 3758 coelot
766 3697 841 3755 nec
871 3674 925 3757 est
947 3671 1230 3783 improbabile,
1261 3677 1535 3761 Christum‘ad
1554 3669 1676 3759 multa

239 3781 486 3868 decernenda
505 3789 657 3875 moreti
672 3811 720 3871 ex
739 3782 940 3874 affeilibus
961 3784 1135 3875 itumattae
1155 3813 1298 3877 naturae
1318 3790 1513 3875 ordinatis.
1676 3888 1679 3894 ἵ

815 4042 818 4047 ’
913 4019 1080 4181 ‘Na
1513 4063 1682 4175 XLIX.
1841 4108 1846 4123 ·
