3796 4994
614 223 925 326 Revelationes
959 230 1004 324 S.
1045 221 1288 324 Gertradit.
1611 232 1699 351 67,

229 449 389 542 puerum
426 455 553 517 eoram
586 457 679 518 arca
716 428 849 518 altaris
878 426 1038 543 afflatos
1065 454 1148 516 eum
1176 429 1268 516 Deo
1296 427 1435 536 Patri3
1469 437 1562 516 tanc
1589 455 1683 519 area

236 541 532 661 quapippeculam
565 542 726 631 laridum
755 544 854 629 illico
880 541 1119 662 resplenduit,
1142 543 1200 640 65
1221 546 1261 629 in
1286 569 1330 629 ea
1356 570 1440 629 cum
1462 541 1541 630 lace
1552 542 1597 658 se
1622 548 1681 630 in·

230 654 397 742 uoluens
415 660 536 762 imapo
553 663 666 771 pueri
675 658 825 769 JESU‚
842 657 1231 774 fignlficans‚sripfum
1250 661 1329 768 effe,
1345 679 1413 769 per
1436 684 1540 768 quem
1561 662 1680 745 omitit

234 767 372 856 oblatio
401 767 510 857 novi
524 769 582 868 65
608 776 749 858 veteris
777 770 981 880 testamenti
1008 769 1056 883 esi
1078 774 1252 886 persida.
1283 795 1287 803 ·
1327 770 1446 887 Qud
1462 769 1597 857 videns
1617 771 1678 859 St·

232 911 339 969 taron
361 883 621 991 exclamavit3
650 887 792 972 Lumen
814 883 868 969 ad
887 883 1155 972 revelationem
1172 891 1350 1002 gentiam.
1434 895 1478 970 tn
1501 887 1676 986 haerar-

231 1003 382 1082 ratione
402 1005 575 1110 inprimis
601 995 828 1082 incredibile
853 1003 928 1096 est,
964 1002 1078 1114 quod
1101 1003 1272 1086 Christus
1292 1028 1379 1085 curn
1412 997 1675 1084 verosimiliter

229 1108 344 1197 fuerit
362 1109 480 1196 fasciis
500 1119 710 1213 involutus,
734 1113 955 1222 protruserit
973 1140 1087 1197 manu
1139 1109 1239 1198 ullos
1263 1114 1554 1202 columbarnms
1584 1113 1674 1198 dein

226 1220 285 1310 illi
304 1221 401 1335 pulli
420 1253 502 1310 non
523 1228 770 1339 ponebantur
786 1233 827 1310 in
860 1223 982 1323 altari,
1017 1253 1069 1311 ne
1091 1145 1190 1311 illud
1212 1223 1428 1326 foedarent,
1456 1224 1521 1312 sed
1550 1226 1672 1311 consr-

258 1339 444 1423 nabantur
461 1345 501 1422 in
533 1361 667 1424 munus
687 1339 952 1425 Sacerdotum.
1019 1344 1163 1426 Tertii)
1188 1337 1381 1453 supposito
1409 1347 1538 1438 etiam,
1559 1341 1672 1454 quod

224 1366 380 1536 luissent
402 1451 524 1538 oblati
542 1458 590 1567 in
617 1451 699 1566 ipso
726 1451 852 1552 altari,
880 1454 957 1537 stne
980 1452 1105 1539 dubio
1127 1450 1281 1563 fuissent
1311 1453 1438 1568 ligati,
1463 1484 1513 1539 ne
1539 1451 1671 1538 avola·

224 1591 315 1649 rent
338 1590 404 1649 aut
424 1593 675 1679 vagarentuts
700 1567 911 1678 quomodo
938 1594 1066 1652 aurem
1094 1570 1370 1680 protrudentur
1395 1564 1501 1683 ligati
1534 1568 1583 1650 ab
1612 1573 1671 1651 in·

221 1674 333 1764 fante
351 1676 470 1763 fasciis
489 1676 643 1793 ligato?
672 1681 810 1777 Addo,
833 1677 976 1764 Altaria
992 1688 1129 1766 veteris
1148 1683 1361 1766 testamenti
1372 1711 1457 1767 non
1469 1678 1577 1766 fuisse
1601 1709 1670 1794 pet

223 1799 390 1876 modum
413 1819 520 1889 arcae,
551 1818 593 1878 ut
619 1797 660 1877 in
686 1821 820 1890 πονο,
848 1789 914 1877 scd
943 1819 1049 1881 erunt
1082 1800 1231 1907 integra
1258 1825 1305 1880 ex
1333 1793 1464 1908 lapide
1491 1793 1554 1878 vel
1580 1824 1669 1892 are,

223 1929 267 1988 ut
287 1933 394 2015 patet
422 1933 470 1989 ex
488 1902 592 1990 libris
616 1911 763 2019 Regum
786 1913 826 1990 ἃ
855 1911 1194 1998 Machabaeorums
1235 1909 1439 1996 Sedssorre
1457 1906 1668 2020 responde·

222 2019 338 2120 bitur,
367 2015 679 2134 praesumptiones
700 2022 840 2108 cedere
862 2029 1010 2108 veritati
1025 2019 1212 2110 revelttae.
1734 2046 1741 2062 ·
1811 2032 1814 2037 ’

363 2250 470 2356 Vll.
520 2247 744 2358 Christus
785 2262 840 2357 in
874 2251 953 2358 his
987 2249 1378 2357 revelationibus
1413 2215 1667 2357 inducitur
1731 2238 1733 2242 ’

223 2390 542 2500 existimans,
585 2393 730 2530 quod
764 2432 825 2496 un
861 2393 1050 2541 Peſsrat,
1100 2393 1176 2504 ein
1212 2390 1433 2528 Deserta
1482 2393 1539 2496 fit
1573 2423 1667 2493 no-

221 2564 346 2635 men
379 2531 555 2669 lapidis
591 2542 670 2637 seu
706 2569 945 2676 gemmae,
978 2559 1093 2673 quod
1121 2561 1174 2642 est
1201 2554 1332 2642 falsum
1368 2563 1407 2641 u
1436 2550 1548 2669 plane
1575 2560 1666 2645 ridi-

220 2668 373 2772 culum3
401 2677 498 2757 istud
520 2680 622 2758 enim
645 2704 791 2761 nomen
815 2683 852 2760 in
870 2672 1000 2788 lingua
1019 2667 1168 2758 Gallica
1194 2673 1299 2756 idem
1319 2669 1526 2784 fignificat,
1551 2676 1666 2786 quod

214 2795 367 2903 gravis,
396 2812 437 2869 ut
459 2794 572 2898 proin
596 2788 639 2873 sn
663 2793 874 2901 epithetum
896 2791 1071 2903 genuinae
1092 2813 1136 2868 ac
1150 2781 1320 2898 pretiosor
1342 2781 1543 2894 cujuslibet
1555 2816 1665 2900 gem-

220 2927 306 2997 mae,
337 2928 419 2983 non
447 2904 541 2986 vero
567 2931 715 2986 nomen
754 2900 909 3011 alicujus
938 2896 1106 3017 specialis
1134 2927 1307 3012 gemma.
1394 2898 1663 2986 Revelationes

217 3013 269 3097 stc
290 3014 455 3098 hubent:
487 3013 695 3107 Gertruaes
719 3014 855 3104 obtulit
877 3017 1047 3104 Domino
1079 3015 1175 3110 (hos
1205 3039 1343 3096 omnes
1362 3019 1462 3124 pios.
1477 3011 1661 3116 asscitus)

218 3134 311 3212 tunc
334 3127 530 3215 Dominus
559 3128 859 3241 inestimabiliter
895 3127 1096 3216 destitutas
1128 3123 1365 3244 recolligebat
1392 3152 1437 3211 ea
1473 3130 1513 3212 ia
1535 3133 1660 3328 pecie

239 3268 443 3325 emmenum
463 3243 731 3356 pretiosarum,
763 3250 1022 3358 imponensque
1059 3240 1261 3328 diademati
1288 3239 1359 3352 sao
1393 3239 1508 3357 regali
1564 3242 1658 3327 fxit:

211 3266 315 3439 licre
335 3349 404 3437 bas
442 3383 577 3440 emmas
599 3355 622 3442 i
643 3368 680 3444 te
709 3357 798 3446 milri
819 3355 966 3447 oblatas
997 3365 1076 3443 tam
1128 3364 1303 3447 ratanter
1327 3361 1535 3467 acceptavi,
1560 3354 1665 3467 paors
1676 3458 1678 3462 v

214 3468 365 3582 ipsanio
438 3467 621 3558 iademate
642 3477 774 3584 capitis
802 3478 873 3559 mei
887 3470 1051 3586 portabo
1069 3383 1127 3558 al
1137 3465 1374 3585 gloriandum
1394 3491 1469 3580 pro
1494 3469 1576 3581 ipfis
1596 3497 1659 3554 to·

217 3610 300 3669 ram
330 3590 414 3669 tota
442 3581 575 3669 militia
605 3584 780 3696 constit
797 3587 896 3698 ficut
937 3587 1148 3697 superator
1184 3578 1368 3693 teneslris
1396 3578 1551 3695 lapilctn
1573 3607 1662 3698 pre·

216 3696 375 3808 troam,
406 3703 471 3807 qui
494 3696 648 3816 uulgari
672 3699 796 3813 linptta
818 3708 999 3799 vocatur,
1028 3696 1175 3812 parnt,
1198 3691 1259 3790 tin
1278 3693 1455 3806 vetant]
1478 3694 1594 3809 uastat
1618 3705 1660 3786 in

217 3837 359 3898 corona
389 3813 493 3929 re‘gni
525 3835 595 3924 pro
616 3815 881 3923 finaalaritate
914 3813 1007 3926 sua,
1052 3815 1139 3922 quia
1174 3810 1251 3897 noti
1282 3814 1483 3896 invenitur
1510 3834 1665 3923 compar

216 3923 272 4013 illi
293 3930 335 4014 ia
358 3931 479 4014 totins
491 3925 559 4040 fici
577 3920 818 4041 amplitudine
844 3931 974 4127 regni.1
1043 3929 1100 4012 lta
1120 3919 1204 4015 ille.
1290 3923 1345 4011 At
1364 3926 1406 4019 in
1424 3920 1660 4040 Descriptio·

1003 4069 1027 4126 ι
1606 4065 1657 4123 tte
