3796 4994
603 337 804 435 neverat.
823 331 875 428 de
891 328 1081 465 Agreda.
1098 335 1210 426 Pars
1226 336 1304 429 111.
1358 258 1363 267 ·
1564 360 1665 459 413

339 562 463 639 atat.
492 541 537 623 B.
552 545 601 624 V.
617 535 752 622 manfit
771 533 877 649 quafi
895 538 936 620 in
957 536 1064 623 aditu
1083 505 1223 621 throni.
1275 532 1356 619 Sed
1378 536 1484 619 venit
1499 558 1578 618 vox
1594 539 1665 619 Pa·

221 657 313 739 tris:
341 647 520 738 Ascende
542 647 721 765 superius
794 656 906 735 Tunc
931 651 1052 735 statim
1081 650 1264 733 omnibus
1287 645 1421 733 sandi-ic
1446 645 1520 732 fuit
1537 643 1666 760 publi-

222 791 350 852 caturn
370 768 581 852 Decretum
598 770 666 852 SS.
689 766 905 867 Trinitatic3
933 768 1047 879 quod
1062 761 1171 848 sedes
1192 763 1418 878 &Virginis
1431 767 1469 847 io
1483 785 1667 849 aeternum

222 881 366 967 debeat
388 877 464 966 effe
488 882 539 966 ad
568 881 766 966 dexteram
785 873 882 964 Filii.

342 1035 462 1110 trra.
491 1013 542 1096 Vi
560 1010 671 1119 hujus
691 1009 837 1094 decreti
856 1012 902 1094 ll.
923 1009 1047 1120 Virgo
1070 1001 1261 1092 collocata
1285 1003 1359 1092 fuit
1384 1004 1531 1117 inipso
1556 1007 1665 1092 thro·

219 1149 275 1210 uo
296 1125 363 1206 SS.
381 1125 574 1209 Trinitatis
598 1124 650 1208 ad
670 1124 869 1207 dexteram
887 1116 982 1206 Filii.
1041 1123 1145 1205 Dein
1172 1119 1245 1205 fuit
1260 1117 1328 1232 ipfi
1348 1119 1438 1205 data
1458 1124 1586 1232 optio,
1615 1147 1666 1205 an

171 1297 175 1301 ‚
221 1242 261 1322 in
281 1239 353 1322 hac
379 1235 471 1322 lede
500 1234 593 1322 velit
617 1244 693 1346 jam
718 1233 900 1320 stabiliter
928 1261 975 1319 ac
997 1259 1179 1319 arternum
1204 1257 1453 1347 permaneret
1492 1260 1542 1319 an
1567 1236 1663 1320 vero
1755 1252 1760 1259 ’
1800 1283 1804 1286 -

222 1348 466 1436 velitredr're
501 1351 776 1436 inmundum.
853 1347 934 1435 Sed
969 1348 1047 1461 ipsa
1086 1345 1209 1434 voluit
1246 1351 1383 1434 imitari
1420 1342 1563 1448 filium,
1591 1352 1662 1463 qui
1775 1389 1795 1438 ·,

218 1463 408 1550 exinaniti
431 1461 494 1550 sua
516 1460 640 1578 gloria
665 1461 862 1549 descendit
882 1468 923 1548 in
945 1463 1158 1554 mundumc
1202 1457 1320 1577 elegit
1337 1466 1453 1577 proin
1471 1462 1597 1549 redire
1619 1466 1662 1547 in
1824 1560 1826 1563 ¹

217 1580 406 1663 mundum
432 1607 506 1692 pto
527 1582 637 1662 bono
653 1571 840 1677 fidelium,
866 1603 913 1662 ac
939 1577 1054 1662 dixit:
1080 1626 1101 1645 -
1663 1621 1671 1626 -

338 1738 460 1813 ¹523·
504 1715 596 1796 Haec
626 1704 778 1795 oblatio
801 1712 854 1792 ita
884 1704 1029 1819 placuit
1047 1708 1114 1792 SS.
1133 1709 1335 1804 Trinitati,
1363 1730 1407 1792 ut
1425 1707 1547 1791 statim
1573 1733 1659 1793 eam
1745 1685 1748 1693 ³

213 1827 476 1937 proemiaverit
498 1823 644 1907 vifione
671 1820 769 1907 clara
790 1826 964 1906 intuitiva
990 1823 1081 1906 Dei.

338 1979 459 2054 ¹524·
495 1957 605 2040 Deus
618 1953 687 2066 ipsr
707 1978 799 2039 tunc
819 1950 1061 2039 confirmavit
1082 1955 1216 2037 omnia
1236 1952 1344 2038 dona
1370 1951 1548 2039 decentia
1576 1978 1658 2038 ma·

214 2092 314 2154 trem
343 2073 383 2150 &
402 2071 617 2182 Magistram
640 2063 835 2169 Ecclefiae3
876 2093 1044 2179 eamque
1069 2064 1208 2151 remifit
1239 2061 1309 2151 sub
1337 2063 1452 2152 titulo
1476 2071 1658 2156 Domina
1743 2140 1748 2145 .

175 2251 182 2258 .
216 2187 393 2268 omnium
416 2189 659 2280 creatorum,
682 2183 897 2268 Advocatae
917 2207 963 2265 ac
983 2183 1258 2265 Dominatricis
1280 2177 1466 2266 fidelium.

338 2333 458 2409 ¹525·
484 2304 567 2419 lpsa
584 2333 680 2419 ergo
695 2303 767 2392 fuit
788 2311 894 2391 navis
916 2305 1113 2406 Institorir,
1134 2306 1185 2391 de
1210 2302 1317 2392 coelo
1341 2329 1500 2417 portans
1516 2334 1657 2418 panem

213 2414 399 2510 Ecclesrae.
455 2420 664 2532 Quidquid
679 2423 766 2533 post
782 2420 950 2503 reditum
975 2424 1067 2531 egit,
1088 2415 1160 2502 fuit
1176 2418 1409 2505 beneficium
1433 2448 1506 2530 pro
1526 2420 1659 2508 Eccle-

214 2535 279 2622 sta.
334 2532 449 2617 filios
479 2532 651 2617 infirmos
679 2537 876 2642 primitivae
905 2526 1077 2615 Ecclefiae
1098 2532 1301 2630 educavit,
1321 2558 1367 2617 ac
1392 2534 1593 2621 roboravit
1613 2541 1655 2623 in

215 2654 322 2737 vitot
338 2645 555 2760 perfectos,
576 2672 617 2730 ut
641 2642 758 2731 essent
775 2642 925 2757 lapides
950 2639 1152 2757 angulares
1169 2641 1353 2731 Eccltfiae.

334 2787 457 2878 1526.
487 2773 659 2885 Quando
683 2777 728 2857 B.
755 2777 878 2884 Virgo
898 2796 987 2857 cunr
1008 2770 1165 2857 Christo
1188 2767 1358 2858 ascendit
1374 2776 1415 2858 in
1436 2769 1594 2875 coelum,
1613 2778 1655 2863 in
1806 2750 1809 2757 ⁵

214 2888 322 2975 nube
339 2912 490 2999 precata
508 2890 560 2972 est
580 2883 724 2989 filium,
761 2912 804 2973 ut
827 2880 1047 2970 consoletur
1066 2884 1243 2972 afflidos.
1299 2883 1532 3000 Misttptoin
1553 2890 1657 2978 duos

215 2999 392 3116 angelos,
412 3005 479 3114 qui
497 3002 692 3085 dicerent:
722 3001 814 3087 Vtri
837 2996 999 3086 Gulilaei·
1025 3049 1042 3062 ·
1735 2996 1739 3003 ’

210 3122 214 3128 ’
334 3157 454 3229 ¹527·
485 3134 571 3213 Erat
589 3125 829 3240 imperfectio
850 3132 890 3211 in
911 3122 1108 3239 apostolis,
1133 3128 1247 3241 quod
1268 3121 1497 3239 suspexetint
1512 3129 1552 3210 in
1570 3154 1654 3214 coe·

213 3242 309 3340 lum,
334 3240 580 3327 &voluerint
594 3240 942 3326 Christum-videte
959 3235 1083 3325 oculis
1104 3245 1313 3352 corporeis,
1338 3268 1454 3353 quern
1471 3265 1653 3353 poterant

215 3359 348 3443 videre
368 3385 437 3469 per
454 3356 586 3440 fidem.
641 3358 688 3438 Et
705 3355 799 3439 ideo
824 3356 904 3438 haec
924 3379 1061 3438 eorum
1085 3349 1285 3471 culpabilis
1310 3354 1554 3469 imperfediio
1578 3353 1653 3443 fuit
1702 3373 1711 3384 “

214 3500 285 3588 per
299 3469 364 3557 illa
385 3466 541 3585 praefata
561 3466 679 3579 verba
703 3469 817 3556 tacite
833 3465 1071 3581 reprehensa.

694 3670 977 3808 PARS
1058 3669 1182 3802 Ill.

217 3873 378 4080 1.B
432 3880 555 4010 Virgo
577 3902 658 3958 non
681 3899 762 3959 erat
785 3874 951 4007 subjecta
973 3868 1052 4007 legi
1075 3876 1223 3980 mortis,
1246 3874 1336 3990 quia
1360 3899 1559 3990 nunquam
1581 3873 1681 3996 fuit,
1833 3968 1836 3975 ,

385 4028 405 4071 ο
462 3989 603 4080 nffcda
620 4013 784 4105 peccato
807 3984 995 4103 originale

919 4165 1047 4276 uffa
1169 4274 1177 4288 ³
1316 4131 1318 4134 ι
1443 4097 1656 4286 'nsi-
