3796 4994
543 274 882 417 Offwaiioner
898 287 960 384 ad
969 288 1119 385 Revel.
1142 286 1196 381 de
1214 286 1404 443 Agreda.
1591 315 1651 420 58
1663 326 1686 416 3
1819 413 1824 422 Ι

238 501 421 588 hadrenus
440 523 520 581 non
542 491 730 580 consuetae
742 498 782 578 in
801 489 978 592 Ecclesia,
1000 522 1048 578 ex
1065 491 1259 604 prioribus
1278 486 1483 604 colligitur.
1542 501 1691 607 Quam-

239 623 295 700 vis
319 615 541 710 fatendum,
562 608 776 724 aliquando
802 614 917 692 etiam
941 605 1102 694 revelari
1127 636 1252 703 nova,
1279 609 1372 689 dum
1399 612 1521 691 statim
1541 613 1690 711 judicio

237 727 411 816 Ecciefiae
437 725 694 833 subjiciuntur,
719 730 757 810 δι
782 724 1060 837 approbantur,
1083 740 1201 836 prout
1227 727 1323 807 circa
1342 722 1480 807 festum
1497 727 1690 841 Corporis

237 846 380 930 Christi
408 844 585 954 contigit.

353 954 497 1074 Regula
512 984 576 1040 10.
590 947 880 1050 Revelationes‚
895 978 984 1066 quae
1003 954 1162 1037 incitant
1179 951 1230 1036 ad
1245 948 1513 1065 particularem
1530 957 1686 1069 opinio·

238 1101 327 1160 nem
345 1068 595 1184 sequendam,
615 1095 733 1176 quam
753 1097 825 1152 nec
843 1073 1050 1179 Scriptura,
1070 1095 1143 1150 nec
1164 1070 1336 1168 traditio,
1355 1095 1427 1152 nec
1449 1074 1591 1171 Patres,
1612 1100 1688 1161 nec

235 1183 468 1273 Scholastica
490 1188 668 1269 doctrina
690 1183 981 1276 commendant,
1010 1179 1074 1265 sed
1091 1178 1207 1266 solius
1227 1179 1417 1267 afferentis
1431 1190 1582 1271 novitio
1602 1184 1686 1300 pia-

212 1322 218 1349 ¹
237 1309 317 1388 cito
339 1302 571 1397 venditatur,
591 1299 805 1400 rejiciendae
823 1293 918 1382 sunt.
946 1296 1055 1381 Idem
1068 1301 1109 1381 1.
1127 1299 1218 1382 CC.
1259 1300 1384 1412 Atqui
1404 1304 1444 1382 in
1465 1297 1686 1387 Revelatio·

236 1418 350 1503 nibus
365 1415 576 1529 Agredanis
598 1418 718 1497 multa
737 1417 980 1497 continentur
1001 1436 1135 1498 contra
1154 1414 1363 1524 opiniones
1381 1411 1685 1530 Theologoruru

236 1559 479 1628 communes,
500 1555 566 1615 aut
583 1535 715 1643 ignota
734 1532 967 1642 antiquitati,
989 1551 1031 1612 ut
1051 1550 1158 1639 patet
1175 1555 1223 1610 ex
1248 1523 1407 1638 Propos.
1428 1557 1462 1634 ς.
1488 1536 1527 1613 &
1547 1561 1586 1635 4.

348 1642 494 1764 Regula
511 1674 573 1731 rr.
593 1643 768 1753 Quando
781 1638 1051 1727 Revelationer
1070 1637 1317 1754 personarum
1340 1646 1454 1725 etiam
1472 1641 1684 1735 sanctarum

231 1765 396 1866 invicem
410 1785 594 1873 pugnant,
605 1753 1044 1869 am'baeprosuspettis&
1061 1756 1188 1840 dubiis
1202 1752 1496 1844 habendaesunt.
1516 1762 1623 1845 Idem
1640 1768 1685 1851 L.

231 1879 324 1965 CC
339 1877 516 1989 Atquiid
528 1874 610 1959 fieri
621 1879 717 1957 circa
734 1871 1682 1985 RevelationesAgtedanas,patetexPropos.17.

347 1988 490 2110 Regula
510 2019 572 2074 ra.
595 1984 867 2075 Reveiarioner
885 1994 984 2073 circa
997 1989 1224 2102 quaestiones
1237 1981 1682 2101 philosophicasffheo·

228 2105 389 2220 logicas,
410 2132 475 2191 aut
496 2106 702 2190 Historicat
717 2100 892 2217 suspediae
914 2103 995 2188 fint.
1024 2105 1132 2186 ldem
1152 2103 1194 2186 L.
1210 2103 1303 2189 CC.
1332 2103 1457 2217 Atqui
1481 2108 1524 2191 id
1542 2107 1626 2193 fieri
1639 2112 1680 2196 in

229 2221 542 2309 Revelationibua
563 2222 796 2333 Agredanis‚
817 2243 925 2331 patet
945 2247 992 2303 err
1007 2213 1169 2332 Propos.
1188 2246 1221 2300 r.
1235 2247 1273 2303 a.
1287 2246 1322 2319 3.
1338 2247 1378 2319 4.
1838 2251 1847 2267 ·

348 2333 489 2451 Regula
513 2366 573 2437 ¹3·
604 2331 1001 2446 Revelationesfquae
1020 2362 1104 2418 non
1131 2358 1351 2446 congruunt
1366 2334 1679 2535 divinaeSapien·

228 2454 304 2543 tiae,
322 2453 550 2559 recipienda
568 2476 649 2533 non
664 2445 758 2533 sunt.
786 2450 896 2533 Idem
918 2453 958 2532 L.
975 2450 1067 2534 CC.
1123 2451 1165 2534 ln
1186 2451 1263 2533 hoc
1279 2477 1440 2562 peccare
1456 2455 1562 2539 Reve
1578 2458 1683 2539 atio·

225 2590 295 2647 nes
318 2563 559 2674 Agredanas‚
588 2566 741 2647 videtur
763 2590 810 2646 ex
828 2559 982 2675 Propos.
1000 2580 1038 2650 6.
1061 2593 1125 2649 rr.
1149 2592 1213 2647 rr.
1236 2594 1301 2671 ¹3·

340 2676 485 2796 Regula
513 2704 576 2778 r4.
605 2675 893 2780 Revelationes,
916 2705 1080 2790 quarum
1106 2678 1259 2786 objeAa
1280 2675 1365 2764 sunt
1379 2672 1523 2765 curiosa
1536 2704 1603 2765 aut
1620 2683 1678 2768 in·

225 2788 347 2901 utilia,¹
358 2795 587 2904 recipienda
600 2785 683 2879 non
693 2791 783 2876 sunt.
813 2794 922 2876 idem
938 2795 1083 2878 LCC.
1119 2797 1243 2907 Atqui
1265 2795 1457 2902 ejusmodi
1477 2792 1676 2883 inutrlr'bua
1848 2826 1854 2842 ⁴

224 2904 367 2990 scatere
384 2906 654 2992 Revelationes
678 2910 916 3021 Agred'anas,
934 2932 1041 3022 patet
1059 2938 1107 2994 ex
1127 2934 1257 2994 earum
1277 2911 1548 3023 compendio.

333 3020 476 3137 Regula
496 3051 559 3123 ις.
581 3018 931 3136 ipsamuitiplicitas
942 3020 1239 3109 Revelationum
1252 3027 1379 3110 eidem
1394 3024 1675 3137 personaefroa

221 3127 388 3245 suspetia
404 3135 459 3222 srt.
486 3139 596 3222 Idem
607 3141 749 3227 LCC.
777 3140 902 3251 Atqui
916 3136 1420 3254 RevelationesAgtedanae
1434 3141 1675 3252 copiosiores

222 3244 319 3351 iunt,
338 3253 459 3362 quim
479 3280 617 3338 omnes
631 3249 726 3354 aliar,
744 3252 831 3366 ipsis
849 3262 964 3339 etiam
977 3256 1236 3368 Scriptoribus
1252 3259 1533 3368 Hagiographis
1549 3253 1675 3344 factae.

336 3363 480 3482 Regula
503 3381 563 3452 16.
587 3366 1400 3482 Sanctitaspersonaenontoliitpeticnlunr,
1416 3367 1674 3482 aursuspicio·
1778 3421 1781 3424 <

221 3503 312 3560 nem
339 3481 391 3563 de
405 3477 582 3568 iilufione
611 3484 866 3572 doemonum}
892 3489 1016 3570 immo
1040 3493 1161 3590 majus
1184 3487 1238 3568 est
1259 3484 1310 3569 de
1327 3479 1504 3569 illusione
1521 3483 1686 3598 pericu?

217 3587 300 3676 lum
323 3598 361 3676 in
384 3599 551 3694 Sanctis,
576 3596 697 3712 quim
727 3626 810 3682 non
829 3603 989 3685 Sandis.
1014 3602 1134 3686 Carti.
1155 3607 1261 3684 Bona
1289 3600 1340 3684 de
1362 3600 1521 3685 Discret.
1544 3605 1672 3712 Spirir.

210 3711 274 3792 C.
296 3739 332 3792 ι.
346 3714 399 3794 N.
418 3743 453 3797 r.
509 3713 702 3798 Discretro
724 3716 934 3825 spirituum
952 3716 1115 3802 confistit
1134 3721 1173 3799 iti
1195 3712 1376 3828 peculiari
1392 3724 1572 3800 motione
1585 3717 1672 3828 Spi-

196 3894 200 3898 ,
217 3826 312 3906 ritus
326 3828 452 3909 Sancti
475 3828 526 3911 ad
551 3826 845 3914 discernendum
864 3836 963 3916 iuter
976 3836 1102 3917 varior
1115 3858 1259 3929 motin,
1275 3831 1298 3917 i
1317 3861 1401 3944 quo
1415 3836 1559 3942 Spiritu
1575 3860 1671 3944 pto·

217 3943 389 4023 veniant.
417 3944 517 4030 ibid.
533 3949 580 4032 C.
596 3975 633 4034 r.
649 3951 704 4031 Ν.
718 3976 755 4029 t.
815 3944 1008 4033 Discretio
1022 3954 1230 4062 Spirituutn
1249 3950 1302 4030 est
1320 3955 1440 4062 gratia
1463 3952 1577 4061 gratis
1601 3947 1671 4033 dan

216 4071 285 4139 rat
311 4054 495 4170 adeoque
515 4062 701 4146 Sanctius
717 4057 887 4173 personae
908 4092 992 4147 non
1015 4069 1069 4149 est
1090 4090 1371 4179 argumentum,
1384 4065 1498 4178 quod
1519 4059 1671 4175 polleat

214 4162 444 4283 udueuone
457 4170 657 4294 ‚spirituum
671 4182 763 4275 ure
781 4176 842 4271 vel
857 4190 899 4274 ut
919 4178 1016 4294 uiua.
1039 4185 1140 4284 ibid.
1156 4187 1322 4272 Donum
1337 4182 1575 4311 ducrerionis
1595 4175 1670 4287 spi·

1354 4368 1363 4381 ,
1483 4328 1486 4332 ’
1522 4318 1670 4381 nouum
