3796 4994
251 282 348 415 l'7o
686 287 861 419 Regula
884 317 940 384 ex
965 295 1016 385 P.
1045 218 1252 416 Thyrreo.s

363 520 399 589 9·
430 486 689 579 Artenam
709 484 1039 575 conversationem
1062 499 1155 595 ejus,
1184 493 1253 604 qui
1276 483 1395 597 vide't
1414 489 1593 578 visiones.
1651 495 1690 580 Si

249 610 481 701 communis,
504 600 530 684 fi
552 606 713 714 privata,
736 598 943 699 huenen,
968 603 994 687 fi
1013 599 1189 716 publicar
1219 603 1246 687 [ι
1269 610 1308 688 in
1327 610 1462 702 aeliva,
1491 607 1578 691 hin
1599 636 1691 692 con·

248 713 472 827 templarius
502 720 580 799 vita
609 716 744 829 degitr
786 716 835 809 4-
861 720 1092 801 vestimentis
1120 713 1306 801 affeetatis
1339 743 1474 802 utatur.
1528 723 1691 834 Signum

248 857 377 916 autem
397 825 620 914 humilitatis
647 825 871 914 inaffeeiatae
904 833 958 913 est
994 828 1236 914 conversatio
1259 837 1489 916 communis.
1592 924 1596 929 ,

369 1045 437 1100 ιο.
465 1019 703 1114 Videndum,
733 1020 759 1103 fi
788 1014 986 1116 masculus,
1010 1017 1037 1102 li
1063 1015 1257 1103 foemina?
1286 1019 1312 1103 fi
1342 1046 1451 1134 vaga,
1482 1019 1694 1135 figarrula,

249 1133 278 1220 li
300 1129 460 1241 stabilis,
482 1131 510 1215 fi
537 1139 692 1251 quieta,
710 1160 798 1216 narn
818 1138 858 1216 in
877 1160 973 1245 pace
990 1132 1112 1217 faous
1133 1135 1189 1217 est
1207 1127 1319 1243 locqs
1343 1139 1430 1232 Dei,
1461 1142 1567 1241 eujus
1589 1132 1693 1247 spiri·

249 1273 326 1343 tus,
351 1271 394 1329 ut
413 1246 559 1328 docent
580 1246 688 1331 sacra
711 1249 874 1345 Littera,
898 1275 978 1330 non
1000 1242 1188 1361 quiescit,
1216 1246 1282 1331 nih
1301 1245 1412 1365 super
1432 1254 1623 1364 quietum,
1654 1255 1691 1335 &

249 1353 449 1469 humilem,
475 1364 515 1441 δι
537 1383 766 1445 uenientem
790 1360 907 1446 verba
926 1355 1040 1446 illius.

369 1568 435 1624 ιι.
461 1540 761 1652 Cognolcuntur
787 1541 1024 1625 hacratione
1043 1568 1125 1624 non
1156 1536 1323 1637 difficile,
1344 1545 1413 1652 qui
1443 1547 1552 1626 vanis
1580 1542 1693 1629 vilio·

252 1657 373 1744 nibus
384 1650 641 1749 ludificantur,
658 1653 684 1736 st
700 1648 863 1737 aliorum
882 1650 1062 1765 spernunt
1085 1652 1255 1749 consilia,
1275 1657 1301 1739 si
1319 1656 1371 1737 de
1392 1656 1694 1772 quibuscunque

253 1771 392 1856 erudiri
423 1766 460 1851 se
489 1765 512 1851 a
543 1770 635 1850 Deo
672 1764 751 1878 per
777 1762 1035 1853 revelationes
1071 1764 1311 1878 presumunt.
1371 1776 1475 1853 Nam
1505 1774 1546 1852 δε
1574 1776 1693 1883 Moy-

251 1884 307 1971 ses
329 1882 469 1967 crebris
493 1883 571 1963 Dei
599 1876 780 1993 alloquiis
797 1876 971 1978 alluetus,
989 1887 1164 1994 quamvis
1188 1885 1238 1962 de
1261 1885 1413 1965 minutis
1444 1888 1559 1966 etiarn
1578 1885 1693 1969 rebus

253 1998 305 2082 ad
340 1991 478 2108 populi
507 1995 827 2108 gubernationem
868 1992 1149 2106 spectantibus,
1178 1990 1347 2103 supernis
1381 1991 1693 2081 illustrationibus

255 2106 433 2208 clarebat,
453 2112 564 2211 Jetro
589 2112 660 2192 viri
679 2105 899 2220 alienigena
918 2107 1114 2192 consilium
1136 2103 1300 2219 sumpsit.
1357 2110 1421 2192 Sic
1448 2107 1603 2212 Paulus,
1626 2114 1693 2222 qui

253 2225 306 2308 ad
326 2227 479 2306 tertium
496 2248 621 2335 usque
641 2217 785 2305 coelum
801 2248 930 2334 raprtn
948 2221 1088 2321 fuerat,
1102 2225 1267 2316 humana
1279 2248 1372 2336 ope,
1389 2224 1565 2309 humano
1578 2231 1691 2311 etiam

153 2350 156 2357 ’
253 2332 413 2439 consilio
438 2341 680 2449 quandoque
701 2331 784 2420 usus
810 2339 875 2421 est.

372 2545 437 2602 ιι.
480 2512 777 2630 cognoscuntur
801 2515 1021 2603 vifionesa
1049 2510 1148 2600 falfis
1178 2544 1226 2605 ex
1258 2516 1444 2603 frueiibus
1474 2510 1691 2605 subsecutis:

250 2635 485 2743 Praecipuum
513 2657 640 2717 autern
668 2631 834 2717 frodoni
857 2639 952 2741 ejus,
983 2636 1052 2745 qui
1078 2636 1218 2743 patitur
1241 2634 1388 2735 divinas
1408 2631 1590 2730 viliores,
1614 2658 1689 2746 ego

232 2742 424 2839 »aluno
450 2743 525 2830 elle
549 2753 748 2831 veritatem
767 2772 852 2831 non
872 2745 1056 2845 hiertam,
1073 2772 1156 2829 non
1173 2741 1440 2842 adulteratam,
1469 2743 1536 2829 sed
1557 2773 1691 2858 puram

250 2887 297 2945 ac
333 2844 518 2955 allidam,
547 2886 665 2972 quam
702 2858 871 2967 altissirna
894 2865 1025 2973 gignat
1052 2854 1271 2961 humilitas,
1299 2886 1497 2973 quatnon
1523 2852 1714 2944 meretue'

248 2969 374 3070 ulau,
396 2999 485 3086 quae
509 2998 590 3061 noo
616 2968 833 3071 elata,·non
852 2978 1025 3083 pertinax
1046 2974 1112 3069 est,
1134 3002 1218 3059 non
1240 2978 1430 3083 inquieta,
1452 3000 1537 3058 non
1559 2998 1689 3085 garru-

244 3082 300 3187 la,
321 3114 403 3171 non
423 3091 502 3171 auri
526 3088 777 3175 aue-honoris
796 3086 1001 3185 sitibunda,
1013 3113 1149 3200 neque
1180 3089 1344 3177 omnino
1361 3080 1508 3199 sapiens
1531 3090 1575 3169 in
1598 3094 1690 3171 oeu-

248 3197 295 3284 lis
330 3200 428 3303 luis,
452 3205 630 3299 ratione,
665 3200 898 3287 authoritate
925 3200 1157 3301 bonorum,
1195 3200 1487 3317 doelorumque
1520 3205 1689 3301 virorum

247 3336 375 3401 utem.

363 3520 379 3579 ι
392 3486 429 3597 3'.
469 3476 796 3607 Pelpendendum
831 3492 885 3578 cll
919 3486 1152 3609 diligenter,
1191 3493 1261 3592 si,-
1278 3495 1347 3608 qui
1374 3490 1483 3578 videt
1513 3491 1690 3591 viliores,

247 3634 337 3693 cunr
372 3604 684 3709 tribulationibus
710 3630 899 3710 vexatur,
924 3612 990 3693 aut
1024 3602 1193 3693 libenter
1220 3634 1284 3693 eas
1308 3612 1466 3727 patitur,
1495 3632 1562 3692 aut
1586 3608 1690 3693 xterte

248 3714 469 3833 desperatus
495 3750 576 3806 non
603 3724 705 3807 lurit.
763 3714 860 3805 Vult
888 3726 993 3805 enim
1021 3724 1275 3834 Augustinus,
1296 3718 1346 3805 'ut
1376 3720 1626 3806 adverfitares
1652 3746 1689 3804 a·

246 3861 352 3918 mare
380 3860 458 3918 uon
482 3835 695 3945 jubeamur,
722 3836 789 3918 led
820 3828 998 3920 tolerare.
1039 3840 1145 3920 ,Ηοε
1179 3832 1349 3946 paoni
1379 3833 1461 3916 aliis
1484 3838 1689 3948 Prophetis

247 3946 470 4031 conformes
493 3946 574 4046 finr,
592 3945 844 4060 dignosciturs
887 3972 1058 4060 quotum
1081 3944 1144 4034 alii
1161 3947 1259 4033 odio
1279 3946 1401 4035 habiti
1423 3951 1464 4030 δι
1483 3952 1627 4061 vexati,
1649 3972 1690 4031 a·

245 4064 437 4170 iiinjuriis
459 4057 585 4147 affeui
616 4063 678 4146 vel
703 4062 894 4147 trucidati.

1487 4218 1555 4297 14.
1586 4196 1683 4279 Pra-
