3796 4994
227 270 328 382 186
544 188 750 368 nenena:
767 268 812 365 S.
832 257 1084 394 Elifhbetbae
1099 204 1348 399 Schinaugi

219 474 273 559 de
296 472 362 556 die
385 464 630 583 vigilantem,
665 466 821 554 alteram
850 472 1042 579 perpetuo
1077 470 1377 556 indormientem
1406 497 1455 555 ac
1483 468 1675 559 somnian-

219 615 300 673 tem
329 611 572 699 quocunque
600 584 759 667 demum
790 580 875 667 casu
912 582 1028 669 divisa
1066 588 1132 669 est.
1217 579 1323 669 Talis
1369 585 1514 670 divifio
1590 594 1674 673 artis

224 703 453 787 dormientis
480 703 516 778 δι
542 699 729 810 vigilantis
748 702 933 809 reperitur
954 702 995 781 in
1023 693 1154 783 multis
1180 693 1408 783 animalibus
1431 728 1467 784 v.
1495 727 1535 814 g.
1552 617 1677 785 lioni-

223 816 324 910 bus,
346 805 465 926 gallis.
486 815 561 895 διε.
630 812 776 895 Eadem
806 810 919 894 datur
950 816 991 894 in
1028 810 1251 896 hominibus
1277 806 1700 903 semidormientibusr·

226 955 272 1017 ac
297 924 461 1009 maxime
483 920 713 1035 conspicitur
740 928 779 1006 in
805 922 1129 1023 febricitantibus,
1156 923 1410 1022 Enthufiastis,
1437 930 1481 1009 δι
1511 929 1676 1011 Phanta-

226 1043 335 1128 uicis.
420 1037 483 1121 Src
504 1041 598 1120 novi
624 1041 822 1121 hominem
850 1037 1013 1135 fatuum,
1037 1043 1107 1151 qui
1131 1040 1335 1124 videbatur
1360 1037 1430 1123 srbi
1452 1043 1497 1122 in
1520 1041 1676 1125 cubicu-

228 1153 272 1239 lo
297 1150 363 1237 suo
384 1152 517 1234 videre
537 1150 662 1233 modo
684 1154 829 1264 Regem
855 1144 1005 1247 Gallia,
1034 1153 1161 1236 modu
1183 1158 1348 1262 Papam,
1377 1153 1508 1236 modo
1533 1158 1676 1239 Princi-

229 1295 335 1382 pem,
359 1265 486 1347 moelo
509 1258 619 1360 alros,
645 1290 749 1375 quos
776 1264 1005 1348 nominabat
1029 1269 1133 1349 viros
1151 1270 1191 1347 δι
1216 1262 1415 1355 foeminas3
1456 1265 1598 1350 audivi
1617 1265 1675 1351 la·

229 1374 471 1586 libili}
493 1373 1680 1605 {¹32¹qussrlssllfflllll'llllmlssbllllb?§l

236 1605 326 1693 culo
352 1612 390 1689 in
410 1606 576 1689 menlam
597 1629 662 1687 aut
678 1599 804 1686 sellam
836 1630 1001 1712 excepto
1027 1601 1141 1688 sonus
1167 1629 1289 1687 totam
1313 1607 1480 1689 domum
1508 1602 1677 1716 repleve-

231 1729 291 1811 rit.
373 1724 609 1830 Frequenter
639 1715 848 1829 graviffime
874 1719 1187 1829 conquerebatur
1222 1719 1275 1801 de
1300 1722 1463 1802 flammis
1485 1719 1676 1806 intenfiffi·

232 1842 318 1931 mis,
341 1860 439 1945 quas
459 1829 613 1915 dicebat
634 1835 659 1915 i
683 1829 916 1943 quibusdam
937 1830 1164 1915 bominibus
1189 1831 1439 1925 (nominabat
1465 1828 1589 1934 illos)
1614 1831 1676 1919 luo

154 2054 157 2059 Ι
233 1953 348 2062 capiti
367 1941 562 2056 applicari.
621 1945 855 2028 Dicebamus
876 1942 963 2055 ipsu
990 1946 1072 2029 baec
1099 1948 1232 2029 omnia
1257 1942 1332 2029 elle
1358 1973 1508 2031 meram
1538 1942 1676 2032 illulio·

235 2091 325 2150 nem
348 2057 575 2172 phantasraer
604 2051 726 2140 atille
748 2057 985 2168 reponebat:
1011 2054 1092 2141 falli
1120 2085 1202 2141 non
1233 2054 1382 2167 polium
1403 2064 1445 2143 in
1467 2087 1538 2156 eo,
1570 2060 1675 2175 quod

234 2170 359 2261 sensus
383 2174 582 2257 testanturr
620 2171 740 2252 video
761 2168 981 2282 praesentes,
1014 2172 1134 2255 audio
1158 2166 1391 2282 loquentes,
1417 2171 1550 2259 sentio
1577 2182 1677 2288 ignes

49 2380 63 2389 ⁶
238 2281 506 2399 depascentes,
536 2309 623 2393 quar
644 2289 765 2389 major
785 2283 919 2367 haberi
940 2288 1084 2395 poterit
1107 2285 1160 2367 de
1178 2289 1336 2369 veritate
1357 2286 1615 2385 obieotorum
1628 2286 1677 2373 lo·

238 2395 410 2487 euritas?
434 2392 580 2482 Similia
598 2399 773 2511 exempla
792 2400 832 2480 in
851 2399 1014 2481 historiis
1033 2397 1278 2482 adducuntur
1304 2404 1525 2487 innumera.

379 2540 619 2724 Propoſsrr'o
668 2631 709 2691 ι.
782 2564 1136 2693 Revelationes
1180 2588 1225 2693 S.
1268 2586 1569 2697 Elisabethae
1602 2588 1676 2696 ha·

238 2736 363 2841 bent
409 2763 594 2837 omnes
651 2742 983 2868 proprietates
1034 2761 1094 2835 ac
1146 2733 1313 2836 causas
1364 2742 1675 2873 operationis

237 2871 573 3014 phantasticae.
639 2966 643 2973 ,
1652 2892 1659 2903 ··

355 3066 520 3164 Ρτίιηὸ.’
555 3073 765 3192 Elisabetlra
795 3076 891 3192 sape
920 3082 1068 3190 patitur
1107 3106 1249 3196 graver
1274 3076 1592 3190 perturbationes
1616 3106 1677 3167 ne·

237 3191 442 3294 hucboliae,
470 3187 527 3286 δ’
547 3193 734 3299 excrffivae
761 3190 931 3302 tristitia,
960 3198 999 3274 in
1021 3190 1159 3276 talibus
1179 3219 1308 3276 autem
1330 3194 1563 3283 hominibus
1580 3190 1677 3280 facile

236 3311 479 3423 perturbatur
504 3331 849 3416 temperamentum
872 3309 1091 3405 humorum,
1119 3312 1344 3390 dominatur
1359 3309 1402 3386 in
1422 3332 1599 3422 corpore
1613 3312 1678 3391 aci-

239 3426 310 3508 dus
330 3427 493 3508 humorr
535 3425 628 3505 inde
652 3421 894 3531 perturbatur
921 3419 1128 3530 phanrafia,
1153 3416 1295 3531 species
1318 3416 1420 3503 liunt
1437 3428 1567 3537 magis
1591 3421 1674 3514 fixa,
1714 3508 1718 3521 ,

239 3535 290 3620 iic
318 3558 360 3618 ur
387 3534 437 3615 ab
466 3537 598 3615 animo
626 3560 704 3617 tam
731 3528 844 3616 facile
872 3561 954 3615 non
980 3529 1248 3641 expellantur,
1290 3556 1379 3645 quae
1416 3534 1674 3646 dilpofitiourt

221 3645 469 3760 plerumque
494 3653 731 3753 reperiuntur
748 3651 786 3728 in
807 3645 977 3755 perionis
1007 3643 1225 3730 vifionariis.
1336 3648 1392 3727 N.
1424 3677 1496 3733 ιο.
1523 3644 1673 3733 Elisabe-

239 3767 304 3845 tha
334 3765 410 3843 ait:
467 3753 635 3842 Arunda
671 3756 887 3867 multiplicer
928 3755 1114 3875 augustias
1151 3754 1276 3845 cordis
1311 3762 1384 3844 mei
1396 3822 1410 3860 ,
1456 3752 1540 3871 quTae
1566 3761 1671 3877 snpra

237 3872 348 3990 quim
378 3865 479 3956 credi
503 3868 617 3979 poteri
647 3899 701 3954 mr
729 3876 934 3957 coarc‘iant.
1048 3876 1101 3956 N.
1120 3905 1149 3958 --ι
1162 3901 1196 3957 ι.
1219 3880 1375 3983 propter
1400 3868 1478 3958 lroc
1505 3902 1585 3961 non
1610 3862 1666 3979 ces·

223 3982 388 4104 sant-ab
409 3979 522 4070 oculu
542 3984 629 4069 meir
647 3980 853 4088 lachrimae,
879 3982 938 4082 Θ*
957 3988 1147 4074 arentur
1160 3988 1313 4108 spiritus
1333 4011 1439 4071 meus
1457 3988 1656 4107 jugiturir

1608 4117 1658 4181 Μ.
