3796 4994
596 327 796 430 Revela.
821 325 875 424 de
895 327 1305 463 Agredc.Par511.
1568 359 1668 463 ιι]
1778 296 1781 301 ’

224 535 321 621 dum
341 532 530 646 cognovit
548 559 688 619 otnner
716 539 820 620 adius
840 532 1082 619 exercendos
1101 554 1173 642 per
1196 553 1296 630 eos,
1321 532 1393 641 qui
1411 552 1521 615 erant
1540 534 1579 613 in
1599 535 1672 618 Ec·

221 645 333 734 clelia
354 645 473 732 futuri
497 644 635 731 fervidi
653 673 876 747 amatores,
908 641 971 731 vel
1005 648 1209 755 Martyres.
1266 644 1316 727 Et
1350 644 1430 726 bec
1450 630 1604 731 scieritis
1627 653 1672 735 in

220 759 286 848 illa
318 756 493 845 causabar
527 761 671 845 tantiam
703 758 988 845 emulationem
1025 762 1193 854 autoris,
1219 781 1263 841 ut
1283 759 1324 840 in
1343 753 1424 868 ipsa
1443 761 1672 871 Martyrium

220 882 262 961 in
285 874 475 959 desrderio
500 873 616 959 fuerit
640 881 784 980 majus,
811 871 933 987 qodrn
952 867 1077 984 ipsum
1103 864 1253 956 adiuele
1282 876 1534 980 martyrium,
1554 874 1673 987 quod
1707 943 1710 949 .

219 1014 409 1187 ffinyres
428 985 589 1102 perpeffi
610 986 709 1074 sunt.
766 990 815 1075 Et
833 987 890 1073 ob
908 987 988 1072 hoe
1003 980 1082 1098 ipsa
1102 980 1178 1071 fuit
1194 986 1323 1100 ‘magis
1353 987 1524 1096 Morem,
1547 987 1667 1101 quim

294 1286 299 1295 ·
344 1257 437 1333 549.
465 1229 606 1315 Laeli.
632 1234 681 1316 V.
712 1221 931 1314 naturaliter
957 1221 1082 1313 fuiffet
1112 1220 1406 1339 incorruptibile
1432 1226 1492 1315 ob
1519 1229 1667 1320 bonam

222 1337 551 1456 complexionem.

342 1501 435 1579 550.
464 1477 634 1591 Qroties
656 1477 702 1558 Β.
716 1476 841 1585 Virgo
861 1470 1048 1559 inlantern
1069 1469 1181 1559 dedit
1199 1473 1239 1560 S.
1252 1469 1443 1587 Josepho,
1458 1471 1552 1564 loco
1565 1475 1667 1569 illius

220 1587 375 1705 sumpfit
396 1589 540 1673 semum
578 1583 799 1700 sanguinem
838 1591 880 1670 in
909 1586 1214 1673 circumcisione
1251 1584 1397 1690 fusum,
1427 1616 1546 1703 quem
1573 1593 1666 1682 tlidr
1776 1618 1779 1623 ’

219 1709 258 1791 8.
282 1701 474 1817 josephus
497 1698 647 1787 solebat
666 1695 862 1786 asservare.
919 1704 995 1784 Hic
1020 1725 1152 1785 autem
1178 1700 1326 1813 languis
1350 1700 1603 1807 allervabatur
1623 1714 1664 1795 in

218 1813 371 1904 vasculo
399 1811 631 1928 crystallino,
660 1811 775 1928 quod
796 1806 1040 1925 &Iosephus
1061 1838 1207 1898 eruerat
1224 1841 1273 1897 ex
1292 1820 1465 1926 pecuniis
1487 1816 1566 1904 alS.
1587 1818 1665 1908 mr·-

218 1930 375 2017 labetha
397 1930 565 2014 donatis.
631 1932 734 2010 Huic
758 1923 911 2010 vasculo
941 1932 987 2010 Β.
1007 1929 1131 2040 Virgo
1156 1922 1307 2012 inclulit
1336 1933 1588 2041 Praeputium2
1622 1941 1663 2036 de

217 2042 280 2131 lan
309 2049 438 2129 uinem
464 2071 512 2128 err
536 2038 707 2126 linteolis
732 2036 932 2127 resectum.
1013 2044 1166 2127 Vitrunt
1200 2033 1451 2127 claudebatur
1481 2071 1663 2161 argentea

219 2072 395 2256 coellet,
422 2152 489 2240 sed
506 2160 550 2242 Β.
573 2159 696 2268 Virgo
717 2149 805 2239 solo
836 2150 906 2238 suo
935 2155 1102 2268 irnperio
1124 2153 1220 2238 duas
1242 2179 1378 2274 ‘partes
1409 2156 1578 2255 cochleae
1611 2162 1662 2249 fic

221 2266 515 2470 efformavit,
532 2292 576 2354 ut
597 2297 670 2354 nec
687 2265 881 2354 aurifaber
890 2264 1026 2353 melius
1046 2262 1312 2382 conglutinare
1323 2268 1517 2382 potuilset.
1547 2282 1665 2365 Hunc

218 2410 238 2472 t
301 2411 433 2469 aurum
446 2389 503 2471 Β.
520 2387 643 2497 Virgo
663 2386 818 2468 retinuit
839 2404 925 2468 tota
943 2375 1008 2466 sua
1027 2386 1124 2470 vitas
1155 2381 1247 2468 dein
1262 2384 1360 2470 verb
1382 2381 1540 2501 reliquit
1552 2388 1662 2507 illum

218 2494 433 2612 Apostolis.
1276 2544 1292 2578 r

338 2652 430 2728 551.
459 2628 504 2710 Β.
530 2627 579 2710 V'
626 2649 654 2706 o
681 2622 732 2709 ad
766 2649 831 2708 me
859 2624 973 2708 dixit:
1011 2619 1123 2710 Nihil
1146 2627 1199 2710 est
1216 2627 1490 2740 requirendum
1516 2627 1541 2716 d
1567 2631 1661 2716 Deo

216 2739 345 2826 modo
366 2734 635 2851 supernaturai
660 2765 708 2821 ex
736 2734 897 2823 naturali
931 2734 1147 2827 defideri03
1191 2737 1315 2828 multo
1335 2748 1462 2829 minus
1488 2769 1536 2829 ert
1563 2771 1660 2831 vana

218 2851 449 2939 curiofitate.
516 2854 560 2935 ln
586 2851 768 2937 omnibus
794 2856 870 2936 tuis
892 2852 1185 2966 operationibus
1215 2880 1366 2942 tuarum
1399 2862 1660 2970 potentiarum

214 2962 457 3077 &sensuum
478 2963 650 3080 deneges
682 2970 757 3051 tuis
790 2960 1014 3070 affectibus,
1047 2969 1162 3083 quod
1184 2994 1347 3081 petunt,
1378 2970 1446 3058 etfi
1469 2973 1659 3060 haberent

213 3077 377 3191 speciem
399 3083 562 3164 virtutis.
1192 3088 1195 3093 ’

335 3229 429 3309 553.
453 3210 550 3288 Tres
576 3203 704 3313 Reges
725 3196 907 3289 nati-sunt
933 3229 982 3289 ert
1003 3201 1147 3303 Perfia,
1178 3205 1340 3305 Arabia,
1360 3210 1401 3290 δι
1423 3209 1547 3317 Saba,
1569 3238 1657 3328 quae

215 3322 396 3433 regiones
421 3314 590 3431 respectu
608 3310 804 3401 Palestioae
822 3315 897 3401 litae
916 3315 1001 3403 sunt
1015 3314 1144 3402 versus
1169 3324 1383 3414 Orientem.

333 3476 429 3550 554.
471 3450 524 3533 Hi
547 3470 623 3533 tres
644 3446 768 3559 Reges
792 3440 900 3532 erant
922 3447 1044 3548 docti,
1070 3452 1110 3530 &
1132 3448 1187 3533 ob
1214 3450 1292 3535 hoc
1314 3444 1398 3534 sunt
1414 3457 1544 3539 vocati
1567 3455 1654 3542 Ma·

213 3566 266 3674 gi.
324 3560 393 3648 Ob
426 3554 754 3645 conversationem
788 3587 877 3667 cum
911 3558 1083 3645 Hebraeis
1108 3562 1360 3648 obtinuerunt
1389 3569 1565 3653 notitiam
1600 3569 1653 3656 de

212 3677 346 3759 tuturo
380 3676 562 3760 Adventu
588 3671 741 3759 Meffiae.
822 3676 939 3761 Erant
961 3675 1067 3777 justis
1105 3679 1145 3758 δι
1162 3704 1250 3760 cum
1273 3704 1408 3762 eorum
1430 3707 1547 3794 regna
1567 3709 1653 3769 nou

213 3787 357 3873 fuerint
378 3815 532 3900 magna,
551 3814 598 3872 ea
618 3787 805 3900 regebant
825 3816 899 3986 fer
915 3784 1089 3898 seipsos„
1124 3788 1331 3876 Habebam
1349 3795 1465 3878 etlam
1490 3799 1591 3883 inter
1612 3792 1652 3885 se

170 3996 179 4010 ,
211 3907 490 3991 commercium
505 3898 728 3991 litterarium
755 3901 808 3989 de
842 3906 991 3989 cientiis
1013 3906 1054 3984 dc
1073 3904 1288 3992 virtutibtu.

1558 4187 1652 4270 lll·
