3690 4988
212 307 277 406 92
325 208 328 214 Ι
389 208 392 216 ¹
603 273 906 370 Revelatiorte't
942 274 984 371 S.
1026 279 1267 373 Gertrudit.
1350 282 1353 287 ’

28 432 32 440 “
115 505 128 520 “
216 478 299 583 bili
350 447 516 581 inodo
572 477 696 580 Filio
745 478 834 583 suo
897 477 1289 606 blandiebatur3
1372 475 1426 587 &
1471 513 1532 585 ex

72 630 77 641 '
215 621 492 737 blanditate
542 616 834 723 humanitas
881 620 1060 724 Christi
1115 631 1248 725 miro
1304 621 1474 729 modo
1525 621 1566 727 cl

48 768 55 776 ’
216 762 500 878 beabunt,
557 757 609 864 ἃ
661 793 720 863 ex
774 760 853 863 iila
906 761 1258 866 clarificatione
1320 761 1563 868 humanit

217 901 405 1043 Christi
440 934 625 1005 ornnes
671 902 836 1007 Sanffl
870 906 1211 1040 percipiebant
1248 938 1447 1008 novam
1488 937 1566 1043 cor

213 1057 411 1147 tionem
455 1043 728 1148 Trinitatis.
831 1073 922 1152 Haec
950 1072 1077 1150 auctio
1103 1062 1235 1179 gloriar
1263 1070 1349 1181 post
1376 1094 1548 1153 mortem

51 1291 57 1299 Ι
214 1186 267 1268 est
287 1210 455 1294 recepta,
482 1181 547 1266 sed
573 1211 646 1266 nec
671 1187 725 1267 est
744 1176 878 1266 eontra
902 1180 1033 1265 fidem.

355 1392 567 1498 XXXiX.
643 1395 697 1498 L.
735 1435 781 1527 4.
820 1395 877 1500 C.
917 1432 999 1522 43.
1079 1394 1135 1498 In
1183 1389 1306 1496 festo
1355 1393 1566 1522 Joannis

214 1546 448 1675 apparuit
489 1538 626 1640 idem
654 1538 916 1674 baptista,
956 1532 1008 1637 ἃ
1053 1533 1320 1637 videbatur
1363 1569 1512 1640 orare
1556 1572 1566 1675 Ι

215 1676 499 1796 omnibus,
559 1690 644 1816 qui
704 1686 1014 1784 venerationi
1070 1677 1173 1803 ejus
1232 1682 1544 1795 intererant,

212 1820 319 1924 hoc
379 1817 649 1936 obtinere,
706 1827 894 1922 utino
948 1827 1236 1921 interventu
1287 1816 1491 1925 daretur
1540 1826 1566 1955 i]

214 1960 333 2066 iilud
379 1971 652 2077 metitum,
709 1958 848 2098 quod
902 1964 998 2095 ipse
1056 1963 1328 2094 praecursor
1381 1962 1467 2063 ilio
1523 1954 1566 2067 fii

212 2100 384 2215 labore
441 2103 767 2239 acquisierat,
820 2104 958 2240 quod
1016 2101 1378 2234 ruperstudrose
1443 2105 1566 2209 cura*

47 2275 48 2278 ‘
212 2239 276 2346 ad
325 2238 532 2346 DEUM
577 2267 869 2350 convertere
920 2241 1076 2344 corda
1118 2242 1468 2375 populorum„
1560 2278 1566 2353 1

207 2385 335 2464 oratio
362 2384 401 2466 S.
429 2386 587 2484 Joannis
624 2411 706 2466 non
737 2382 888 2466 videtur
926 2378 1001 2466 effe
1033 2388 1138 2464 auus
1173 2382 1410 2492 prudentia,
1449 2387 1543 2499 quia

208 2498 337 2606 potest
359 2491 454 2579 iilud
480 2501 655 2578 meritum
678 2493 916 2596 immensum,
948 2495 1060 2606 quod
1087 2498 1250 2603 Baptista
1284 2494 1345 2578 sua
1377 2501 1566 2606 praedicari

205 2609 402 2704 ,obtinuit-
421 2611 540 2692 stutim
567 2605 722 2692 cuilibet
746 2612 827 2691 duri
854 2611 909 2690 ob
937 2603 1061 2690 levem
1095 2611 1364 2704 devotionern,
1394 2637 1474 2717 qua
1500 2619 1566 2694 intr

209 2726 290 2817 eius
320 2718 522 2805 festivitati.
611 2728 715 2803 Dein
740 2729 915 2804 rneriturn
944 2721 1098 2831 proprie
1127 2751 1207 2804 non
1235 2724 1362 2832 potest
1392 2724 1566 2806 donaria

209 2839 254 2927 ri,
289 2836 353 2916 nisi
384 2864 453 2943 per
490 2837 653 2917 mudum
685 2836 986 2928 interceffionis‚
1024 2837 1235 2945 quomodo
1270 2864 1365 2946 crgo
1395 2840 1556 2948 Baptista

209 2972 287 3056 gat,
318 2971 359 3029 ut
383 2948 550 3031 habeant
574 2944 637 3031 ahi
667 2946 762 3033 idem
793 2952 987 3049 meritum,
1015 2949 1126 3058 quud
1153 2946 1230 3058 ipse
1259 2951 1433 3035 habuit?
1471 2953 1547 3034 Sed

205 3087 249 3157 ,te
276 3058 499 3172 responderi
526 3066 674 3173 potest,
700 3066 739 3147 S.
767 3069 956 3164 joannem
992 3086 1141 3161 tantum
1179 3058 1352 3175 ruguit,
1388 3090 1432 3147 ut
1469 3095 1566 3149 ornru

209 3176 445 3281 toncedatur
470 3184 589 3287 gratia
618 3180 791 3284 ponendi
817 3173 934 3259 simile
958 3182 1146 3259 meritum.

349 3391 448 3496 XL
523 3392 575 3496 L.
607 3395 849 3527 4049.
922 3397 1134 3534 Spiritus
1161 3392 1208 3500 S.
1235 3396 1297 3500 de
1320 3397 1376 3503 B.
1405 3398 1465 3503 V.
1496 3401 1566 3505 dix

209 3531 327 3636 Una
383 3537 462 3636 est'
505 3535 750 3640 columba
797 3568 926 3639 mea.
1029 3535 1182 3641 Tunc
1233 3537 1383 3643 Filius
1434 3543 1566 3647 addic‘

180 3671 440 3777 ,Perfeba'
467 3707 621 3793 meat
694 3680 834 3816 quafi'
885 3678 1100 3790 diceret,
1148 3710 1309 3782 omne
1347 3685 1496 3817 quod
1536 3711 1566 3791 t:

202 3822 256 3916 in
294 3814 554 3921 divinitate
594 3817 752 3956 qubrn
780 3830 845 3924 ‘in
882 3817 1203 3923 humanitate
1236 3831 1291 3923 in
1328 3820 1549 3932 homine

207 3966 372 4060 venire
427 3981 712 4096 optarem,
772 3971 826 4066 in
881 3965 970 4067 ista
1035 3970 1201 4065 inveni
1280 3963 1566 4098 perfetuffir

1541 4124 1566 4208 C
