<?xml version="1.0" encoding="UTF-8"?>
<!DOCTYPE html PUBLIC "-//W3C//DTD XHTML 1.0 Transitional//EN"
    "http://www.w3.org/TR/xhtml1/DTD/xhtml1-transitional.dtd">
<html xmlns="http://www.w3.org/1999/xhtml" xml:lang="en" lang="en">
 <head>
  <title>
</title>
<meta http-equiv="Content-Type" content="text/html;charset=utf-8" />
  <meta name='ocr-system' content='tesseract 3.04.00' />
  <meta name='ocr-capabilities' content='ocr_page ocr_carea ocr_par ocr_line ocrx_word'/>
</head>
<body>
  <div class='ocr_page' id='page_1' title='image "./derevelationibu00amorgoog_0462.png"; bbox 0 0 3772 4988; ppageno 0'>
   <div class='ocr_carea' id='block_1_1' title="bbox 206 225 1250 370">
    <p class='ocr_par' dir='ltr' id='par_1_1' title="bbox 206 225 1250 370">
     <span class='ocr_line' id='line_1_1' title="bbox 206 225 1250 370; baseline 0.005 -38"><span class='ocrx_word' id='word_1_1' title='bbox 206 256 302 370; x_wconf 71' lang='lat'>¹5⁸</span> <span class='ocrx_word' id='word_1_2' title='bbox 581 225 887 335; x_wconf 64' lang='lat' dir='ltr'>&#39;Revelatianes</span> <span class='ocrx_word' id='word_1_3' title='bbox 920 237 968 332; x_wconf 83' lang='lat' dir='ltr'>S.</span> <span class='ocrx_word' id='word_1_4' title='bbox 1005 231 1250 337; x_wconf 79' lang='lat' dir='ltr'>Gertrttdis.</span> 
     </span>
    </p>
   </div>
   <div class='ocr_carea' id='block_1_2' title="bbox 204 432 1657 980">
    <p class='ocr_par' dir='ltr' id='par_1_2' title="bbox 204 432 1657 980">
     <span class='ocr_line' id='line_1_2' title="bbox 204 432 1653 558; baseline 0.001 -30"><span class='ocrx_word' id='word_1_5' title='bbox 204 439 422 558; x_wconf 65' lang='lat' dir='ltr'>plicarum,</span> <span class='ocrx_word' id='word_1_6' title='bbox 438 434 492 526; x_wconf 88' lang='lat' dir='ltr'>de</span> <span class='ocrx_word' id='word_1_7' title='bbox 508 464 587 552; x_wconf 88' lang='lat' dir='ltr'>qua</span> <span class='ocrx_word' id='word_1_8' title='bbox 607 439 773 525; x_wconf 90' lang='lat' dir='ltr'>dubium</span> <span class='ocrx_word' id='word_1_9' title='bbox 797 461 901 540; x_wconf 87' lang='lat' dir='ltr'>etat,</span> <span class='ocrx_word' id='word_1_10' title='bbox 934 462 1062 523; x_wconf 84' lang='lat' dir='ltr'>utrum</span> <span class='ocrx_word' id='word_1_11' title='bbox 1093 434 1187 523; x_wconf 84' lang='lat' dir='ltr'>eiset</span> <span class='ocrx_word' id='word_1_12' title='bbox 1218 434 1437 523; x_wconf 85' lang='lat' dir='ltr'>consectata</span> <span class='ocrx_word' id='word_1_13' title='bbox 1464 432 1531 525; x_wconf 85' lang='lat' dir='ltr'>vel</span> <span class='ocrx_word' id='word_1_14' title='bbox 1562 442 1653 529; x_wconf 77' lang='lat' dir='ltr'>not.</span> 
     </span>
     <span class='ocr_line' id='line_1_3' title="bbox 208 549 1652 667; baseline -0.003 -26"><span class='ocrx_word' id='word_1_15' title='bbox 208 564 301 663; x_wconf 90' lang='lat' dir='ltr'>Qua</span> <span class='ocrx_word' id='word_1_16' title='bbox 330 556 382 639; x_wconf 88' lang='lat' dir='ltr'>de</span> <span class='ocrx_word' id='word_1_17' title='bbox 406 580 448 636; x_wconf 90' lang='lat' dir='ltr'>re</span> <span class='ocrx_word' id='word_1_18' title='bbox 471 580 558 638; x_wconf 88' lang='lat' dir='ltr'>cum</span> <span class='ocrx_word' id='word_1_19' title='bbox 578 555 645 637; x_wconf 85' lang='lat' dir='ltr'>ista</span> <span class='ocrx_word' id='word_1_20' title='bbox 671 550 887 637; x_wconf 85' lang='lat' dir='ltr'>consuleret</span> <span class='ocrx_word' id='word_1_21' title='bbox 913 558 1150 649; x_wconf 88' lang='lat' dir='ltr'>Dominum,</span> <span class='ocrx_word' id='word_1_22' title='bbox 1184 557 1225 634; x_wconf 82' lang='lat' dir='ltr'>dr</span> <span class='ocrx_word' id='word_1_23' title='bbox 1251 551 1301 637; x_wconf 88' lang='lat' dir='ltr'>ab</span> <span class='ocrx_word' id='word_1_24' title='bbox 1330 572 1381 637; x_wconf 87' lang='lat' dir='ltr'>to</span> <span class='ocrx_word' id='word_1_25' title='bbox 1411 549 1652 667; x_wconf 83' lang='lat' dir='ltr'>intelligeret,</span> 
     </span>
     <span class='ocr_line' id='line_1_4' title="bbox 208 660 1655 779; baseline -0.003 -23"><span class='ocrx_word' id='word_1_26' title='bbox 208 671 375 757; x_wconf 87' lang='lat' dir='ltr'>hostiam</span> <span class='ocrx_word' id='word_1_27' title='bbox 398 660 502 750; x_wconf 88' lang='lat' dir='ltr'>illam</span> <span class='ocrx_word' id='word_1_28' title='bbox 527 681 609 751; x_wconf 90' lang='lat' dir='ltr'>non</span> <span class='ocrx_word' id='word_1_29' title='bbox 627 662 738 751; x_wconf 83' lang='lat' dir='ltr'>fuiise</span> <span class='ocrx_word' id='word_1_30' title='bbox 756 662 1036 761; x_wconf 77' lang='lat' dir='ltr'>consecratam,</span> <span class='ocrx_word' id='word_1_31' title='bbox 1089 661 1185 750; x_wconf 82' lang='lat' dir='ltr'>avila</span> <span class='ocrx_word' id='word_1_32' title='bbox 1209 663 1370 778; x_wconf 89' lang='lat' dir='ltr'>quidem</span> <span class='ocrx_word' id='word_1_33' title='bbox 1393 669 1472 762; x_wconf 82' lang='lat' dir='ltr'>est,</span> <span class='ocrx_word' id='word_1_34' title='bbox 1499 694 1574 779; x_wconf 86' lang='lat' dir='ltr'>pro</span> <span class='ocrx_word' id='word_1_35' title='bbox 1593 694 1655 766; x_wconf 81' lang='lat' dir='ltr'>eo,</span> 
     </span>
     <span class='ocr_line' id='line_1_5' title="bbox 212 773 1657 980; baseline -0.001 -114"><span class='ocrx_word' id='word_1_36' title='bbox 212 784 330 980; x_wconf 73' lang='lat' dir='ltr'>quod</span> <span class='ocrx_word' id='word_1_37' title='bbox 348 773 434 866; x_wconf 86' lang='lat' dir='ltr'>talis</span> <span class='ocrx_word' id='word_1_38' title='bbox 451 776 684 891; x_wconf 78' lang='lat' dir='ltr'>negligentia</span> <span class='ocrx_word' id='word_1_39' title='bbox 702 808 784 863; x_wconf 93' lang='lat' dir='ltr'>non</span> <span class='ocrx_word' id='word_1_40' title='bbox 807 804 888 863; x_wconf 89' lang='lat' dir='ltr'>erat</span> <span class='ocrx_word' id='word_1_41' title='bbox 907 806 998 862; x_wconf 90' lang='lat' dir='ltr'>com</span> <span class='ocrx_word' id='word_1_42' title='bbox 1043 784 1049 796; x_wconf 88' lang='lat'>&#39;</span> <span class='ocrx_word' id='word_1_43' title='bbox 1082 807 1130 874; x_wconf 84' lang='lat' dir='ltr'>a,</span> <span class='ocrx_word' id='word_1_44' title='bbox 1156 775 1222 862; x_wconf 88' lang='lat' dir='ltr'>sed</span> <span class='ocrx_word' id='word_1_45' title='bbox 1251 803 1381 863; x_wconf 82' lang='lat' dir='ltr'>tamm</span> <span class='ocrx_word' id='word_1_46' title='bbox 1400 774 1515 864; x_wconf 90' lang='lat' dir='ltr'>lucro</span> <span class='ocrx_word' id='word_1_47' title='bbox 1538 777 1657 865; x_wconf 86' lang='lat' dir='ltr'>laudis</span> 
     </span>
    </p>
   </div>
   <div class='ocr_carea' id='block_1_3' title="bbox 215 885 1662 1572">
    <p class='ocr_par' dir='ltr' id='par_1_3' title="bbox 215 885 1662 1572">
     <span class='ocr_line' id='line_1_6' title="bbox 246 885 1659 980; baseline 0.001 -1"><span class='ocrx_word' id='word_1_48' title='bbox 246 901 354 980; x_wconf 85' lang='lat' dir='ltr'>ivinat</span> <span class='ocrx_word' id='word_1_49' title='bbox 375 897 524 977; x_wconf 88' lang='lat' dir='ltr'>inhians</span> <span class='ocrx_word' id='word_1_50' title='bbox 540 897 637 978; x_wconf 85' lang='lat' dir='ltr'>dixit</span> <span class='ocrx_word' id='word_1_51' title='bbox 656 893 707 977; x_wconf 90' lang='lat' dir='ltr'>ad</span> <span class='ocrx_word' id='word_1_52' title='bbox 731 896 971 976; x_wconf 86' lang='lat' dir='ltr'>Dominum:</span> <span class='ocrx_word' id='word_1_53' title='bbox 998 885 1088 976; x_wconf 89' lang='lat' dir='ltr'>licet</span> <span class='ocrx_word' id='word_1_54' title='bbox 1106 918 1210 975; x_wconf 90' lang='lat' dir='ltr'>nunc</span> <span class='ocrx_word' id='word_1_55' title='bbox 1234 888 1472 978; x_wconf 84' lang='lat' dir='ltr'>contumelia</span> <span class='ocrx_word' id='word_1_56' title='bbox 1489 893 1659 980; x_wconf 76' lang='lat' dir='ltr'>tibiam</span> 
     </span>
     <span class='ocr_line' id='line_1_7' title="bbox 215 1004 1659 1118; baseline -0.002 -22"><span class='ocrx_word' id='word_1_57' title='bbox 215 1010 261 1097; x_wconf 82' lang='lat' dir='ltr'>stt</span> <span class='ocrx_word' id='word_1_58' title='bbox 286 1008 478 1106; x_wconf 78' lang='lat' dir='ltr'>exhibira3</span> <span class='ocrx_word' id='word_1_59' title='bbox 509 1015 601 1118; x_wconf 90' lang='lat' dir='ltr'>quia</span> <span class='ocrx_word' id='word_1_60' title='bbox 626 1033 756 1090; x_wconf 91' lang='lat' dir='ltr'>tamen</span> <span class='ocrx_word' id='word_1_61' title='bbox 777 1013 894 1090; x_wconf 90' lang='lat' dir='ltr'>toties</span> <span class='ocrx_word' id='word_1_62' title='bbox 922 1005 1065 1101; x_wconf 79' lang='lat' dir='ltr'>ituit,</span> <span class='ocrx_word' id='word_1_63' title='bbox 1089 1008 1204 1088; x_wconf 88' lang='lat' dir='ltr'>etiam</span> <span class='ocrx_word' id='word_1_64' title='bbox 1231 1005 1479 1118; x_wconf 82' lang='lat' dir='ltr'>quandoque</span> <span class='ocrx_word' id='word_1_65' title='bbox 1500 1005 1526 1092; x_wconf 72' lang='lat' dir='ltr'>i</span> <span class='ocrx_word' id='word_1_66' title='bbox 1546 1004 1659 1092; x_wconf 88' lang='lat' dir='ltr'>sacer·</span> 
     </span>
     <span class='ocr_line' id='line_1_8' title="bbox 216 1113 1658 1232; baseline 0.001 -25"><span class='ocrx_word' id='word_1_67' title='bbox 216 1123 379 1207; x_wconf 89' lang='lat' dir='ltr'>dotibus</span> <span class='ocrx_word' id='word_1_68' title='bbox 403 1148 448 1203; x_wconf 91' lang='lat' dir='ltr'>ac</span> <span class='ocrx_word' id='word_1_69' title='bbox 472 1118 672 1232; x_wconf 80' lang='lat' dir='ltr'>Religrofis</span> <span class='ocrx_word' id='word_1_70' title='bbox 696 1118 805 1204; x_wconf 86' lang='lat' dir='ltr'>srmrli</span> <span class='ocrx_word' id='word_1_71' title='bbox 824 1113 1059 1202; x_wconf 86' lang='lat' dir='ltr'>contumelia</span> <span class='ocrx_word' id='word_1_72' title='bbox 1078 1113 1250 1215; x_wconf 82' lang='lat' dir='ltr'>afficeris,</span> <span class='ocrx_word' id='word_1_73' title='bbox 1270 1144 1348 1231; x_wconf 86' lang='lat' dir='ltr'>ego</span> <span class='ocrx_word' id='word_1_74' title='bbox 1375 1146 1461 1204; x_wconf 92' lang='lat' dir='ltr'>non</span> <span class='ocrx_word' id='word_1_75' title='bbox 1508 1122 1658 1217; x_wconf 81' lang='lat' dir='ltr'>andam.</span> 
     </span>
     <span class='ocr_line' id='line_1_9' title="bbox 217 1229 1660 1349; baseline 0.001 -32"><span class='ocrx_word' id='word_1_76' title='bbox 217 1236 335 1349; x_wconf 91' lang='lat' dir='ltr'>quod</span> <span class='ocrx_word' id='word_1_77' title='bbox 365 1240 444 1320; x_wconf 85' lang='lat' dir='ltr'>haec</span> <span class='ocrx_word' id='word_1_78' title='bbox 467 1238 591 1318; x_wconf 84' lang='lat' dir='ltr'>hostia</span> <span class='ocrx_word' id='word_1_79' title='bbox 608 1261 690 1317; x_wconf 93' lang='lat' dir='ltr'>non</span> <span class='ocrx_word' id='word_1_80' title='bbox 712 1232 1008 1325; x_wconf 66' lang='lat' dir='ltr'>inconsecrata,</span> <span class='ocrx_word' id='word_1_81' title='bbox 1030 1257 1080 1314; x_wconf 86' lang='lat' dir='ltr'>tre</span> <span class='ocrx_word' id='word_1_82' title='bbox 1095 1229 1199 1315; x_wconf 85' lang='lat' dir='ltr'>forte</span> <span class='ocrx_word' id='word_1_83' title='bbox 1229 1255 1299 1343; x_wconf 87' lang='lat' dir='ltr'>pet</span> <span class='ocrx_word' id='word_1_84' title='bbox 1320 1258 1385 1316; x_wconf 86' lang='lat' dir='ltr'>me</span> <span class='ocrx_word' id='word_1_85' title='bbox 1399 1259 1457 1345; x_wconf 89' lang='lat' dir='ltr'>qu</span> <span class='ocrx_word' id='word_1_86' title='bbox 1499 1238 1660 1348; x_wconf 82' lang='lat' dir='ltr'>‘cunque</span> 
     </span>
     <span class='ocr_line' id='line_1_10' title="bbox 219 1337 1662 1457; baseline 0 -25"><span class='ocrx_word' id='word_1_87' title='bbox 219 1346 460 1432; x_wconf 85' lang='lat' dir='ltr'>defrauderis</span> <span class='ocrx_word' id='word_1_88' title='bbox 482 1349 659 1432; x_wconf 88' lang='lat' dir='ltr'>emenda.</span> <span class='ocrx_word' id='word_1_89' title='bbox 717 1348 782 1430; x_wconf 87' lang='lat' dir='ltr'>Da</span> <span class='ocrx_word' id='word_1_90' title='bbox 806 1349 899 1428; x_wconf 80' lang='lat' dir='ltr'>mihi</span> <span class='ocrx_word' id='word_1_91' title='bbox 925 1337 1161 1455; x_wconf 76' lang='lat' dir='ltr'>intelligere.</span> <span class='ocrx_word' id='word_1_92' title='bbox 1198 1370 1318 1457; x_wconf 88' lang='lat' dir='ltr'>quam</span> <span class='ocrx_word' id='word_1_93' title='bbox 1351 1347 1662 1432; x_wconf 79' lang='lat' dir='ltr'>emendationem</span> 
     </span>
     <span class='ocr_line' id='line_1_11' title="bbox 221 1451 1661 1572; baseline -0.004 -21"><span class='ocrx_word' id='word_1_94' title='bbox 221 1465 388 1551; x_wconf 77' lang='lat' dir='ltr'>maxime</span> <span class='ocrx_word' id='word_1_95' title='bbox 414 1487 632 1572; x_wconf 84' lang='lat' dir='ltr'>acceptares</span> <span class='ocrx_word' id='word_1_96' title='bbox 659 1489 732 1571; x_wconf 90' lang='lat' dir='ltr'>pro</span> <span class='ocrx_word' id='word_1_97' title='bbox 759 1455 935 1572; x_wconf 87' lang='lat' dir='ltr'>qualibet</span> <span class='ocrx_word' id='word_1_98' title='bbox 962 1451 1134 1541; x_wconf 80' lang='lat' dir='ltr'>offensa?</span> <span class='ocrx_word' id='word_1_99' title='bbox 1173 1482 1267 1541; x_wconf 88' lang='lat' dir='ltr'>tunc</span> <span class='ocrx_word' id='word_1_100' title='bbox 1302 1454 1494 1545; x_wconf 79' lang='lat' dir='ltr'>intellexit</span> <span class='ocrx_word' id='word_1_101' title='bbox 1532 1463 1661 1545; x_wconf 87' lang='lat' dir='ltr'>Domi·</span> 
     </span>
    </p>
   </div>
   <div class='ocr_carea' id='block_1_4' title="bbox 84 1569 1661 1686">
    <p class='ocr_par' dir='ltr' id='par_1_4' title="bbox 84 1569 1661 1686">
     <span class='ocr_line' id='line_1_12' title="bbox 84 1569 1661 1686; baseline -0.003 -23"><span class='ocrx_word' id='word_1_102' title='bbox 84 1672 88 1677; x_wconf 60' lang='grc'>,</span> <span class='ocrx_word' id='word_1_103' title='bbox 220 1603 316 1663; x_wconf 84' lang='lat' dir='ltr'>num</span> <span class='ocrx_word' id='word_1_104' title='bbox 340 1599 562 1686; x_wconf 82' lang='lat' dir='ltr'>acceptare,</span> <span class='ocrx_word' id='word_1_105' title='bbox 590 1574 678 1658; x_wconf 85' lang='lat' dir='ltr'>fiin</span> <span class='ocrx_word' id='word_1_106' title='bbox 710 1576 905 1656; x_wconf 81' lang='lat' dir='ltr'>honorent</span> <span class='ocrx_word' id='word_1_107' title='bbox 934 1571 1258 1655; x_wconf 75' lang='lat' dir='ltr'>smatffimorum</span> <span class='ocrx_word' id='word_1_108' title='bbox 1285 1569 1442 1657; x_wconf 85' lang='lat' dir='ltr'>suorum</span> <span class='ocrx_word' id='word_1_109' title='bbox 1471 1574 1661 1661; x_wconf 89' lang='lat' dir='ltr'>membm·</span> 
     </span>
    </p>
   </div>
   <div class='ocr_carea' id='block_1_5' title="bbox 221 1687 1664 2255">
    <p class='ocr_par' dir='ltr' id='par_1_5' title="bbox 221 1687 1664 2255">
     <span class='ocr_line' id='line_1_13' title="bbox 222 1687 1660 1798; baseline -0.002 -21"><span class='ocrx_word' id='word_1_110' title='bbox 222 1716 311 1777; x_wconf 82' lang='lat' dir='ltr'>turn</span> <span class='ocrx_word' id='word_1_111' title='bbox 340 1691 557 1772; x_wconf 88' lang='lat' dir='ltr'>dicerentur</span> <span class='ocrx_word' id='word_1_112' title='bbox 580 1691 747 1771; x_wconf 87' lang='lat' dir='ltr'>ducenta</span> <span class='ocrx_word' id='word_1_113' title='bbox 770 1689 905 1798; x_wconf 79' lang='lat' dir='ltr'>viginti</span> <span class='ocrx_word' id='word_1_114' title='bbox 931 1689 1110 1796; x_wconf 88' lang='lat' dir='ltr'>quinque</span> <span class='ocrx_word' id='word_1_115' title='bbox 1133 1689 1242 1769; x_wconf 80' lang='lat' dir='ltr'>Patet</span> <span class='ocrx_word' id='word_1_116' title='bbox 1264 1687 1408 1784; x_wconf 84' lang='lat' dir='ltr'>noster,</span> <span class='ocrx_word' id='word_1_117' title='bbox 1426 1692 1469 1770; x_wconf 86' lang='lat' dir='ltr'>dt</span> <span class='ocrx_word' id='word_1_118' title='bbox 1499 1689 1660 1774; x_wconf 85' lang='lat' dir='ltr'>totidem</span> 
     </span>
     <span class='ocr_line' id='line_1_14' title="bbox 222 1799 1664 1915; baseline 0.001 -29"><span class='ocrx_word' id='word_1_119' title='bbox 222 1828 349 1915; x_wconf 86' lang='lat' dir='ltr'>opera</span> <span class='ocrx_word' id='word_1_120' title='bbox 368 1803 556 1885; x_wconf 78' lang='lat' dir='ltr'>thamaris</span> <span class='ocrx_word' id='word_1_121' title='bbox 578 1805 763 1912; x_wconf 77' lang='lat' dir='ltr'>proximis</span> <span class='ocrx_word' id='word_1_122' title='bbox 796 1799 1090 1887; x_wconf 76' lang='lat' dir='ltr'>exhiberenturr</span> <span class='ocrx_word' id='word_1_123' title='bbox 1132 1802 1173 1881; x_wconf 85' lang='lat' dir='ltr'>dc</span> <span class='ocrx_word' id='word_1_124' title='bbox 1196 1799 1311 1882; x_wconf 91' lang='lat' dir='ltr'>etiam</span> <span class='ocrx_word' id='word_1_125' title='bbox 1337 1822 1400 1883; x_wconf 91' lang='lat' dir='ltr'>tot</span> <span class='ocrx_word' id='word_1_126' title='bbox 1423 1805 1664 1888; x_wconf 79' lang='lat' dir='ltr'>continentia</span> 
     </span>
     <span class='ocr_line' id='line_1_15' title="bbox 221 1906 1663 2020; baseline -0.002 -18"><span class='ocrx_word' id='word_1_127' title='bbox 221 1915 397 2002; x_wconf 84' lang='lat' dir='ltr'>inanium</span> <span class='ocrx_word' id='word_1_128' title='bbox 426 1921 465 1997; x_wconf 85' lang='lat' dir='ltr'>dt</span> <span class='ocrx_word' id='word_1_129' title='bbox 491 1911 682 2015; x_wconf 88' lang='lat' dir='ltr'>inutilium</span> <span class='ocrx_word' id='word_1_130' title='bbox 707 1910 1007 1997; x_wconf 77' lang='lat' dir='ltr'>delectationum</span> <span class='ocrx_word' id='word_1_131' title='bbox 1028 1909 1142 2020; x_wconf 78' lang='lat' dir='ltr'>ipsius</span> <span class='ocrx_word' id='word_1_132' title='bbox 1167 1911 1306 1997; x_wconf 81' lang='lat' dir='ltr'>divinat</span> <span class='ocrx_word' id='word_1_133' title='bbox 1327 1906 1584 2001; x_wconf 70' lang='lat' dir='ltr'>delectationi</span> <span class='ocrx_word' id='word_1_134' title='bbox 1610 1912 1663 2000; x_wconf 88' lang='lat' dir='ltr'>ol·</span> 
     </span>
     <span class='ocr_line' id='line_1_16' title="bbox 223 2022 1661 2142; baseline 0 -28"><span class='ocrx_word' id='word_1_135' title='bbox 223 2026 409 2115; x_wconf 79' lang='lat' dir='ltr'>fetentur.</span> <span class='ocrx_word' id='word_1_136' title='bbox 463 2029 543 2111; x_wconf 89' lang='lat' dir='ltr'>Sed</span> <span class='ocrx_word' id='word_1_137' title='bbox 568 2022 790 2137; x_wconf 83' lang='lat' dir='ltr'>responderi</span> <span class='ocrx_word' id='word_1_138' title='bbox 813 2029 951 2136; x_wconf 86' lang='lat' dir='ltr'>potest,</span> <span class='ocrx_word' id='word_1_139' title='bbox 977 2025 1109 2109; x_wconf 87' lang='lat' dir='ltr'>Deum</span> <span class='ocrx_word' id='word_1_140' title='bbox 1135 2051 1416 2138; x_wconf 88' lang='lat' dir='ltr'>nonnunquam</span> <span class='ocrx_word' id='word_1_141' title='bbox 1441 2026 1609 2142; x_wconf 83' lang='lat' dir='ltr'>obsequi</span> <span class='ocrx_word' id='word_1_142' title='bbox 1629 2055 1661 2112; x_wconf 88' lang='lat' dir='ltr'>t·</span> 
     </span>
     <span class='ocr_line' id='line_1_17' title="bbox 224 2135 1660 2255; baseline 0.003 -31"><span class='ocrx_word' id='word_1_143' title='bbox 224 2142 396 2252; x_wconf 81' lang='lat' dir='ltr'>jusmodi</span> <span class='ocrx_word' id='word_1_144' title='bbox 417 2139 610 2226; x_wconf 83' lang='lat' dir='ltr'>defidetiis</span> <span class='ocrx_word' id='word_1_145' title='bbox 637 2135 863 2237; x_wconf 74' lang='lat' dir='ltr'>smdiomm,</span> <span class='ocrx_word' id='word_1_146' title='bbox 895 2165 983 2252; x_wconf 74' lang='lat' dir='ltr'>quc</span> <span class='ocrx_word' id='word_1_147' title='bbox 1005 2137 1184 2223; x_wconf 88' lang='lat' dir='ltr'>videntur</span> <span class='ocrx_word' id='word_1_148' title='bbox 1211 2144 1375 2224; x_wconf 86' lang='lat' dir='ltr'>tentatio</span> <span class='ocrx_word' id='word_1_149' title='bbox 1399 2144 1494 2238; x_wconf 77' lang='lat' dir='ltr'>Dei,</span> <span class='ocrx_word' id='word_1_150' title='bbox 1512 2143 1660 2255; x_wconf 85' lang='lat' dir='ltr'>quando</span> 
     </span>
    </p>
   </div>
   <div class='ocr_carea' id='block_1_6' title="bbox 94 2245 1663 2365">
    <p class='ocr_par' dir='ltr' id='par_1_6' title="bbox 94 2245 1663 2365">
     <span class='ocr_line' id='line_1_18' title="bbox 94 2245 1663 2365; baseline 0.003 -27"><span class='ocrx_word' id='word_1_151' title='bbox 94 2356 97 2365; x_wconf 27' lang='grc' dir='ltr'>Ι</span> <span class='ocrx_word' id='word_1_152' title='bbox 226 2254 286 2339; x_wconf 88' lang='lat' dir='ltr'>ob</span> <span class='ocrx_word' id='word_1_153' title='bbox 305 2249 598 2338; x_wconf 86' lang='lat' dir='ltr'>familiaritatem</span> <span class='ocrx_word' id='word_1_154' title='bbox 628 2279 714 2336; x_wconf 87' lang='lat' dir='ltr'>cum</span> <span class='ocrx_word' id='word_1_155' title='bbox 743 2254 836 2337; x_wconf 87' lang='lat' dir='ltr'>Deo</span> <span class='ocrx_word' id='word_1_156' title='bbox 862 2257 901 2335; x_wconf 86' lang='lat' dir='ltr'>dc</span> <span class='ocrx_word' id='word_1_157' title='bbox 937 2247 1043 2339; x_wconf 86' lang='lat' dir='ltr'>usum</span> <span class='ocrx_word' id='word_1_158' title='bbox 1068 2245 1342 2337; x_wconf 86' lang='lat' dir='ltr'>miraculorum</span> <span class='ocrx_word' id='word_1_159' title='bbox 1363 2257 1444 2361; x_wconf 85' lang='lat' dir='ltr'>jam</span> <span class='ocrx_word' id='word_1_160' title='bbox 1469 2255 1559 2340; x_wconf 88' lang='lat' dir='ltr'>sunt</span> <span class='ocrx_word' id='word_1_161' title='bbox 1583 2259 1663 2343; x_wconf 84' lang='lat' dir='ltr'>cerri</span> 
     </span>
    </p>
   </div>
   <div class='ocr_carea' id='block_1_7' title="bbox 226 2361 873 2478">
    <p class='ocr_par' dir='ltr' id='par_1_7' title="bbox 226 2361 873 2478">
     <span class='ocr_line' id='line_1_19' title="bbox 226 2361 873 2478; baseline -0.012 -21"><span class='ocrx_word' id='word_1_162' title='bbox 226 2366 283 2457; x_wconf 73' lang='lat' dir='ltr'>¹(le</span> <span class='ocrx_word' id='word_1_163' title='bbox 303 2361 503 2452; x_wconf 88' lang='lat' dir='ltr'>voluntate</span> <span class='ocrx_word' id='word_1_164' title='bbox 520 2369 599 2452; x_wconf 89' lang='lat' dir='ltr'>Dei</span> <span class='ocrx_word' id='word_1_165' title='bbox 620 2365 873 2478; x_wconf 84' lang='lat' dir='ltr'>approbante.</span> 
     </span>
    </p>
   </div>
   <div class='ocr_carea' id='block_1_8' title="bbox 231 2424 1662 2754">
    <p class='ocr_par' dir='ltr' id='par_1_8' title="bbox 231 2424 1662 2754">
     <span class='ocr_line' id='line_1_20' title="bbox 372 2424 1662 2636; baseline 0.002 -36"><span class='ocrx_word' id='word_1_166' title='bbox 372 2494 498 2600; x_wconf 91' lang='lat' dir='ltr'>LlV.</span> <span class='ocrx_word' id='word_1_167' title='bbox 570 2493 760 2599; x_wconf 89' lang='lat' dir='ltr'>Vltima</span> <span class='ocrx_word' id='word_1_168' title='bbox 796 2487 1065 2597; x_wconf 87' lang='lat' dir='ltr'>difficultas</span> <span class='ocrx_word' id='word_1_169' title='bbox 1115 2424 1264 2622; x_wconf 82' lang='lat' dir='ltr'>olrjici</span> <span class='ocrx_word' id='word_1_170' title='bbox 1309 2497 1498 2631; x_wconf 86' lang='lat' dir='ltr'>potest,</span> <span class='ocrx_word' id='word_1_171' title='bbox 1536 2497 1662 2636; x_wconf 91' lang='lat' dir='ltr'>quod</span> 
     </span>
     <span class='ocr_line' id='line_1_21' title="bbox 231 2631 1662 2754; baseline 0.002 -13"><span class='ocrx_word' id='word_1_172' title='bbox 231 2633 458 2741; x_wconf 88' lang='lat' dir='ltr'>Christus</span> <span class='ocrx_word' id='word_1_173' title='bbox 493 2643 547 2738; x_wconf 91' lang='lat' dir='ltr'>in</span> <span class='ocrx_word' id='word_1_174' title='bbox 592 2631 668 2739; x_wconf 89' lang='lat' dir='ltr'>his</span> <span class='ocrx_word' id='word_1_175' title='bbox 712 2632 1131 2738; x_wconf 83' lang='lat' dir='ltr'>Revelationibus</span> <span class='ocrx_word' id='word_1_176' title='bbox 1174 2635 1324 2754; x_wconf 86' lang='lat' dir='ltr'>velit,</span> <span class='ocrx_word' id='word_1_177' title='bbox 1375 2670 1460 2742; x_wconf 88' lang='lat' dir='ltr'>eas</span> <span class='ocrx_word' id='word_1_178' title='bbox 1511 2649 1662 2744; x_wconf 89' lang='lat' dir='ltr'>omni·</span> 
     </span>
    </p>
   </div>
   <div class='ocr_carea' id='block_1_9' title="bbox 181 2772 1669 4073">
    <p class='ocr_par' dir='ltr' id='par_1_9' title="bbox 181 2772 1669 4073">
     <span class='ocr_line' id='line_1_22' title="bbox 231 2772 1664 2915; baseline -0.003 -33"><span class='ocrx_word' id='word_1_179' title='bbox 231 2772 330 2882; x_wconf 91' lang='lat' dir='ltr'>bus</span> <span class='ocrx_word' id='word_1_180' title='bbox 372 2775 645 2912; x_wconf 86' lang='lat' dir='ltr'>publicati,</span> <span class='ocrx_word' id='word_1_181' title='bbox 687 2772 741 2880; x_wconf 84' lang='lat' dir='ltr'>dc</span> <span class='ocrx_word' id='word_1_182' title='bbox 779 2775 813 2878; x_wconf 78' lang='grc' dir='ltr'>ὲ</span> <span class='ocrx_word' id='word_1_183' title='bbox 848 2773 988 2878; x_wconf 88' lang='lat' dir='ltr'>nullo</span> <span class='ocrx_word' id='word_1_184' title='bbox 1031 2783 1334 2915; x_wconf 88' lang='lat' dir='ltr'>impugnari.</span> <span class='ocrx_word' id='word_1_185' title='bbox 1476 2804 1560 2890; x_wconf 82' lang='lat' dir='ltr'>Sed</span> <span class='ocrx_word' id='word_1_186' title='bbox 1597 2804 1664 2886; x_wconf 72' lang='lat' dir='ltr'>hoc</span> 
     </span>
     <span class='ocr_line' id='line_1_23' title="bbox 232 2912 1664 3027; baseline 0 -27"><span class='ocrx_word' id='word_1_187' title='bbox 232 2942 317 3002; x_wconf 91' lang='lat' dir='ltr'>non</span> <span class='ocrx_word' id='word_1_188' title='bbox 345 2916 499 3001; x_wconf 89' lang='lat' dir='ltr'>videtur</span> <span class='ocrx_word' id='word_1_189' title='bbox 527 2912 601 3000; x_wconf 87' lang='lat' dir='ltr'>eise</span> <span class='ocrx_word' id='word_1_190' title='bbox 630 2921 736 3000; x_wconf 77' lang='lat' dir='ltr'>adius</span> <span class='ocrx_word' id='word_1_191' title='bbox 763 2915 997 3027; x_wconf 78' lang='lat' dir='ltr'>prudentia,</span> <span class='ocrx_word' id='word_1_192' title='bbox 1023 2919 1115 3027; x_wconf 91' lang='lat' dir='ltr'>quia</span> <span class='ocrx_word' id='word_1_193' title='bbox 1140 2913 1233 2999; x_wconf 87' lang='lat' dir='ltr'>licut</span> <span class='ocrx_word' id='word_1_194' title='bbox 1261 2918 1428 3001; x_wconf 90' lang='lat' dir='ltr'>Cantica</span> <span class='ocrx_word' id='word_1_195' title='bbox 1456 2914 1664 3002; x_wconf 76' lang='lat' dir='ltr'>Sdomonit</span> 
     </span>
     <span class='ocr_line' id='line_1_24' title="bbox 232 3021 1665 3143; baseline -0.005 -27"><span class='ocrx_word' id='word_1_196' title='bbox 232 3057 317 3116; x_wconf 92' lang='lat' dir='ltr'>non</span> <span class='ocrx_word' id='word_1_197' title='bbox 341 3029 487 3115; x_wconf 88' lang='lat' dir='ltr'>debent</span> <span class='ocrx_word' id='word_1_198' title='bbox 507 3026 689 3115; x_wconf 80' lang='lat' dir='ltr'>omnihus</span> <span class='ocrx_word' id='word_1_199' title='bbox 711 3031 882 3139; x_wconf 91' lang='lat' dir='ltr'>permitti</span> <span class='ocrx_word' id='word_1_200' title='bbox 900 3050 967 3110; x_wconf 93' lang='lat' dir='ltr'>aut</span> <span class='ocrx_word' id='word_1_201' title='bbox 987 3029 1253 3113; x_wconf 88' lang='lat' dir='ltr'>commendari</span> <span class='ocrx_word' id='word_1_202' title='bbox 1276 3030 1328 3112; x_wconf 89' lang='lat' dir='ltr'>ad</span> <span class='ocrx_word' id='word_1_203' title='bbox 1352 3021 1599 3143; x_wconf 75' lang='lat' dir='ltr'>legendum.</span> <span class='ocrx_word' id='word_1_204' title='bbox 1621 3034 1665 3113; x_wconf 82' lang='lat' dir='ltr'>ira</span> 
     </span>
     <span class='ocr_line' id='line_1_25' title="bbox 232 3135 1665 3257; baseline 0 -29"><span class='ocrx_word' id='word_1_205' title='bbox 232 3171 307 3228; x_wconf 89' lang='lat' dir='ltr'>nec</span> <span class='ocrx_word' id='word_1_206' title='bbox 328 3138 415 3229; x_wconf 88' lang='lat' dir='ltr'>libri</span> <span class='ocrx_word' id='word_1_207' title='bbox 437 3146 705 3257; x_wconf 85' lang='lat' dir='ltr'>mysticorum,</span> <span class='ocrx_word' id='word_1_208' title='bbox 730 3146 770 3222; x_wconf 75' lang='grc' dir='ltr'>ἃ</span> <span class='ocrx_word' id='word_1_209' title='bbox 796 3135 892 3224; x_wconf 87' lang='lat' dir='ltr'>tales</span> <span class='ocrx_word' id='word_1_210' title='bbox 916 3136 1196 3240; x_wconf 85' lang='lat' dir='ltr'>revelationes,</span> <span class='ocrx_word' id='word_1_211' title='bbox 1222 3147 1263 3224; x_wconf 89' lang='lat' dir='ltr'>in</span> <span class='ocrx_word' id='word_1_212' title='bbox 1289 3141 1433 3255; x_wconf 88' lang='lat' dir='ltr'>quibus</span> <span class='ocrx_word' id='word_1_213' title='bbox 1472 3163 1665 3228; x_wconf 84' lang='lat' dir='ltr'>occurrunt</span> 
     </span>
     <span class='ocr_line' id='line_1_26' title="bbox 181 3253 1666 3346; baseline 0.003 -8"><span class='ocrx_word' id='word_1_214' title='bbox 181 3280 184 3289; x_wconf 79' lang='grc'><strong><em>’</em></strong></span> <span class='ocrx_word' id='word_1_215' title='bbox 231 3253 428 3340; x_wconf 87' lang='lat' dir='ltr'>blanditiae</span> <span class='ocrx_word' id='word_1_216' title='bbox 443 3256 748 3342; x_wconf 83' lang='lat' dir='ltr'>extraordinariae</span> <span class='ocrx_word' id='word_1_217' title='bbox 767 3255 909 3338; x_wconf 86' lang='lat' dir='ltr'>Christi</span> <span class='ocrx_word' id='word_1_218' title='bbox 931 3255 980 3336; x_wconf 93' lang='lat' dir='ltr'>ad</span> <span class='ocrx_word' id='word_1_219' title='bbox 996 3258 1163 3337; x_wconf 89' lang='lat' dir='ltr'>animam</span> <span class='ocrx_word' id='word_1_220' title='bbox 1189 3261 1383 3341; x_wconf 79' lang='lat' dir='ltr'>&amp;animae</span> <span class='ocrx_word' id='word_1_221' title='bbox 1408 3259 1463 3343; x_wconf 89' lang='lat' dir='ltr'>ad</span> <span class='ocrx_word' id='word_1_222' title='bbox 1487 3259 1666 3346; x_wconf 77' lang='lat' dir='ltr'>Christum</span> 
     </span>
     <span class='ocr_line' id='line_1_27' title="bbox 234 3361 1666 3480; baseline 0.003 -28"><span class='ocrx_word' id='word_1_223' title='bbox 234 3395 378 3478; x_wconf 89' lang='lat' dir='ltr'>nempe</span> <span class='ocrx_word' id='word_1_224' title='bbox 401 3363 543 3465; x_wconf 82' lang='lat' dir='ltr'>oscula,</span> <span class='ocrx_word' id='word_1_225' title='bbox 569 3361 790 3477; x_wconf 85' lang='lat' dir='ltr'>amplexus,</span> <span class='ocrx_word' id='word_1_226' title='bbox 812 3371 850 3448; x_wconf 82' lang='grc' dir='ltr'>δι</span> <span class='ocrx_word' id='word_1_227' title='bbox 877 3363 1020 3451; x_wconf 76' lang='lat' dir='ltr'>similia.</span> <span class='ocrx_word' id='word_1_228' title='bbox 1098 3367 1146 3451; x_wconf 85' lang='lat' dir='ltr'>Et</span> <span class='ocrx_word' id='word_1_229' title='bbox 1168 3368 1247 3453; x_wconf 90' lang='lat' dir='ltr'>hoc</span> <span class='ocrx_word' id='word_1_230' title='bbox 1267 3367 1483 3480; x_wconf 86' lang='lat' dir='ltr'>prudenter</span> <span class='ocrx_word' id='word_1_231' title='bbox 1503 3368 1666 3457; x_wconf 75' lang='lat' dir='ltr'>observat</span> 
     </span>
     <span class='ocr_line' id='line_1_28' title="bbox 232 3475 1667 3581; baseline 0.001 -16"><span class='ocrx_word' id='word_1_232' title='bbox 232 3482 277 3565; x_wconf 79' lang='lat' dir='ltr'>P.</span> <span class='ocrx_word' id='word_1_233' title='bbox 299 3486 496 3564; x_wconf 86' lang='lat' dir='ltr'>Tannerus</span> <span class='ocrx_word' id='word_1_234' title='bbox 524 3483 562 3564; x_wconf 87' lang='lat' dir='ltr'>S.</span> <span class='ocrx_word' id='word_1_235' title='bbox 589 3483 611 3581; x_wconf 87' lang='lat' dir='ltr'>J</span> <span class='ocrx_word' id='word_1_236' title='bbox 645 3483 686 3561; x_wconf 92' lang='lat' dir='ltr'>in</span> <span class='ocrx_word' id='word_1_237' title='bbox 707 3475 981 3564; x_wconf 85' lang='lat' dir='ltr'>Diisettatione</span> <span class='ocrx_word' id='word_1_238' title='bbox 997 3475 1203 3565; x_wconf 74' lang='lat' dir='ltr'>Proimiali</span> <span class='ocrx_word' id='word_1_239' title='bbox 1224 3482 1276 3567; x_wconf 83' lang='lat' dir='ltr'>ad</span> <span class='ocrx_word' id='word_1_240' title='bbox 1296 3478 1579 3571; x_wconf 83' lang='lat' dir='ltr'>Revelationes</span> <span class='ocrx_word' id='word_1_241' title='bbox 1595 3485 1667 3567; x_wconf 75' lang='lat' dir='ltr'>Ma</span> 
     </span>
     <span class='ocr_line' id='line_1_29' title="bbox 234 3588 1667 3692; baseline 0.004 -12"><span class='ocrx_word' id='word_1_242' title='bbox 234 3598 326 3680; x_wconf 87' lang='lat' dir='ltr'>rinae</span> <span class='ocrx_word' id='word_1_243' title='bbox 344 3594 396 3676; x_wconf 91' lang='lat' dir='ltr'>de</span> <span class='ocrx_word' id='word_1_244' title='bbox 418 3589 604 3691; x_wconf 58' lang='lat' dir='ltr'>Elephan</span> <span class='ocrx_word' id='word_1_245' title='bbox 626 3589 693 3674; x_wconf 92' lang='lat' dir='ltr'>ubi</span> <span class='ocrx_word' id='word_1_246' title='bbox 713 3602 744 3692; x_wconf 76' lang='grc' dir='ltr'>ς.</span> <span class='ocrx_word' id='word_1_247' title='bbox 766 3609 804 3675; x_wconf 80' lang='grc'>6.</span> <span class='ocrx_word' id='word_1_248' title='bbox 824 3594 897 3677; x_wconf 86' lang='lat' dir='ltr'>ait:</span> <span class='ocrx_word' id='word_1_249' title='bbox 937 3597 989 3677; x_wconf 90' lang='lat' dir='ltr'>Ut</span> <span class='ocrx_word' id='word_1_250' title='bbox 1016 3588 1102 3675; x_wconf 85' lang='lat' dir='ltr'>luus</span> <span class='ocrx_word' id='word_1_251' title='bbox 1124 3589 1270 3680; x_wconf 76' lang='lat' dir='ltr'>frudus</span> <span class='ocrx_word' id='word_1_252' title='bbox 1296 3596 1354 3680; x_wconf 85' lang='lat' dir='ltr'>his</span> <span class='ocrx_word' id='word_1_253' title='bbox 1380 3594 1667 3686; x_wconf 71' lang='lat' dir='ltr'>revelationum</span> 
     </span>
     <span class='ocr_line' id='line_1_30' title="bbox 236 3704 1667 3823; baseline 0.001 -32"><span class='ocrx_word' id='word_1_254' title='bbox 236 3709 407 3801; x_wconf 87' lang='lat' dir='ltr'>constet,</span> <span class='ocrx_word' id='word_1_255' title='bbox 432 3705 710 3789; x_wconf 87' lang='lat' dir='ltr'>advertendum</span> <span class='ocrx_word' id='word_1_256' title='bbox 741 3708 818 3801; x_wconf 80' lang='lat' dir='ltr'>eil,</span> <span class='ocrx_word' id='word_1_257' title='bbox 851 3733 933 3789; x_wconf 93' lang='lat' dir='ltr'>non</span> <span class='ocrx_word' id='word_1_258' title='bbox 965 3717 1039 3812; x_wconf 87' lang='lat' dir='ltr'>pro</span> <span class='ocrx_word' id='word_1_259' title='bbox 1066 3709 1250 3792; x_wconf 91' lang='lat' dir='ltr'>omnibus</span> <span class='ocrx_word' id='word_1_260' title='bbox 1277 3704 1454 3823; x_wconf 81' lang='lat' dir='ltr'>vulgari,</span> <span class='ocrx_word' id='word_1_261' title='bbox 1487 3742 1578 3799; x_wconf 86' lang='lat' dir='ltr'>cum</span> <span class='ocrx_word' id='word_1_262' title='bbox 1601 3730 1667 3795; x_wconf 84' lang='lat' dir='ltr'>not</span> 
     </span>
     <span class='ocr_line' id='line_1_31' title="bbox 236 3815 1669 4016; baseline 0.006 -112"><span class='ocrx_word' id='word_1_263' title='bbox 236 3820 361 3904; x_wconf 80' lang='lat' dir='ltr'>desint</span> <span class='ocrx_word' id='word_1_264' title='bbox 376 3821 535 3933; x_wconf 90' lang='lat' dir='ltr'>quidam</span> <span class='ocrx_word' id='word_1_265' title='bbox 553 3824 607 3904; x_wconf 91' lang='lat' dir='ltr'>ita</span> <span class='ocrx_word' id='word_1_266' title='bbox 624 3815 805 3930; x_wconf 81' lang='lat' dir='ltr'>dispoliti,</span> <span class='ocrx_word' id='word_1_267' title='bbox 828 3841 871 3901; x_wconf 93' lang='lat' dir='ltr'>ut</span> <span class='ocrx_word' id='word_1_268' title='bbox 887 3822 1014 3901; x_wconf 84' lang='lat' dir='ltr'>noxiae</span> <span class='ocrx_word' id='word_1_269' title='bbox 1030 3822 1162 4016; x_wconf 77' lang='lat' dir='ltr'>potius</span> <span class='ocrx_word' id='word_1_270' title='bbox 1182 3827 1235 3904; x_wconf 90' lang='lat' dir='ltr'>eis</span> <span class='ocrx_word' id='word_1_271' title='bbox 1255 3816 1376 3908; x_wconf 83' lang='lat' dir='ltr'>effent</span> <span class='ocrx_word' id='word_1_272' title='bbox 1391 3822 1550 3927; x_wconf 66' lang='lat' dir='ltr'>future,</span> <span class='ocrx_word' id='word_1_273' title='bbox 1568 3822 1669 3945; x_wconf 73' lang='lat' dir='ltr'>quin</span> 
     </span>
     <span class='ocr_line' id='line_1_32' title="bbox 234 3926 1669 4073; baseline 0.005 -52"><span class='ocrx_word' id='word_1_274' title='bbox 234 3929 428 4034; x_wconf 79' lang='lat' dir='ltr'>salutares,</span> <span class='ocrx_word' id='word_1_275' title='bbox 454 3936 573 4050; x_wconf 75' lang='lat' dir='ltr'>piam</span> <span class='ocrx_word' id='word_1_276' title='bbox 597 3958 672 4023; x_wconf 86' lang='lat' dir='ltr'>trec</span> <span class='ocrx_word' id='word_1_277' title='bbox 698 3930 886 4047; x_wconf 77' lang='lat' dir='ltr'>scriptura</span> <span class='ocrx_word' id='word_1_278' title='bbox 908 3926 1016 4017; x_wconf 84' lang='lat' dir='ltr'>lactae</span> <span class='ocrx_word' id='word_1_279' title='bbox 1053 3939 1155 4019; x_wconf 73' lang='lat' dir='ltr'>edio</span> <span class='ocrx_word' id='word_1_280' title='bbox 1182 3935 1369 4027; x_wconf 84' lang='lat' dir='ltr'>omnibus</span> <span class='ocrx_word' id='word_1_281' title='bbox 1396 3946 1573 4073; x_wconf 68' lang='lat' dir='ltr'>expedit</span> <span class='ocrx_word' id='word_1_282' title='bbox 1622 3942 1669 4023; x_wconf 80' lang='lat' dir='ltr'>la·</span> 
     </span>
    </p>
   </div>
   <div class='ocr_carea' id='block_1_10' title="bbox 1563 4058 1670 4177">
    <p class='ocr_par' dir='ltr' id='par_1_10' title="bbox 1563 4058 1670 4177">
     <span class='ocr_line' id='line_1_33' title="bbox 1563 4058 1670 4177; baseline 0 -32"><span class='ocrx_word' id='word_1_283' title='bbox 1563 4058 1670 4177; x_wconf 62' lang='lat' dir='ltr'>prim·</span> 
     </span>
    </p>
   </div>
   <div class='ocr_carea' id='block_1_11' title="bbox 0 0 1920 4988">
    <p class='ocr_par' dir='ltr' id='par_1_11' title="bbox 0 0 1920 4988">
     <span class='ocr_line' id='line_1_34' title="bbox 0 0 1920 4988; baseline 0 0"><span class='ocrx_word' id='word_1_284' title='bbox 0 0 1920 4988; x_wconf 95' lang='lat' dir='ltr'> </span> 
     </span>
    </p>
   </div>
  </div>
 </body>
</html>
