3796 4994
48 442 67 457 ‚‚
202 320 266 430 16
661 267 838 462 Regula
861 356 918 424 ex
944 319 1164 426 Patribus.

195 527 452 632 „exhibetur
507 531 733 620 Secundum
752 530 951 648 Spiritui,
971 537 1064 648 quia
1084 558 1167 616 non
1187 529 1242 615 est
1264 553 1408 642 corpus
1433 530 1565 647 imago
1585 532 1655 618 ab·

197 643 348 747 „sentis
365 653 552 760 corporis.
609 656 783 736 Tertium
801 656 897 735 verb
912 644 1175 737 Inieiuuuau.
1233 648 1281 730 Et
1294 645 1348 734 C.
1364 679 1378 730 i
1394 677 1427 731 i.
1455 653 1545 731 Tria
1557 677 1654 762 ergo

197 789 379 876 „genera
396 763 610 863 visionum,
624 762 853 880 corporale,
882 759 1069 875 spiritale,
1097 768 1139 846 δι
1162 755 1420 846 intelledluale
1440 760 1657 876 singillatim

197 876 515 977 „consideranda
532 876 630 967 sunt.
719 876 949 994 Corporalis
972 878 1070 965 visio
1091 873 1185 962 nulli
1199 878 1342 959 horum
1364 877 1560 987 praesidet,
1589 875 1657 963 scd

197 993 352 1106 „quod
373 1022 444 1105 per
463 999 741 1087 eamlentituti
766 992 821 1085 illi
843 989 1022 1107 spirituali
1047 1017 1235 1107 tanquam
1261 990 1475 1102 praesidenti
1501 997 1657 1078 nuntia·

198 1133 326 1207 „turi
354 1136 446 1193 nain
470 1138 557 1195 cum
572 1107 722 1225 aliquid
742 1107 866 1196 oculis
886 1113 1073 1205 cernitur,
1089 1109 1280 1192 continui>
1298 1104 1342 1189 fit
1356 1114 1436 1215 ejus
1458 1113 1590 1220 imago
1611 1113 1655 1193 in

199 1217 391 1330 „spiritus
422 1229 460 1308 &
476 1224 502 1310 si
517 1221 664 1339 spiritus
677 1221 906 1311 irrationalis
920 1227 998 1326 est,
1020 1219 1138 1307 veluti
1154 1223 1544 1336 pecoris,hucusque
1556 1251 1657 1308 ocu·

83 1406 87 1419 .
199 1333 266 1436 „ii
289 1344 478 1424 nuntiant.
589 1345 627 1425 Si
650 1368 778 1426 autem
800 1346 928 1426 anima
951 1335 1148 1423 rationalis
1177 1338 1253 1438 est,
1293 1342 1408 1421 ctiam
1441 1333 1656 1424 intellectui

200 1460 458 1558 „nuntiatum
483 1481 525 1540 ut
549 1451 708 1555 fiillud,
737 1456 853 1572 quod
880 1450 989 1540 oculi
1013 1456 1238 1549 hauserunt,
1253 1444 1410 1557 alicujus
1423 1456 1485 1536 cei
1501 1451 1657 1566 signum

200 1569 318 1667 „est,
335 1577 525 1655 continuo
545 1568 809 1686 intelligatur,
838 1570 938 1686 quid
963 1567 1161 1682 significet.
1244 1567 1354 1650 Vidit
1369 1568 1451 1652 Reii
1464 1563 1655 1654 balthasar

201 1683 424 1782 „articulos
444 1713 578 1770 minus
596 1684 792 1772 scribentis
818 1691 857 1770 iu
881 1689 1057 1797 pariete,
1088 1682 1362 1794 continuoque
1383 1709 1454 1792 pet
1477 1686 1656 1794 corporis

201 1792 387 1898 „sensum
410 1806 540 1914 imago
561 1807 616 1886 rei
633 1801 777 1913 spiritui
799 1796 975 1914 impressa
995 1799 1074 1894 cst,
1098 1823 1218 1910 atque
1238 1802 1278 1878 in
1304 1801 1543 1910 cogitatione
1565 1827 1656 1910 per-

201 1913 388 2013 „manfin
444 1919 661 2003 Videbatur
682 1923 723 2001 in
734 1913 862 2029 spiritu
879 1921 917 1999 δι
931 1916 1111 1999 nonduin
1129 1907 1429 2025 intelligebatur.
1488 1911 1656 1998 Acceffit

202 2026 411 2131 „Danieh
425 2035 464 2114 dr
487 2033 582 2145 quid
605 2029 675 2115 illo
698 2032 808 2146 figno
830 2034 1148 2143 portenderetur,
1167 2028 1328 2138 aperuit.
1388 2029 1440 2113 C.
1460 2055 1525 2113 η.
1582 2033 1655 2113 His

202 2142 489 2246 „consideratis
510 2172 691 2260 apparet,
712 2142 956 2257 corporalem
991 2141 1177 2226 visionem
1196 2137 1329 2226 referri
1358 2140 1409 2226 ad
1426 2137 1655 2255 spiritalem,

199 2263 283 2355 „dc
309 2253 513 2370 spiritalem
550 2259 681 2345 referri
715 2263 766 2344 ad
802 2253 1113 2344 intellectualem.
1198 2256 1280 2340 Sed
1305 2282 1395 2342 cum
1430 2251 1656 2371 vigilantes,

196 2400 375 2487 „neque
413 2376 589 2461 mentei
625 2374 791 2460 sensibus
825 2370 978 2459 alienati
1013 2378 1053 2456 iii
1092 2370 1239 2457 visione
1277 2368 1473 2485 corporali
1502 2373 1655 2471 sumus,

202 2485 489 2589 „discernimus
509 2492 558 2574 ab
581 2520 627 2577 ea
643 2490 829 2575 visionem
850 2483 1076 2602 spiritalem,
1106 2514 1184 2601 qua
1199 2514 1365 2600 corpora
1391 2484 1561 2573 absentia
1587 2517 1658 2573 co·

198 2607 428 2716 „gitamus,
445 2633 486 2691 ut
506 2635 590 2691 non
609 2607 856 2700 dubitemus,
875 2608 956 2688 hate
977 2600 1052 2686 esse
1068 2629 1268 2714 corpora,
1294 2599 1377 2687 illas
1398 2607 1493 2687 verb
1519 2608 1655 2719 imagi·

202 2746 312 2819 „nes
335 2745 559 2833 corporum.
636 2722 749 2804 Crini
765 2745 894 2802 autem
916 2713 978 2800 vel
1007 2721 1124 2802 nimia
1144 2720 1390 2829 cogitationis
1414 2717 1655 2820 intensione,

151 2835 162 2859 ⁸
203 2887 232 2930 „
243 2828 307 2925 vel
326 2834 455 2948 aliqua
477 2841 516 2919 vi
541 2833 690 2930 morbi,
731 2838 834 2918 utin
861 2834 1115 2946 phreneticis,
1145 2839 1182 2915 dr
1206 2860 1276 2943 per
1296 2830 1450 2918 febrem
1478 2837 1659 2923 accidere

203 2944 364 3047 „solet,
386 2947 450 3034 vel
470 2954 755 3034 *commixtione
785 2943 941 3055 alicujus
956 2951 1117 3060 Spiritus
1136 2946 1234 3030 boni
1262 2944 1325 3032 vel
1355 2943 1463 3048 mali,
1486 2955 1541 3034 ita
1570 2978 1658 3035 cor·

199 3060 437 3175 „puralium
456 3091 584 3149 return
609 3069 649 3147 in
669 3063 800 3174 spiritu
832 3066 1098 3172 exprimuntur
1124 3065 1334 3175 imagines,
1363 3088 1550 3178 tanquam
1569 3065 1658 3178 ipsis
1676 3087 1683 3094 '

202 3183 421 3292 „corporis
438 3175 605 3263 sensibus
629 3204 794 3289 corpora
815 3170 1107 3289 praesententur,
1133 3203 1315 3262 manente
1333 3203 1465 3264 tamen
1479 3185 1595 3264 etiam
1619 3190 1659 3266 iii

198 3289 409 3393 „sensibus
432 3296 607 3405 corporis
631 3292 861 3379 intensione.
946 3292 1121 3403 Quando
1146 3318 1275 3378 autem
1300 3299 1452 3406 penitus
1474 3300 1660 3384 avertitur

203 3434 368 3522 „atque
390 3408 577 3519 abripitur
603 3413 719 3491 animi
757 3403 922 3492 inteufio
941 3404 1148 3492 isensibus
1174 3416 1376 3521 corporis,
1418 3435 1512 3495 tunc
1535 3418 1660 3526 magis

202 3523 382 3624 „uetans
402 3527 478 3607 dici
503 3518 610 3606 solet.
723 3528 1045 3621 Tuucomnino,
1077 3550 1323 3637 quaecunque
1350 3520 1435 3608 sunt
1466 3523 1661 3639 praeseiitia

206 3667 433 3751 „corpora,
447 3643 566 3720 etiam
591 3638 811 3749 patentibus
827 3633 952 3721 oculis
975 3667 1058 3722 non
1078 3640 1280 3737 videntur,
1309 3665 1382 3723 nec
1400 3636 1485 3725 ullae
1507 3640 1663 3753 prorsus

203 3783 363 3858 „voces
386 3753 606 3838 audiuntur.
688 3759 817 3838 Totus
835 3759 954 3838 animi
973 3756 1168 3837 contuitus
1190 3778 1255 3838 aut
1275 3759 1316 3837 itt
1339 3782 1548 3866 corporum
1565 3763 1662 3842 ima·

204 3873 401 3990 „ginibus
417 3872 470 3953 est
494 3895 563 3980 per
578 3864 808 3979 spiritalem,
827 3896 893 3951 aut
914 3875 952 3951 in
972 3868 1086 3952 rebus
1100 3872 1341 3979 incorporeis
1365 3866 1469 3953 trulla
1484 3878 1664 3984 corporis

207 3989 413 4100 „imagine
430 3984 600 4098 figuratis
615 4013 685 4094 pcr
709 3980 1011 4069 intellcciualein
1025 3979 1227 4065 visionem.
1280 3984 1361 4066 Sed
1378 4012 1469 4069 cum
1488 3983 1660 4096 spiritalis

208 4108 342 4208 „visio
357 4108 508 4211 penitus
525 4093 701 4182 alienato
723 4100 747 4186 ai
776 4096 942 4182 sensibus
966 4102 1143 4207 corporis
1162 4103 1293 4179 animo
1322 4101 1551 4214 imaginibus
1574 4131 1663 4186 eor·

202 4217 439 4342 „ponium
452 4219 655 4327 detinetur
676 4216 756 4328 live
772 4219 818 4304 iii
837 4207 1005 4321 souuus,
1019 4215 1156 4303 sivein
1176 4211 1321 4316 ficui,
1343 4214 1371 4322 si
1400 4210 1497 4306 nibil
1519 4215 1664 4332 fignifi-

251 4407 256 4415 .
1422 4408 1431 4422 .
1507 4360 1661 4440 neunt,
