3796 4994
216 335 314 435 30⁸
588 304 1270 452 Reurbrdengreanarrll.

213 511 336 625 sephi,
355 511 615 602 minilbabant
635 516 690 605 illi
722 522 773 606 ad
796 518 961 606 mensam
969 550 986 629 ,ς
1014 518 1296 605 comitabantur
1311 541 1404 603 earu
1423 512 1592 629 ubique,
1619 513 1657 596 dr

212 629 395 738 'navabant
420 630 472 711 ad
489 627 769 719 inserviendum
788 632 975 748 Joseplto·
1082 690 1086 695 -
1647 687 1656 706 -0

340 764 433 840 184.
471 748 646 853 Quando
668 742 789 832 libera
812 752 835 834 d
861 746 1128 832 sundionibus
1153 742 1227 829 suit
1254 740 1385 828 resina
1406 737 1479 827 suae
1500 736 1661 828 namtas

216 851 467 967 dispositioni,
489 861 704 967 patiebatur
725 857 940 975 deliquium
964 876 1043 973 prae'
1060 864 1203 943 amoris
1226 860 1326 945 estu.

217 1036 220 1047 .
336 992 432 1070 185·
474 974 585 1082 Saepe
608 1002 656 1056 ex
679 974 864 1059 mandato
885 976 976 1059 DEI
995 1000 1083 1058 aves
1111 969 1323 1055 salutabant
1347 965 1421 1054 suis
1443 966 1662 1052 oddonibus

218 1081 396 1181 Mariam,
418 1088 457 1165 δι
473 1081 667 1172 faciebant
687 1089 756 1203 ipsa
772 1087 975 1190 muscam-3
1003 1111 1077 1172 nec
1094 1082 1357 1180 discedebant,
1377 1080 1445 1166 nili
1465 1085 1580 1193 prius¹
1593 1088 1662 1167 irn-

218 1192 334 1307 pensa
356 1197 644 1284 benedictione.
1590 1250 1597 1263 ·
1618 1226 1623 1237 '

231 1321 234 1328 ‘
341 1338 436 1407 190.
461 1339 553 1418 193.
577 1317 788 1427 Postquam
804 1317 846 1399 Β.
856 1319 904 1401 V.
916 1318 958 1398 in
983 1309 1102 1399 Edast
1125 1313 1297 1424 agnouit,
1316 1303 1560 1396 voluntatem
1575 1312 1663 1396 DEI

222 1417 321 1521 eisc,
343 1449 387 1509 ut
410 1425 534 1510 vifitet
555 1423 770 1533 Elisabeth,
795 1433 950 1513 vocavit
972 1426 1023 1510 ad
1047 1422 1084 1509 se
1108 1428 1199 1510 suos
1222 1420 1329 1508 mille
1348 1421 1511 1536 angelos
1540 1427 1664 1510 eusto-

223 1536 295 1620 des
302 1591 317 1634 ,
350 1542 487 1653 eisque
522 1542 740 1639 mandavit,
773 1565 818 1627 ut
844 1539 883 1626 se
903 1546 1137 1626 comitentur
1154 1542 1192 1621 in
1218 1543 1292 1621 via.
1375 1532 1521 1648 Angeli
1554 1536 1666 1628 obso-

222 1676 399 1762 quuntur
413 1659 418 1666 '
433 1655 642 1753 mandato,
675 1680 831 1741 cantant
860 1682 949 1739 curn
987 1649 1272 1737 illa'canticum
1304 1654 1483 1747 Domini,
1512 1657 1557 1735 dc
1588 1658 1667 1740 col·

223 1759 443 1875 loquuntur
491 1768 543 1851 de
589 1771 769 1881 mysterio
816 1772 1090 1853 incarnationis
1128 1814 1145 1832 ·
1205 1764 1338 1849 vtrtlm
1388 1767 1504 1849 nimis
1535 1763 1668 1882 longi

169 1928 174 1935 -
223 1881 495 2078 progredeerle'r,
519 1880 546 1967 st
570 1879 712 1970 vellem
740 1888 872 1969 omnia
901 1879 1129 1979 describere,
1157 1904 1244 1991 quae
1271 1880 1365 1966 milu'
1394 1901 1559 1966 eatenus
1586 1881 1667 1969 fite·

222 2018 314 2079 runt
338 2021 405 2079 rev
445 2020 518 2079 ata.
574 2027 578 2036 ·

346 2136 441 2209 194.
467 2122 562 2206 196.
589 2114 702 2194 Tunc
715 2114 813 2222 petit
830 2107 1025 2193 licentiam
1040 2104 1209 2191 abeundi
1230 2102 1309 2190 dS.
1325 2101 1501 2223 Josepbo
1524 2110 1666 2197 dicens:

226 2216 398 2306 Domine
422 2228 497 2305 &c
579 2224 660 2333 Sed
685 2222 914 2336 respondit,
944 2224 982 2306 se
1009 2217 1111 2304 velle
1132 2214 1234 2302 illam
1260 2226 1447 2313 comitari.
1536 2227 1669 2339 ltaque

225 2327 354 2417 secutn
367 2329 520 2444 sumpsit
535 2361 690 2449 panem,
701 2363 849 2449 paucos
865 2331 1081 2450 pisciculos,
1096 2339 1136 2419 δι
1156 2332 1301 2419 afinum
1320 2336 1669 2425 commodarum&

225 2440 385 2545 studius,
408 2473 496 2534 curn
518 2454 656 2564 exigua
676 2447 872 2536 sarcinula.

347 2573 444 2697 aor.
461 2592 568 2698 ρος.
606 2568 670 2650 Sic
690 2563 966 2760 ᾳῗβτςᾴἰυῃψτ
990 2565 1064 2648 iter
1086 2556 1235 2699 versum
1260 2561 1437 2646 Donum
1469 2566 1668 2700 Zacharia,

228 2676 875 2895 dilsillislllliiif'l‘
893 2675 1117 2987 diffidis.
1134 2676 1423 2899 illisis&
1444 2678 1527 2901 ,si
1548 2685 1669 2879 liii

231 2897 375 2988 detera
405 2903 520 3014 quod
547 2928 678 2989 tamen
711 2930 795 2987 non
827 2904 933 2986 admi
946 2926 989 2985 it.
1070 2907 1116 2988 B.
1150 2906 1274 3014 Virgo
1297 2898 1395 3013 saepe
1426 2907 1559 2994 inuia
1586 2933 1669 2991 cum

77 3021 83 3027 ’
231 3015 376 3126 angelis
396 3015 628 3102 decantabat
645 3014 780 3101 laudes
804 3019 915 3114 DEI,
943 3015 1036 3100 dum
1058 3021 1205 3099 interea
1233 3019 1273 3101 S.
1294 3018 1436 3127 Joseph
1457 3020 1668 3106 meditaba-

232 3148 309 3214 tur.
333 3196 336 3203 ι
396 3158 492 3231 ²04·
521 3133 562 3217 S.
586 3124 728 3242 Joseph
750 3131 1033 3215 accendebatur
1052 3125 1167 3213 valde
1187 3131 1227 3211 in
1241 3155 1376 3231 amore
1399 3131 1491 3214 DEI
1512 3160 1565 3218 ex
1582 3162 1672 3248 prae·

228 3235 350 3435 {entia
378 3239 611 3341 saluatoris,
644 3249 822 3358 quamvis
846 3239 901 3329 illi
932 3249 975 3328 B.
1000 3249 1125 3357 Virgo
1151 3267 1236 3328 non
1263 3239 1562 3334 manifestaverit
1588 3275 1673 3335 cau·

243 3379 319 3442 m
351 3499 445 3571 207.
472 3476 549 3558 lter
571 3472 682 3560 durat
705 3472 1040 3586 quatuor'diebus.
1113 3472 1159 3554 ln
1180 3422 1333 3585 aliquot
1351 3467 1570 3562 diversoriis
1595 3501 1673 3561 non

97 3626 100 3634 ,
232 3582 456 3671 admittitur.
537 3587 760 3728 Inquirebat
779 3593 817 3720 in
839 3612 1040 3784 pauperes,
1065 3581 1252 3683 infirmos,
1276 3588 1315 3667 dt
1342 3581 1673 3725 desolarunouos

235 3694 518 3797 consolabatur,
539 3726 607 3785 aur
632 3730 657 3786 a
681 3696 888 3795 dolonbus
947 3699 1121 3784 berabat.
1202 3700 1338 3783 Statim
1364 3726 1493 3812 primo
1526 3703 1595 3788 dte
1614 3728 1675 3789 tn·

233 3816 486 4011 pegurepcerit
509 3819 549 3900 in
566 3810 733 3926 hospitio
753 3809 1675 4030 unginffipuzpltfflitciiaznzexrpnkeimpemut

143 3998 148 4007 ·
234 3955 286 4127 r
305 3955 925 4200 sas-uuum,
1043 4100 1058 4114 Α.
1361 3956 1676 4077 m

1587 4176 1676 4252 208.
