3796 4994
528 333 805 434 veneratu
828 334 1044 434 Veronicae
1069 334 1122 431 de
1143 327 1340 462 Binasco.
1482 340 1490 347 ’
1566 362 1666 461 217

212 529 363 648 =Joseph
396 538 436 618 dt
459 537 733 638 Nicodemus‚
756 543 826 649 qui
846 562 955 624 erant
986 540 1101 650 nigris
1116 536 1256 660 induti
1281 498 1474 634 vestibus,
1511 540 1685 650 capitiis·

214 650 266 735 ed
284 645 424 735 oculos
445 677 571 762 usque
591 646 912 737 descendentibus
941 701 959 716 ·
987 647 1091 735 scalis
1121 650 1427 761 prominentibus
1455 645 1683 737 ascenden-³
1841 686 1843 693 ·

214 787 276 848 tes
296 762 465 847 cadaver
481 759 744 877 deposuerunt
761 771 804 851 itt
823 769 1013 880 gremium
1029 770 1171 851 metris.
1196 812 1217 831 ·
1271 767 1377 848 Dein
1400 791 1537 853 omnes
1558 766 1667 851 obie-

216 901 330 977 runt,
356 881 395 960 de
429 882 622 963 Veronica
652 877 801 992 semper
829 905 961 966 comet
995 873 1105 963 affuit
1141 875 1284 990 angelo
1298 876 1448 976 =duce‚
1481 883 1700 991 quicum·

216 993 263 1072 B.
282 994 434 1100 Virgo,
459 995 666 1103 ceterique
685 993 852 1077 domum
871 991 1067 1105 quandam
1095 990 1247 1104 ingredi
1260 987 1405 1094 essent,
1432 995 1669 1092 Veronicam

218 1103 272 1190 ad
300 1105 513 1189 videndum
539 1101 729 1218 templtun
752 1102 977 1201 Salomonis
1007 1104 1199 1219 perduxit.

337 1274 382 1357 1..
410 1301 450 1371 4,
478 1277 525 1356 C.
560 1298 625 1370 19·
661 1268 853 1386 ingressae
873 1268 1071 1386 templum·
1091 1268 1267 1384 Angelus
1296 1271 1415 1356 dixit:
1454 1250 1586 1381 Quem
1612 1266 1683 1354 via*

221 1383 293 1468 'des
312 1378 459 1482 locum,
480 1382 668 1497 templum
690 1389 744 1471 est
759 1383 994 1473 Salomonis.
1047 1386 1128 1471 Sed
1151 1387 1239 1472 NB.
1262 1379 1469 1497 Templum
1490 1380 1673 1472 Salomo-

222 1502 281 1582 nis
298 1527 384 1585 non
399 1494 561 1611 amplius
583 1500 685 1587 stetit
703 1502 791 1612 post
802 1502 1079 1613 Captivitatem
1096 1494 1387 1612 Babylonicatu.
1673 1566 1677 1573 .
1852 1493 1858 1518 “

336 1668 382 1750 Ι.
400 1697 440 1766 4.
458 1667 509 1750 C.
532 1691 598 1749 ro.
624 1667 701 1748 Die
721 1663 870 1749 Paschae
895 1666 1096 1748 Veronicae
1122 1664 1271 1774 spiritus
1293 1658 1576 1777 Angeloduce
1595 1659 1671 1745 doc·

224 1804 331 1864 mum
356 1777 461 1863 fitam
488 1785 530 1861 in
564 1802 700 1863 monte
730 1781 854 1875 Sion,
890 1781 936 1873 in,
960 1803 1040 1890 qua
1058 1775 1266 1861 beatissima
1291 1781 1418 1860 Mater
1442 1773 1672 1858 lachrimans
1732 1845 1737 1857 .

223 1887 502 2004 perseverabat,
529 1892 635 1976 adiit.
717 1895 808 1978 Nec
829 1888 964 1978 moras
1005 1895 1045 1973 dt
1067 1890 1168 1975 Ecce
1191 1894 1258 1973 Ma
1288 1885 1428 1972 dasena
1457 1890 1479 1970 d
1511 1890 1671 2000 Virgine

222 2009 349 2090 Matre
374 2003 624 2089 dimissionem
647 2008 756 2116 petit,
779 2030 822 2089 ut
844 2003 895 2088 ad
916 2015 1209 2089 monumentum
1226 1916 1366 2089 Clristi
1387 2000 1573 2113 prodeatr
1592 2022 1673 2112 qut

223 2118 394 2203 abeunte
413 2113 561 2201 vultum
586 2122 753 2230 Virginis
776 2122 910 2202 Matris
925 2144 1037 2202 novo
1057 2117 1203 2231 gaudio
1227 2118 1419 2200 immutari
1441 2110 1672 2226 conspedate

227 2229 465 2316 accrevero
497 2225 679 2345 paulatim
713 2226 840 2313 laetitia
871 2235 910 2314 in
945 2229 1058 2314 n'sutn
1092 2231 1251 2315 tandem
1290 2231 1481 2343 prorupit.
1564 2228 1672 2311 Turn

226 2341 355 2429 subito
396 2342 590 2455 resurgens
625 2345 798 2429 Christus
841 2340 975 2429 locum
1012 2339 1196 2457 ingressus
1235 2346 1313 2440 est,
1345 2347 1407 2426 cui
1445 2363 1567 2426 mater
1598 2339 1675 2422 ob·

226 2464 329 2657 Ἔπη]
375 2461 593 2572 procedens
634 2458 723 2570 post
771 2479 922 2544 mutuas
980 2452 1224 2570 susurrationes
1284 2449 1408 2543 filium
1466 2449 1672 2568 complexa

226 2598 294 2658 e.
330 2653 334 2657 .
852 2612 858 2621 ·

348 2715 393 2800 Ι..
413 2744 453 2817 4.
470 2714 521 2798 C.
541 2743 608 2798 ar.
637 2713 793 2799 Christo
813 2706 1003 2796 coelorum
1031 2710 1148 2797 orbes
1172 2709 1391 2798 ascendenti
1416 2736 1561 2797 novem
1587 2707 1673 2805 An

230 2824 408 2942 gelorum
432 2828 607 2940 legiones
626 2827 858 2916 obviabantr
884 2822 1096 2912 afferebant
1118 2822 1301 2939 plerique
1315 2825 1456 2933 incenfi
1477 2827 1624 2913 odores
1642 2806 1686 2913 ξ’

227 2947 345 3048 JESU
372 2935 516 3031 coelum
551 2944 783 3052 Empyreum
819 2938 986 3054 ingrello
1025 2945 1179 3026 Patrem
1214 2965 1260 3025 ac
1284 2940 1465 3052 Spiritum
1492 2941 1673 3027 smum

229 3053 350 3142 veluti
372 3052 501 3137 eidem
520 3055 725 3139 obviantes
748 3049 1061 3167 contemplaturi
1098 3077 1180 3140 erat
1204 3058 1246 3138 iu
1281 3050 1461 3166 supremo
1492 3047 1584 3140 coeli
1609 3078 1673 3137 ce·

230 3172 383 3254 rumine
403 3161 532 3250 locata
552 3164 660 3253 sedes
676 3165 904 3253 ornauffima
920 3168 972 3253 ad
986 3167 1183 3256 dexteram
1196 3171 1330 3266 Patris,
1343 3171 1385 3255 in
1402 3193 1482 3282 qua
1498 3166 1674 3255 Christus
1810 3220 1814 3227 -

231 3281 367 3369 sedens
390 3274 553 3366 effulsit..

346 3440 390 3522 t.
413 3468 454 3541 4.
478 3434 530 3519 C.
553 3463 620 3518 ea.
676 3436 812 3519 Node
832 3436 1081 3522 pentecostes
1095 3438 1290 3523 Veronica
1311 3435 1409 3522 vidit
1425 3441 1464 3522 in
1493 3433 1673 3552 supremo

233 3546 325 3636 coeli
346 3553 545 3634 cacumine
568 3549 763 3633 Christum
790 3572 881 3632 ante
910 3551 1040 3633 Deum
1060 3554 1211 3636 Patrem
1237 3576 1364 3665 genua
1389 3557 1607 3638 nectentem
1627 3579 1674 3639 ae
1832 3619 1846 3635 .

234 3665 448 3751 dicentems
490 3664 618 3761 Nosti,
644 3690 671 3745 o
694 3665 748 3744 mi
773 3667 886 3746 Pater
904 3659 1147 3762 smeufime,
1169 3691 1257 3748 cum
1284 3666 1387 3778 apud
1416 3664 1598 3751 mortales
1620 3664 1677 3752 est

233 3778 327 3877 sem,
350 3778 467 3863 Matri
486 3802 581 3861 rneae
600 3779 640 3859 dt
668 3769 859 3886 discipulis
880 3778 977 3859 meis
1010 3801 1077 3860 me
1111 3772 1326 3889 pollicitum
1358 3779 1466 3864 soille
1492 3784 1676 3893 Spiritum

232 3895 441 3978 Sandumr
479 3915 650 4002 cumque
670 3889 859 3973 hodierna
874 3888 959 3974 dits
976 3888 1068 3976 huic
1088 3891 1250 3977 miffioni
1269 3915 1360 4003 apta
1383 3896 1527 3994 existat,
1548 3920 1677 4004 annue

234 4000 377 4119 queso,
401 4029 486 4115 quo
504 4003 546 4087 id
566 4003 805 4112 perficiam.-.
860 4004 941 4087 Cui
967 4009 1106 4092 Patere
1156 4008 1345 4122 Quando·
1359 4000 1416 4092 fili
1441 4003 1678 4108 dilediffitne

350 4115 411 4203 D.
432 4116 480 4200 Ε.
497 4118 552 4203 Α.
571 4111 617 4200 de
635 4112 816 4206 Revelat.
839 4115 941 4202 Part
962 4114 1020 4206 11.
1210 4121 1282 4232 Ee
1311 4141 1314 4147 ·
1547 4124 1679 4225 omnia
