3796 4994
558 270 835 411 Regularum
870 274 1200 379 Summurium.
1504 276 1605 407 267

144 476 268 686 gffimi
290 483 332 569 in·
352 478 433 568 hoc
449 504 594 597 genere
615 482 867 599 quandoque
887 480 1148 600 decipiuntur.
1207 478 1426 599 Cast.·Reg.
1446 502 1484 580 8.
1502 468 1606 573 'uolt

191 660 202 685 .
232 630 269 687 t.
371 648 374 653 ·
855 638 858 642 ’

129 859 138 870 ,
254 766 413 909 Regula.
446 799 515 872 24.
572 771 669 873 Non
700 769 755 856 est
785 791 932 857 certum
963 763 1146 885 iignum,
1179 762 1440 854 revelationes
1476 766 1602 859 essei
1685 779 1689 785 ’

141 886 252 981 Deo,
280 913 331 969 eo
352 887 468 999 quod
488 885 559 971 fint
577 876 945 997 alicujus'personae,
968 911 1138 998 quotum
1166 887 1244 967 vita
1277 888 1315 966 δι
1343 878 1599 973 dominatu
1693 950 1697 955 -

79 1032 86 1049 ·
141 996 309 1087 Ecclesia
353 1002 578 1089 robaraest.
607 1004 720 1089 Cast.
734 1005 834 1115 Rtg.
864 1030 929 1086 ta.
957 1094 960 1099 ,
987 1003 1104 1103 Ratio
1125 998 1199 1096 est,
1228 1004 1321 1114 quia
1340 991 1601 1086 revelationes
1675 1078 1695 1087 .-

142 1122 257 1201 etiam
283 1030 418 1201 tullum
449 1114 720 1232 personarum,
756 1141 922 1231 quarum
954 1110 1129 1201 sanctitas
1162 1119 1203 1197 δι
1246 1114 1424 1199 doeirina
1447 1112 1521 1199 fuit
1546 1114 1598 1201 ab

141 1227 315 1318 Ecclesia
335 1232 589 1349 *DoRotibus
625 1258 670 1317 ac
707 1229 873 1317 Praelatis
910 1228 1162 1344 approbata,
1197 1257 1235 1314 v.
1267 1256 1305 1342 g.
1342 1232 1383 1315 S.
1415 1233 1594 1343 Brigittae,
1723 1250 1726 1255 ’

141 1349 182 1432 S.
214 1345 445 1449 Gertrudis,
476 1351 516 1435 S.
547 1347 773 1435 Cathatinoe
797 1343 975 1433 Senensis
1007 1344 1077 1430 fibi
1102 1348 1271 1430 invicem
1303 1345 1596 1435 contradicuntt

143 1465 183 1545 δι
234 1467 328 1577 quia
360 1464 521 1553 constat,
572 1466 832 1548 intentionem
878 1461 1188 1574 'approbantium
1238 1487 1322 1545 non
1360 1454 1491 1557 fuiffe,
1530 1486 1605 1551 eat·

141 1572 399 1680 revelationes
429 1577 671 1664 obtrudendi
707 1602 895 1693 tanquam
933 1579 1042 1663 certo
1081 1576 1246 1666 divinas.
1332 1569 1522 1661 nolint.
1561 1605 1597 1664 ι.

142 1723 182 1782 a.
210 1724 250 1797 3.
317 1746 322 1754 -
515 1722 520 1727 ·

258 1867 416 1991 Regula.
448 1894 515 1972 ις.
573 1872 674 1962 Non
712 1871 765 1958 est
791 1896 940 1959 certum
968 1869 1133 1988 lignum,
1159 1868 1441 1960 revelationem
1470 1868 1545 1959 elle
1571 1868 1627 1983 i,

141 1989 252 2087 Deo,
280 1986 307 2071 st
331 1992 576 2096 conjunctam
605 1988 749 2073 habeat
780 1983 1000 2075 suavitatem
1033 1990 1235 2105 quandam
1266 1994 1457 2075 internam
1486 1995 1597 2073 inex·
1632 2060 1635 2065 .
1705 1982 1732 2013 ⁵

142 2100 375 2219 plicabilem.
433 2105 550 2188 Ratio
575 2103 642 2201 est,
663 2107 814 2219 quia&
834 2104 1003 2190 doemon
1027 2100 1234 2191 infundere
1253 2104 1381 2220 potest
1402 2103 1599 2213 jucundis·

143 2218 273 2305 stmam
293 2214 616 2315 consolationem,
640 2246 687 2304 ac
707 2213 908 2330 placorem
932 2222 1051 2305 animi
1079 2216 1412 2334 inexplicabilem,
1434 2220 1487 2304 de
1508 2220 1596 2334 qui-

143 2335 218 2421 bus
240 2334 399 2449 persona
423 2328 528 2418 illam
554 2337 756 2447 experiens
777 2335 908 2420 dicere
930 2338 1070 2448 potest.
1125 2336 1216 2427 Nec
1241 2333 1371 2422 oculus
1391 2331 1507 2437 uidit,
1528 2358 1596 2421 nec

141 2454 251 2551 auris
273 2446 441 2552 audivit,
471 2464 540 2536 nec
567 2452 608 2536 in
634 2476 702 2536 ror
723 2443 884 2551 bominis
919 2446 1096 2565 ascendii.
1151 2452 1258 2537 ean
1276 2452 1371 2565 Reg.
1392 2466 1457 2543 18.

260 2619 416 2743 Regula.
448 2638 513 2709 26.
571 2626 670 2707 Non
703 2625 756 2708 eli
789 2652 937 2710 certum
973 2624 1137 2740 fignum,
1164 2622 1443 2713 revelationem
1475 2622 1550 2714 else
1568 2626 1599 2714 -i

146 2743 256 2839 Det),
277 2767 360 2825 non
386 2742 482 2824 veri>
507 2736 531 2825 ai
554 2739 760 2841 doemone,
791 2740 818 2826 n
848 2737 948 2826 faeta
977 2740 1021 2826 lit
1046 2742 1209 2827 durante
1226 2739 1365 2828 actuali
1390 2736 1598 2859 colloquio

144 2852 315 2972 personat
335 2859 410 3052 fiae
430 2882 519 2939 cum
546 2856 652 2939 Deo.
683 2858 787 2941 Cast.
805 2858 900 2970 Reg.
926 2885 990 2953 ¹9·
1047 2858 1159 2941 Ratio
1186 2861 1253 2956 est,
1277 2861 1370 2971 quia
1387 2863 1502 2945 etiam
1527 2858 1600 2943 du·

144 2995 253 3058 rante
272 2974 478 3083 coloquio
502 2996 590 3054 cum
609 2969 703 3053 Deo
726 2973 856 3084 potest
879 2972 1049 3059 doemon
1074 2967 1256 3087 inspirate
1279 2999 1454 3063 erronea.
1508 2970 1600 3063 vid.

142 3085 239 3178 infra
262 3080 449 3200 Regulam
475 3114 543 3191 32.
570 3089 611 3168 δι
635 3114 702 3189 33.
1645 3096 1648 3101 '

263 3275 417 3395 Regula.
447 3308 512 3376 27·
570 3277 671 3360 Non
693 3274 747 3359 est
775 3298 920 3358 certum
951 3272 1127 3389 fignum,
1156 3273 1435 3365 revelationem
1464 3273 1539 3366 elle
1576 3276 1601 3365 i

145 3399 257 3492 Deo,
278 3393 305 3479 st
329 3386 504 3506 persona,
525 3394 588 3475 cui
609 3390 668 3487 fit,
694 3389 737 3475 stt
756 3385 870 3474 valde
892 3395 967 3502 pia.
1007 3394 1138 3476 Ratio
1163 3394 1231 3492 est,
1256 3398 1482 3509 quinetiam
1504 3396 1600 3479 san-

145 3517 197 3596 eti
224 3507 355 3622 saepius
381 3505 538 3592 fuerunt
565 3500 684 3588 delusi
703 3504 726 3590 i
748 3504 951 3590 doemone.
1006 3508 1111 3592 Cast.
1132 3510 1228 3622 Reg,
1252 3539 1320 3597 ao.
1335 3503 1600 3624 &Philippus

146 3629 301 3713 Nerius.
321 3628 446 3709 Num.
473 3652 510 3707 a.
530 3625 618 3727 Joa.
635 3617 661 3705 ai
681 3622 800 3707 Cruc.
824 3620 869 3704 R.
895 3650 932 3721 7.
960 3623 1064 3723 Bon
1078 3630 1127 3708 R.
1147 3653 1185 3732 3.
1552 3622 1556 3629 '

254 3768 421 3917 Regula.
451 3815 517 3890 28·
572 3800 670 3881 Non
698 3797 752 3882 est
776 3820 923 3881 certum
955 3795 1127 3911 fignum,
1159 3794 1441 3887 revelationem
1476 3795 1603 3885 ellel

147 3918 254 4017 Deo,
277 3915 305 4001 st
331 3907 507 4027 persona,
528 3914 589 3995 cui
609 3909 666 4008 iit,
691 3906 996 4026 eamintclligat.
1024 3917 1128 4000 Cast
1156 3916 1250 4028 Reg.
1271 3947 1340 4003 at.
1395 3918 1510 4003 Ratio
1534 3916 1619 4011 ests
1650 3958 1656 3967 ·

148 4037 239 4148 quia
260 4036 300 4117 δι
325 4029 502 4173 doemonc
511 4022 727 4167 aliquando
748 4023 923 4142 loquitur
950 4023 1253 4146 intelligibiliter.
1342 4069 1345 4074 ·
1427 4076 1441 4089 =

959 4248 1072 4351 Lla
1274 4180 1290 4225 θ’
1447 4250 1607 4381 Regulo.
1787 4198 1791 4203 Ι

72 4406 341 4457 .,,
