<?xml version="1.0" encoding="UTF-8"?>
<!DOCTYPE html PUBLIC "-//W3C//DTD XHTML 1.0 Transitional//EN"
    "http://www.w3.org/TR/xhtml1/DTD/xhtml1-transitional.dtd">
<html xmlns="http://www.w3.org/1999/xhtml" xml:lang="en" lang="en">
 <head>
  <title>
</title>
<meta http-equiv="Content-Type" content="text/html;charset=utf-8" />
  <meta name='ocr-system' content='tesseract 3.04.00' />
  <meta name='ocr-capabilities' content='ocr_page ocr_carea ocr_par ocr_line ocrx_word'/>
</head>
<body>
  <div class='ocr_page' id='page_1' title='image "./derevelationibu00amorgoog_0701.png"; bbox 0 0 3772 4988; ppageno 0'>
   <div class='ocr_carea' id='block_1_1' title="bbox 195 240 1269 483">
    <p class='ocr_par' dir='ltr' id='par_1_1' title="bbox 195 240 1269 483">
     <span class='ocr_line' id='line_1_1' title="bbox 195 240 1269 483; baseline -0.015 -54"><span class='ocrx_word' id='word_1_1' title='bbox 195 312 310 483; x_wconf 44' lang='lat'><strong>[35⁸</strong></span> <span class='ocrx_word' id='word_1_2' title='bbox 379 272 387 305; x_wconf 42' lang='lat'>⁵</span> <span class='ocrx_word' id='word_1_3' title='bbox 583 240 787 415; x_wconf 55' lang='lat' dir='ltr'><strong>liberabi.</strong></span> <span class='ocrx_word' id='word_1_4' title='bbox 801 307 856 412; x_wconf 80' lang='lat' dir='ltr'><strong>de</strong></span> <span class='ocrx_word' id='word_1_5' title='bbox 876 310 1066 450; x_wconf 81' lang='lat' dir='ltr'><strong>Agrrda.</strong></span> <span class='ocrx_word' id='word_1_6' title='bbox 1084 316 1196 414; x_wconf 83' lang='lat' dir='ltr'><strong>Pars</strong></span> <span class='ocrx_word' id='word_1_7' title='bbox 1211 316 1269 414; x_wconf 84' lang='lat' dir='ltr'><strong>il.</strong></span> 
     </span>
    </p>
   </div>
   <div class='ocr_carea' id='block_1_2' title="bbox 96 511 1719 2680">
    <p class='ocr_par' dir='ltr' id='par_1_2' title="bbox 180 511 1719 856">
     <span class='ocr_line' id='line_1_2' title="bbox 180 511 1719 748; baseline -0.018 -24"><span class='ocrx_word' id='word_1_8' title='bbox 180 515 607 746; x_wconf 58' lang='lat' dir='ltr'><strong>nnzrssrissss.</strong></span> <span class='ocrx_word' id='word_1_9' title='bbox 616 511 1566 748; x_wconf 51' lang='grc'><strong>11111111111111111</strong></span> <span class='ocrx_word' id='word_1_10' title='bbox 1579 540 1662 743; x_wconf 63' lang='grc' dir='ltr'><strong>ἓξὲξ</strong></span> <span class='ocrx_word' id='word_1_11' title='bbox 1706 575 1719 624; x_wconf 81' lang='lat'><strong><em>⁴</em></strong></span> 
     </span>
     <span class='ocr_line' id='line_1_3' title="bbox 215 744 1391 856; baseline -0.005 -22"><span class='ocrx_word' id='word_1_12' title='bbox 215 751 401 840; x_wconf 77' lang='lat' dir='ltr'><strong>mitteret</strong></span> <span class='ocrx_word' id='word_1_13' title='bbox 458 750 566 835; x_wconf 87' lang='lat' dir='ltr'>Crux</span> <span class='ocrx_word' id='word_1_14' title='bbox 588 748 739 856; x_wconf 86' lang='lat' dir='ltr'><strong>jacebat</strong></span> <span class='ocrx_word' id='word_1_15' title='bbox 762 753 801 831; x_wconf 93' lang='lat' dir='ltr'><strong>in</strong></span> <span class='ocrx_word' id='word_1_16' title='bbox 828 772 939 846; x_wconf 83' lang='lat' dir='ltr'><strong>terra,</strong></span> <span class='ocrx_word' id='word_1_17' title='bbox 965 754 1004 830; x_wconf 87' lang='lat'>&amp;</span> <span class='ocrx_word' id='word_1_18' title='bbox 1032 774 1161 832; x_wconf 87' lang='lat' dir='ltr'><strong>cruces</strong></span> <span class='ocrx_word' id='word_1_19' title='bbox 1182 744 1391 829; x_wconf 86' lang='lat' dir='ltr'><strong>latronum.</strong></span> 
     </span>
    </p>

    <p class='ocr_par' dir='ltr' id='par_1_3' title="bbox 215 856 1667 1403">
     <span class='ocr_line' id='line_1_4' title="bbox 339 856 1664 973; baseline 0.001 -29"><span class='ocrx_word' id='word_1_20' title='bbox 339 869 464 963; x_wconf 82' lang='lat'><em>1380.</em></span> <span class='ocrx_word' id='word_1_21' title='bbox 501 859 653 948; x_wconf 73' lang='lat' dir='ltr'><strong>Dumi</strong></span> <span class='ocrx_word' id='word_1_22' title='bbox 676 858 931 949; x_wconf 79' lang='lat' dir='ltr'><strong>carnificibus</strong></span> <span class='ocrx_word' id='word_1_23' title='bbox 958 866 1090 945; x_wconf 87' lang='lat' dir='ltr'><strong>omnia</strong></span> <span class='ocrx_word' id='word_1_24' title='bbox 1118 882 1340 973; x_wconf 85' lang='lat' dir='ltr'><strong>pararentur</strong></span> <span class='ocrx_word' id='word_1_25' title='bbox 1363 856 1417 942; x_wconf 89' lang='lat' dir='ltr'><strong>ad</strong></span> <span class='ocrx_word' id='word_1_26' title='bbox 1446 858 1664 945; x_wconf 82' lang='lat' dir='ltr'><strong>crucifixio·</strong></span> 
     </span>
     <span class='ocr_line' id='line_1_5' title="bbox 215 967 1663 1089; baseline -0.003 -26"><span class='ocrx_word' id='word_1_27' title='bbox 215 978 330 1072; x_wconf 78' lang='lat' dir='ltr'><strong>irum,</strong></span> <span class='ocrx_word' id='word_1_28' title='bbox 352 977 526 1062; x_wconf 82' lang='lat' dir='ltr'><strong>Christus</strong></span> <span class='ocrx_word' id='word_1_29' title='bbox 549 974 600 1061; x_wconf 88' lang='lat' dir='ltr'><strong>src</strong></span> <span class='ocrx_word' id='word_1_30' title='bbox 617 974 846 1089; x_wconf 85' lang='lat' dir='ltr'>precabatur</span> <span class='ocrx_word' id='word_1_31' title='bbox 866 977 918 1061; x_wconf 88' lang='lat' dir='ltr'><strong>ad</strong></span> <span class='ocrx_word' id='word_1_32' title='bbox 933 981 1105 1062; x_wconf 85' lang='lat' dir='ltr'><strong>Patrem:</strong></span> <span class='ocrx_word' id='word_1_33' title='bbox 1145 967 1285 1058; x_wconf 88' lang='lat' dir='ltr'><strong>Offero</strong></span> <span class='ocrx_word' id='word_1_34' title='bbox 1308 971 1380 1057; x_wconf 92' lang='lat' dir='ltr'><strong>tibi</strong></span> <span class='ocrx_word' id='word_1_35' title='bbox 1397 999 1489 1056; x_wconf 87' lang='lat' dir='ltr'><strong>mea</strong></span> <span class='ocrx_word' id='word_1_36' title='bbox 1503 1000 1627 1086; x_wconf 85' lang='lat' dir='ltr'><strong>opera</strong></span> <span class='ocrx_word' id='word_1_37' title='bbox 1647 1025 1663 1042; x_wconf 92' lang='lat'><strong>·</strong></span> 
     </span>
     <span class='ocr_line' id='line_1_6' title="bbox 223 1081 1665 1201; baseline 0.001 -29"><span class='ocrx_word' id='word_1_38' title='bbox 223 1085 352 1172; x_wconf 87' lang='lat' dir='ltr'><strong>offero</strong></span> <span class='ocrx_word' id='word_1_39' title='bbox 386 1090 457 1173; x_wconf 93' lang='lat' dir='ltr'><strong>tibi</strong></span> <span class='ocrx_word' id='word_1_40' title='bbox 485 1095 600 1176; x_wconf 87' lang='lat' dir='ltr'><strong>etiarn</strong></span> <span class='ocrx_word' id='word_1_41' title='bbox 636 1116 757 1201; x_wconf 88' lang='lat' dir='ltr'><strong>opera</strong></span> <span class='ocrx_word' id='word_1_42' title='bbox 790 1091 1016 1175; x_wconf 84' lang='lat' dir='ltr'><strong>&amp;dolores</strong></span> <span class='ocrx_word' id='word_1_43' title='bbox 1047 1115 1142 1172; x_wconf 82' lang='lat' dir='ltr'><strong>meae</strong></span> <span class='ocrx_word' id='word_1_44' title='bbox 1169 1088 1313 1170; x_wconf 70' lang='lat' dir='ltr'><strong>matris,</strong></span> <span class='ocrx_word' id='word_1_45' title='bbox 1338 1124 1359 1157; x_wconf 65' lang='lat' dir='ltr'><em>n</em></span> <span class='ocrx_word' id='word_1_46' title='bbox 1419 1081 1568 1173; x_wconf 85' lang='lat' dir='ltr'><strong>Offero</strong></span> <span class='ocrx_word' id='word_1_47' title='bbox 1598 1089 1665 1174; x_wconf 88' lang='lat' dir='ltr'><strong>tihi</strong></span> 
     </span>
     <span class='ocr_line' id='line_1_7' title="bbox 223 1196 1667 1403; baseline 0.001 -118"><span class='ocrx_word' id='word_1_48' title='bbox 223 1203 343 1403; x_wconf 48' lang='lat' dir='ltr'><strong>{tion</strong></span> <span class='ocrx_word' id='word_1_49' title='bbox 362 1200 525 1292; x_wconf 63' lang='lat' dir='ltr'><strong>sanciam</strong></span> <span class='ocrx_word' id='word_1_50' title='bbox 551 1199 780 1303; x_wconf 60' lang='lat' dir='ltr'><strong>Ecdesrm</strong></span> <span class='ocrx_word' id='word_1_51' title='bbox 813 1196 1310 1297; x_wconf 62' lang='lat' dir='ltr'><strong>concameratum,</strong></span> <span class='ocrx_word' id='word_1_52' title='bbox 1341 1224 1430 1314; x_wconf 87' lang='lat' dir='ltr'><strong>quar</strong></span> <span class='ocrx_word' id='word_1_53' title='bbox 1458 1220 1568 1286; x_wconf 87' lang='lat' dir='ltr'><strong>nunc</strong></span> <span class='ocrx_word' id='word_1_54' title='bbox 1603 1205 1667 1301; x_wconf 60' lang='lat' dir='ltr'><strong>est,</strong></span> 
     </span>
    </p>

    <p class='ocr_par' dir='ltr' id='par_1_4' title="bbox 292 1339 424 1404">
     <span class='ocr_line' id='line_1_8' title="bbox 292 1339 424 1404; baseline -0.03 0"><span class='ocrx_word' id='word_1_55' title='bbox 292 1339 375 1404; x_wconf 88' lang='lat' dir='ltr'><strong>errt.</strong></span> <span class='ocrx_word' id='word_1_56' title='bbox 403 1365 424 1388; x_wconf 88' lang='lat'><strong>·</strong></span> 
     </span>
    </p>

    <p class='ocr_par' dir='ltr' id='par_1_5' title="bbox 349 1422 1667 1543">
     <span class='ocr_line' id='line_1_9' title="bbox 349 1422 1667 1543; baseline -0.002 -28"><span class='ocrx_word' id='word_1_57' title='bbox 349 1446 473 1532; x_wconf 82' lang='lat'>1381.</span> <span class='ocrx_word' id='word_1_58' title='bbox 499 1435 545 1515; x_wconf 86' lang='lat' dir='ltr'><strong>B.</strong></span> <span class='ocrx_word' id='word_1_59' title='bbox 560 1432 684 1543; x_wconf 84' lang='lat' dir='ltr'><strong>Virgo</strong></span> <span class='ocrx_word' id='word_1_60' title='bbox 700 1432 742 1517; x_wconf 92' lang='lat' dir='ltr'><strong>in</strong></span> <span class='ocrx_word' id='word_1_61' title='bbox 765 1422 835 1515; x_wconf 88' lang='lat' dir='ltr'><strong>suo</strong></span> <span class='ocrx_word' id='word_1_62' title='bbox 859 1452 1026 1542; x_wconf 87' lang='lat' dir='ltr'><strong>corpore</strong></span> <span class='ocrx_word' id='word_1_63' title='bbox 1041 1422 1151 1515; x_wconf 88' lang='lat' dir='ltr'><strong>senfit</strong></span> <span class='ocrx_word' id='word_1_64' title='bbox 1174 1423 1349 1526; x_wconf 87' lang='lat' dir='ltr'><strong>dolores,</strong></span> <span class='ocrx_word' id='word_1_65' title='bbox 1371 1453 1478 1541; x_wconf 85' lang='lat' dir='ltr'><strong>quos</strong></span> <span class='ocrx_word' id='word_1_66' title='bbox 1496 1427 1667 1520; x_wconf 82' lang='lat' dir='ltr'><strong>Christos</strong></span> 
     </span>
    </p>

    <p class='ocr_par' dir='ltr' id='par_1_6' title="bbox 96 1537 1677 2451">
     <span class='ocr_line' id='line_1_10' title="bbox 96 1537 1669 1658; baseline 0 -29"><span class='ocrx_word' id='word_1_67' title='bbox 96 1538 121 1567; x_wconf 58' lang='lat'>⁸</span> <span class='ocrx_word' id='word_1_68' title='bbox 227 1539 385 1658; x_wconf 83' lang='lat' dir='ltr'><strong>pertulit</strong></span> <span class='ocrx_word' id='word_1_69' title='bbox 401 1551 505 1630; x_wconf 81' lang='lat' dir='ltr'><strong>intus</strong></span> <span class='ocrx_word' id='word_1_70' title='bbox 525 1549 567 1629; x_wconf 93' lang='lat' dir='ltr'><strong>in</strong></span> <span class='ocrx_word' id='word_1_71' title='bbox 589 1549 736 1644; x_wconf 88' lang='lat' dir='ltr'><strong>animo,</strong></span> <span class='ocrx_word' id='word_1_72' title='bbox 759 1548 800 1626; x_wconf 88' lang='lat'>&amp;</span> <span class='ocrx_word' id='word_1_73' title='bbox 817 1566 923 1628; x_wconf 84' lang='lat' dir='ltr'><strong>extra</strong></span> <span class='ocrx_word' id='word_1_74' title='bbox 946 1547 989 1633; x_wconf 92' lang='lat' dir='ltr'><strong>in</strong></span> <span class='ocrx_word' id='word_1_75' title='bbox 1003 1568 1183 1655; x_wconf 86' lang='lat' dir='ltr'><strong>corpore,</strong></span> <span class='ocrx_word' id='word_1_76' title='bbox 1210 1546 1250 1624; x_wconf 89' lang='lat'>&amp;</span> <span class='ocrx_word' id='word_1_77' title='bbox 1272 1540 1323 1626; x_wconf 84' lang='lat' dir='ltr'><strong>fic</strong></span> <span class='ocrx_word' id='word_1_78' title='bbox 1344 1537 1548 1653; x_wconf 77' lang='lat' dir='ltr'><strong>possumus</strong></span> <span class='ocrx_word' id='word_1_79' title='bbox 1570 1544 1669 1629; x_wconf 88' lang='lat' dir='ltr'><strong>dice·</strong></span> 
     </span>
     <span class='ocr_line' id='line_1_11' title="bbox 184 1649 1670 1772; baseline -0.004 -23"><span class='ocrx_word' id='word_1_80' title='bbox 184 1684 287 1759; x_wconf 86' lang='lat' dir='ltr'><strong>.-re,</strong></span> <span class='ocrx_word' id='word_1_81' title='bbox 310 1660 422 1771; x_wconf 89' lang='lat' dir='ltr'><strong>quod</strong></span> <span class='ocrx_word' id='word_1_82' title='bbox 443 1664 482 1742; x_wconf 90' lang='lat'>&amp;</span> <span class='ocrx_word' id='word_1_83' title='bbox 505 1653 585 1770; x_wconf 85' lang='lat' dir='ltr'><strong>ipsa</strong></span> <span class='ocrx_word' id='word_1_84' title='bbox 599 1655 714 1744; x_wconf 87' lang='lat' dir='ltr'><strong>fuerit</strong></span> <span class='ocrx_word' id='word_1_85' title='bbox 733 1649 937 1772; x_wconf 82' lang='lat' dir='ltr'><strong>flagellata,</strong></span> <span class='ocrx_word' id='word_1_86' title='bbox 967 1661 1007 1741; x_wconf 88' lang='lat'>&amp;</span> <span class='ocrx_word' id='word_1_87' title='bbox 1030 1653 1145 1770; x_wconf 83' lang='lat' dir='ltr'><strong>spinis</strong></span> <span class='ocrx_word' id='word_1_88' title='bbox 1172 1678 1373 1751; x_wconf 84' lang='lat' dir='ltr'><strong>coronata,</strong></span> <span class='ocrx_word' id='word_1_89' title='bbox 1405 1659 1446 1738; x_wconf 91' lang='lat'>&amp;</span> <span class='ocrx_word' id='word_1_90' title='bbox 1466 1652 1606 1759; x_wconf 88' lang='lat' dir='ltr'><strong>illusa,</strong></span> <span class='ocrx_word' id='word_1_91' title='bbox 1633 1663 1670 1743; x_wconf 82' lang='grc'><strong>81</strong></span> 
     </span>
     <span class='ocr_line' id='line_1_12' title="bbox 227 1766 1672 1887; baseline 0.001 -31"><span class='ocrx_word' id='word_1_92' title='bbox 227 1767 414 1887; x_wconf 77' lang='lat' dir='ltr'><strong>percussa,</strong></span> <span class='ocrx_word' id='word_1_93' title='bbox 432 1779 471 1856; x_wconf 88' lang='lat'>&amp;</span> <span class='ocrx_word' id='word_1_94' title='bbox 495 1776 616 1858; x_wconf 83' lang='lat' dir='ltr'><strong>crucis</strong></span> <span class='ocrx_word' id='word_1_95' title='bbox 638 1798 761 1857; x_wconf 86' lang='lat' dir='ltr'><strong>onere</strong></span> <span class='ocrx_word' id='word_1_96' title='bbox 779 1793 957 1885; x_wconf 85' lang='lat' dir='ltr'><strong>gravata,</strong></span> <span class='ocrx_word' id='word_1_97' title='bbox 984 1775 1025 1855; x_wconf 89' lang='lat'>&amp;</span> <span class='ocrx_word' id='word_1_98' title='bbox 1047 1766 1235 1873; x_wconf 84' lang='lat' dir='ltr'><strong>crucifixa</strong></span> <span class='ocrx_word' id='word_1_99' title='bbox 1300 1771 1409 1852; x_wconf 87' lang='lat' dir='ltr'><strong>Nam</strong></span> <span class='ocrx_word' id='word_1_100' title='bbox 1437 1774 1573 1857; x_wconf 87' lang='lat' dir='ltr'><strong>ornnia</strong></span> <span class='ocrx_word' id='word_1_101' title='bbox 1596 1773 1672 1858; x_wconf 84' lang='lat' dir='ltr'><strong>hac</strong></span> 
     </span>
     <span class='ocr_line' id='line_1_13' title="bbox 229 1878 1673 1997; baseline 0.001 -29"><span class='ocrx_word' id='word_1_102' title='bbox 229 1886 272 1968; x_wconf 87' lang='lat'>&amp;</span> <span class='ocrx_word' id='word_1_103' title='bbox 295 1881 367 1970; x_wconf 88' lang='lat' dir='ltr'><strong>alia</strong></span> <span class='ocrx_word' id='word_1_104' title='bbox 390 1910 584 1972; x_wconf 89' lang='lat' dir='ltr'><strong>tormenta</strong></span> <span class='ocrx_word' id='word_1_105' title='bbox 599 1883 733 1988; x_wconf 86' lang='lat' dir='ltr'><strong>senfit,</strong></span> <span class='ocrx_word' id='word_1_106' title='bbox 753 1881 905 1971; x_wconf 88' lang='lat' dir='ltr'><strong>diverso</strong></span> <span class='ocrx_word' id='word_1_107' title='bbox 926 1885 1089 1997; x_wconf 85' lang='lat' dir='ltr'><strong>quidem</strong></span> <span class='ocrx_word' id='word_1_108' title='bbox 1107 1884 1257 1980; x_wconf 86' lang='lat' dir='ltr'><strong>modo,</strong></span> <span class='ocrx_word' id='word_1_109' title='bbox 1280 1878 1531 1970; x_wconf 77' lang='lat' dir='ltr'><strong>similitudine</strong></span> <span class='ocrx_word' id='word_1_110' title='bbox 1549 1909 1673 1970; x_wconf 86' lang='lat' dir='ltr'><strong>tamen</strong></span> 
     </span>
     <span class='ocr_line' id='line_1_14' title="bbox 230 1991 1673 2111; baseline 0.001 -28"><span class='ocrx_word' id='word_1_111' title='bbox 230 1991 390 2097; x_wconf 86' lang='lat' dir='ltr'><strong>summa,</strong></span> <span class='ocrx_word' id='word_1_112' title='bbox 409 2003 510 2084; x_wconf 73' lang='lat' dir='ltr'><strong>utin</strong></span> <span class='ocrx_word' id='word_1_113' title='bbox 531 2001 715 2085; x_wconf 85' lang='lat' dir='ltr'><strong>omnibus</strong></span> <span class='ocrx_word' id='word_1_114' title='bbox 736 1996 827 2085; x_wconf 79' lang='lat' dir='ltr'><strong>esset</strong></span> <span class='ocrx_word' id='word_1_115' title='bbox 845 1994 1153 2111; x_wconf 71' lang='lat' dir='ltr'><strong>perfeciiffimum</strong></span> <span class='ocrx_word' id='word_1_116' title='bbox 1165 1999 1352 2107; x_wconf 70' lang='lat' dir='ltr'><strong>Eiiypon</strong></span> <span class='ocrx_word' id='word_1_117' title='bbox 1364 1991 1418 2081; x_wconf 90' lang='lat' dir='ltr'><strong>sui</strong></span> <span class='ocrx_word' id='word_1_118' title='bbox 1439 1993 1523 2082; x_wconf 84' lang='lat' dir='ltr'><strong>filii.</strong></span> <span class='ocrx_word' id='word_1_119' title='bbox 1576 1996 1673 2085; x_wconf 87' lang='lat' dir='ltr'><strong>istud</strong></span> 
     </span>
     <span class='ocr_line' id='line_1_15' title="bbox 231 2108 1673 2232; baseline 0.002 -36"><span class='ocrx_word' id='word_1_120' title='bbox 231 2108 285 2196; x_wconf 85' lang='lat' dir='ltr'><strong>fic</strong></span> <span class='ocrx_word' id='word_1_121' title='bbox 299 2109 383 2195; x_wconf 87' lang='lat' dir='ltr'><strong>fieri</strong></span> <span class='ocrx_word' id='word_1_122' title='bbox 402 2112 539 2198; x_wconf 87' lang='lat' dir='ltr'>debuit</span> <span class='ocrx_word' id='word_1_123' title='bbox 562 2117 677 2199; x_wconf 86' lang='lat' dir='ltr'><strong>etiarn</strong></span> <span class='ocrx_word' id='word_1_124' title='bbox 700 2141 748 2198; x_wconf 85' lang='lat' dir='ltr'><strong>ex</strong></span> <span class='ocrx_word' id='word_1_125' title='bbox 772 2113 846 2196; x_wconf 85' lang='lat' dir='ltr'><strong>hac</strong></span> <span class='ocrx_word' id='word_1_126' title='bbox 873 2114 1036 2224; x_wconf 86' lang='lat' dir='ltr'><strong>ratione,</strong></span> <span class='ocrx_word' id='word_1_127' title='bbox 1057 2113 1156 2225; x_wconf 93' lang='lat' dir='ltr'><strong>quia</strong></span> <span class='ocrx_word' id='word_1_128' title='bbox 1175 2113 1343 2232; x_wconf 71' lang='lat' dir='ltr'><strong>pertinet</strong></span> <span class='ocrx_word' id='word_1_129' title='bbox 1374 2109 1425 2192; x_wconf 88' lang='lat' dir='ltr'><strong>ad</strong></span> <span class='ocrx_word' id='word_1_130' title='bbox 1451 2111 1673 2224; x_wconf 84' lang='lat' dir='ltr'><strong>dignitatem</strong></span> 
     </span>
     <span class='ocr_line' id='line_1_16' title="bbox 233 2217 1676 2336; baseline 0.001 -28"><span class='ocrx_word' id='word_1_131' title='bbox 233 2222 419 2308; x_wconf 79' lang='lat' dir='ltr'><strong>Paffionis</strong></span> <span class='ocrx_word' id='word_1_132' title='bbox 437 2227 669 2324; x_wconf 87' lang='lat' dir='ltr'><strong>Dominicae,</strong></span> <span class='ocrx_word' id='word_1_133' title='bbox 697 2249 741 2310; x_wconf 94' lang='lat' dir='ltr'><strong>ut</strong></span> <span class='ocrx_word' id='word_1_134' title='bbox 765 2226 1040 2336; x_wconf 81' lang='lat' dir='ltr'><strong>exprimeretur</strong></span> <span class='ocrx_word' id='word_1_135' title='bbox 1059 2228 1102 2308; x_wconf 92' lang='lat' dir='ltr'><strong>in</strong></span> <span class='ocrx_word' id='word_1_136' title='bbox 1125 2217 1174 2306; x_wconf 85' lang='lat' dir='ltr'><strong>ali</strong></span> <span class='ocrx_word' id='word_1_137' title='bbox 1205 2247 1254 2305; x_wconf 90' lang='lat' dir='ltr'><strong>ua</strong></span> <span class='ocrx_word' id='word_1_138' title='bbox 1272 2247 1372 2333; x_wconf 89' lang='lat' dir='ltr'><strong>pura</strong></span> <span class='ocrx_word' id='word_1_139' title='bbox 1398 2249 1599 2323; x_wconf 84' lang='lat' dir='ltr'><strong>creatura,</strong></span> <span class='ocrx_word' id='word_1_140' title='bbox 1626 2230 1676 2310; x_wconf 91' lang='lat' dir='ltr'><strong>in·</strong></span> 
     </span>
     <span class='ocr_line' id='line_1_17' title="bbox 234 2333 1677 2451; baseline 0.005 -31"><span class='ocrx_word' id='word_1_141' title='bbox 234 2358 426 2449; x_wconf 84' lang='lat' dir='ltr'><strong>quantum</strong></span> <span class='ocrx_word' id='word_1_142' title='bbox 454 2333 519 2422; x_wconf 89' lang='lat' dir='ltr'><strong>illa</strong></span> <span class='ocrx_word' id='word_1_143' title='bbox 533 2336 652 2451; x_wconf 81' lang='lat' dir='ltr'><strong>paffio</strong></span> <span class='ocrx_word' id='word_1_144' title='bbox 675 2362 755 2424; x_wconf 89' lang='lat' dir='ltr'><strong>erat</strong></span> <span class='ocrx_word' id='word_1_145' title='bbox 776 2333 1036 2433; x_wconf 66' lang='lat' dir='ltr'><strong>satisfactoria.</strong></span> <span class='ocrx_word' id='word_1_146' title='bbox 1104 2337 1148 2421; x_wconf 89' lang='lat' dir='ltr'>N</span> <span class='ocrx_word' id='word_1_147' title='bbox 1249 2344 1383 2427; x_wconf 79' lang='lat' dir='ltr'><strong>autem</strong></span> <span class='ocrx_word' id='word_1_148' title='bbox 1412 2333 1486 2424; x_wconf 87' lang='lat' dir='ltr'><strong>alia</strong></span> <span class='ocrx_word' id='word_1_149' title='bbox 1515 2363 1677 2427; x_wconf 69' lang='lat' dir='ltr'><strong>creauun</strong></span> 
     </span>
    </p>

    <p class='ocr_par' dir='ltr' id='par_1_7' title="bbox 235 2449 1114 2563">
     <span class='ocr_line' id='line_1_18' title="bbox 235 2449 1114 2563; baseline 0 -27"><span class='ocrx_word' id='word_1_150' title='bbox 235 2449 289 2539; x_wconf 89' lang='lat' dir='ltr'><strong>ad</strong></span> <span class='ocrx_word' id='word_1_151' title='bbox 312 2450 394 2537; x_wconf 91' lang='lat' dir='ltr'><strong>hoc</strong></span> <span class='ocrx_word' id='word_1_152' title='bbox 415 2473 563 2538; x_wconf 86' lang='lat' dir='ltr'><strong>tantum</strong></span> <span class='ocrx_word' id='word_1_153' title='bbox 578 2455 667 2563; x_wconf 82' lang='lat' dir='ltr'><strong>juris</strong></span> <span class='ocrx_word' id='word_1_154' title='bbox 689 2451 837 2549; x_wconf 88' lang='lat' dir='ltr'><strong>habuit,</strong></span> <span class='ocrx_word' id='word_1_155' title='bbox 856 2473 899 2535; x_wconf 92' lang='lat' dir='ltr'><strong>ut</strong></span> <span class='ocrx_word' id='word_1_156' title='bbox 915 2453 957 2536; x_wconf 85' lang='lat' dir='ltr'><strong>B.</strong></span> <span class='ocrx_word' id='word_1_157' title='bbox 976 2452 1114 2563; x_wconf 78' lang='lat' dir='ltr'><strong>Virgo.</strong></span> 
     </span>
    </p>

    <p class='ocr_par' dir='ltr' id='par_1_8' title="bbox 360 2554 1678 2680">
     <span class='ocr_line' id='line_1_19' title="bbox 360 2554 1678 2680; baseline 0.003 -33"><span class='ocrx_word' id='word_1_158' title='bbox 360 2586 481 2670; x_wconf 75' lang='lat'><em>1383.</em></span> <span class='ocrx_word' id='word_1_159' title='bbox 507 2568 718 2680; x_wconf 82' lang='lat' dir='ltr'><strong>Postquam</strong></span> <span class='ocrx_word' id='word_1_160' title='bbox 741 2570 782 2650; x_wconf 92' lang='lat' dir='ltr'><strong>io</strong></span> <span class='ocrx_word' id='word_1_161' title='bbox 800 2565 931 2652; x_wconf 85' lang='lat' dir='ltr'><strong>Cruce</strong></span> <span class='ocrx_word' id='word_1_162' title='bbox 950 2587 1058 2650; x_wconf 87' lang='lat' dir='ltr'><strong>erant</strong></span> <span class='ocrx_word' id='word_1_163' title='bbox 1080 2584 1264 2649; x_wconf 84' lang='lat' dir='ltr'><strong>excavata</strong></span> <span class='ocrx_word' id='word_1_164' title='bbox 1285 2565 1360 2650; x_wconf 92' lang='lat' dir='ltr'><strong>tria</strong></span> <span class='ocrx_word' id='word_1_165' title='bbox 1384 2554 1591 2665; x_wconf 79' lang='lat' dir='ltr'><strong>foramina,</strong></span> <span class='ocrx_word' id='word_1_166' title='bbox 1608 2570 1678 2672; x_wconf 78' lang='lat' dir='ltr'><strong>jnr-</strong></span> 
     </span>
    </p>
   </div>
   <div class='ocr_carea' id='block_1_3' title="bbox 32 2668 1683 3558">
    <p class='ocr_par' dir='ltr' id='par_1_9' title="bbox 32 2668 1683 3558">
     <span class='ocr_line' id='line_1_20' title="bbox 239 2668 1678 2795; baseline 0.003 -33"><span class='ocrx_word' id='word_1_167' title='bbox 239 2668 371 2764; x_wconf 83' lang='lat' dir='ltr'><strong>serunt</strong></span> <span class='ocrx_word' id='word_1_168' title='bbox 389 2677 604 2767; x_wconf 84' lang='lat' dir='ltr'><strong>Carnificer</strong></span> <span class='ocrx_word' id='word_1_169' title='bbox 624 2680 685 2765; x_wconf 87' lang='lat' dir='ltr'><strong>bis</strong></span> <span class='ocrx_word' id='word_1_170' title='bbox 703 2678 875 2781; x_wconf 85' lang='lat' dir='ltr'><strong>Christo,</strong></span> <span class='ocrx_word' id='word_1_171' title='bbox 896 2698 940 2764; x_wconf 91' lang='lat' dir='ltr'><strong>ut</strong></span> <span class='ocrx_word' id='word_1_172' title='bbox 962 2676 1240 2790; x_wconf 86' lang='lat' dir='ltr'><strong>procumberet</strong></span> <span class='ocrx_word' id='word_1_173' title='bbox 1258 2681 1300 2763; x_wconf 90' lang='lat' dir='ltr'><strong>in</strong></span> <span class='ocrx_word' id='word_1_174' title='bbox 1319 2702 1490 2784; x_wconf 85' lang='lat' dir='ltr'><strong>crucem,</strong></span> <span class='ocrx_word' id='word_1_175' title='bbox 1508 2685 1547 2766; x_wconf 76' lang='grc' dir='ltr'><strong>δι</strong></span> <span class='ocrx_word' id='word_1_176' title='bbox 1561 2678 1601 2766; x_wconf 88' lang='lat' dir='ltr'><strong>se</strong></span> <span class='ocrx_word' id='word_1_177' title='bbox 1612 2705 1678 2795; x_wconf 90' lang='lat' dir='ltr'><strong>pro</strong></span> 
     </span>
     <span class='ocr_line' id='line_1_21' title="bbox 241 2791 1174 2879; baseline 0 0"><span class='ocrx_word' id='word_1_178' title='bbox 241 2791 491 2879; x_wconf 82' lang='lat' dir='ltr'><strong>crucifixione</strong></span> <span class='ocrx_word' id='word_1_179' title='bbox 512 2792 750 2879; x_wconf 85' lang='lat' dir='ltr'><strong>extenderet.</strong></span> <span class='ocrx_word' id='word_1_180' title='bbox 1172 2831 1174 2840; x_wconf 49' lang='lat'><strong>¹</strong></span> 
     </span>
     <span class='ocr_line' id='line_1_22' title="bbox 361 2901 1680 3016; baseline 0.002 -25"><span class='ocrx_word' id='word_1_181' title='bbox 361 2924 486 3009; x_wconf 84' lang='lat'><em>1384.</em></span> <span class='ocrx_word' id='word_1_182' title='bbox 529 2913 643 2992; x_wconf 88' lang='lat' dir='ltr'><strong>Tunc</strong></span> <span class='ocrx_word' id='word_1_183' title='bbox 675 2907 914 3016; x_wconf 87' lang='lat' dir='ltr'><strong>arripuerunt</strong></span> <span class='ocrx_word' id='word_1_184' title='bbox 940 2901 1137 2990; x_wconf 66' lang='lat' dir='ltr'><strong>carnifices</strong></span> <span class='ocrx_word' id='word_1_185' title='bbox 1162 2928 1279 2990; x_wconf 89' lang='lat' dir='ltr'><strong>unam</strong></span> <span class='ocrx_word' id='word_1_186' title='bbox 1312 2928 1498 3008; x_wconf 87' lang='lat' dir='ltr'><strong>manum,</strong></span> <span class='ocrx_word' id='word_1_187' title='bbox 1522 2935 1609 2995; x_wconf 83' lang='lat' dir='ltr'><strong>eant</strong></span> <span class='ocrx_word' id='word_1_188' title='bbox 1638 2932 1680 2993; x_wconf 86' lang='lat' dir='ltr'><strong>nr</strong></span> 
     </span>
     <span class='ocr_line' id='line_1_23' title="bbox 241 3012 1650 3132; baseline 0.005 -30"><span class='ocrx_word' id='word_1_189' title='bbox 241 3012 487 3131; x_wconf 79' lang='lat' dir='ltr'><strong>perforarunt</strong></span> <span class='ocrx_word' id='word_1_190' title='bbox 508 3015 628 3106; x_wconf 81' lang='lat' dir='ltr'><strong>craiio</strong></span> <span class='ocrx_word' id='word_1_191' title='bbox 646 3025 693 3113; x_wconf 61' lang='lat' dir='ltr'><strong>&amp;x</strong></span> <span class='ocrx_word' id='word_1_192' title='bbox 715 3014 859 3103; x_wconf 85' lang='lat' dir='ltr'><strong>obtuso</strong></span> <span class='ocrx_word' id='word_1_193' title='bbox 882 3013 995 3105; x_wconf 81' lang='lat' dir='ltr'><strong>clavo</strong></span> <span class='ocrx_word' id='word_1_194' title='bbox 1012 3074 1027 3118; x_wconf 86' lang='lat'>‚</span> <span class='ocrx_word' id='word_1_195' title='bbox 1046 3045 1095 3104; x_wconf 84' lang='lat' dir='ltr'><strong>ex</strong></span> <span class='ocrx_word' id='word_1_196' title='bbox 1116 3045 1202 3132; x_wconf 92' lang='lat' dir='ltr'><strong>quo</strong></span> <span class='ocrx_word' id='word_1_197' title='bbox 1221 3042 1436 3105; x_wconf 78' lang='lat' dir='ltr'><strong>venareum</strong></span> <span class='ocrx_word' id='word_1_198' title='bbox 1461 3028 1593 3109; x_wconf 74' lang='lat' dir='ltr'><strong>nervis</strong></span> <span class='ocrx_word' id='word_1_199' title='bbox 1643 3028 1650 3042; x_wconf 93' lang='lat'>&#39;</span> 
     </span>
     <span class='ocr_line' id='line_1_24' title="bbox 242 3125 1682 3246; baseline 0.002 -27"><span class='ocrx_word' id='word_1_200' title='bbox 242 3155 391 3246; x_wconf 83' lang='lat' dir='ltr'><strong>rupta,</strong></span> <span class='ocrx_word' id='word_1_201' title='bbox 410 3132 490 3219; x_wconf 81' lang='lat' dir='ltr'><strong>offa</strong></span> <span class='ocrx_word' id='word_1_202' title='bbox 520 3130 692 3219; x_wconf 77' lang='lat' dir='ltr'><strong>autema</strong></span> <span class='ocrx_word' id='word_1_203' title='bbox 718 3125 787 3217; x_wconf 91' lang='lat' dir='ltr'><strong>suo</strong></span> <span class='ocrx_word' id='word_1_204' title='bbox 815 3131 958 3219; x_wconf 89' lang='lat' dir='ltr'><strong>ordine</strong></span> <span class='ocrx_word' id='word_1_205' title='bbox 986 3156 1127 3220; x_wconf 85' lang='lat' dir='ltr'><strong>ernotae</strong></span> <span class='ocrx_word' id='word_1_206' title='bbox 1143 3132 1242 3219; x_wconf 82' lang='lat' dir='ltr'><strong>sunt.</strong></span> <span class='ocrx_word' id='word_1_207' title='bbox 1321 3135 1404 3218; x_wconf 87' lang='lat' dir='ltr'><strong>Pro</strong></span> <span class='ocrx_word' id='word_1_208' title='bbox 1429 3128 1555 3220; x_wconf 80' lang='lat' dir='ltr'><strong>altera</strong></span> <span class='ocrx_word' id='word_1_209' title='bbox 1576 3160 1682 3222; x_wconf 86' lang='lat' dir='ltr'><strong>rnanu</strong></span> 
     </span>
     <span class='ocr_line' id='line_1_25' title="bbox 147 3241 1682 3361; baseline 0.005 -32"><span class='ocrx_word' id='word_1_210' title='bbox 147 3287 149 3291; x_wconf 16' lang='grc' dir='ltr'><em>Α</em></span> <span class='ocrx_word' id='word_1_211' title='bbox 243 3242 424 3335; x_wconf 88' lang='lat' dir='ltr'><strong>foramen</strong></span> <span class='ocrx_word' id='word_1_212' title='bbox 446 3271 527 3334; x_wconf 89' lang='lat' dir='ltr'><strong>erat</strong></span> <span class='ocrx_word' id='word_1_213' title='bbox 546 3249 661 3333; x_wconf 81' lang='lat' dir='ltr'><strong>nimir</strong></span> <span class='ocrx_word' id='word_1_214' title='bbox 691 3251 911 3340; x_wconf 65' lang='lat' dir='ltr'><strong>renotumr</strong></span> <span class='ocrx_word' id='word_1_215' title='bbox 952 3252 1087 3361; x_wconf 90' lang='lat' dir='ltr'><strong>itaque</strong></span> <span class='ocrx_word' id='word_1_216' title='bbox 1117 3244 1312 3333; x_wconf 82' lang='lat' dir='ltr'><strong>carnifices</strong></span> <span class='ocrx_word' id='word_1_217' title='bbox 1344 3241 1585 3359; x_wconf 86' lang='lat' dir='ltr'><strong>sumpserunt</strong></span> <span class='ocrx_word' id='word_1_218' title='bbox 1606 3275 1682 3335; x_wconf 85' lang='lat' dir='ltr'><strong>ean·</strong></span> 
     </span>
     <span class='ocr_line' id='line_1_26' title="bbox 32 3357 1683 3558; baseline 0.003 -117"><span class='ocrx_word' id='word_1_219' title='bbox 32 3370 36 3379; x_wconf 86' lang='lat'>&#39;</span> <span class='ocrx_word' id='word_1_220' title='bbox 248 3359 341 3443; x_wconf 89' lang='lat' dir='ltr'><strong>dem</strong></span> <span class='ocrx_word' id='word_1_221' title='bbox 363 3386 537 3447; x_wconf 88' lang='lat' dir='ltr'><strong>catenam</strong></span> <span class='ocrx_word' id='word_1_222' title='bbox 559 3358 737 3461; x_wconf 88' lang='lat' dir='ltr'><strong>ferream,</strong></span> <span class='ocrx_word' id='word_1_223' title='bbox 766 3386 847 3473; x_wconf 90' lang='lat' dir='ltr'><strong>qua</strong></span> <span class='ocrx_word' id='word_1_224' title='bbox 865 3361 1038 3447; x_wconf 82' lang='lat' dir='ltr'><strong>Christus</strong></span> <span class='ocrx_word' id='word_1_225' title='bbox 1056 3363 1260 3558; x_wconf 47' lang='lat' dir='ltr'><strong>hucusppue</strong></span> <span class='ocrx_word' id='word_1_226' title='bbox 1275 3386 1323 3444; x_wconf 87' lang='lat' dir='ltr'><strong>ex</strong></span> <span class='ocrx_word' id='word_1_227' title='bbox 1350 3357 1517 3447; x_wconf 88' lang='lat' dir='ltr'><strong>Oliveto</strong></span> <span class='ocrx_word' id='word_1_228' title='bbox 1542 3390 1625 3450; x_wconf 87' lang='lat' dir='ltr'><strong>erat</strong></span> <span class='ocrx_word' id='word_1_229' title='bbox 1645 3359 1683 3447; x_wconf 91' lang='lat' dir='ltr'><strong>li·</strong></span> 
     </span>
    </p>
   </div>
   <div class='ocr_carea' id='block_1_4' title="bbox 247 3469 1688 4158">
    <p class='ocr_par' dir='ltr' id='par_1_10' title="bbox 247 3469 1688 4158">
     <span class='ocr_line' id='line_1_27' title="bbox 247 3469 1684 3592; baseline 0.008 -39"><span class='ocrx_word' id='word_1_230' title='bbox 247 3495 382 3583; x_wconf 85' lang='lat' dir='ltr'><strong>gatus,</strong></span> <span class='ocrx_word' id='word_1_231' title='bbox 409 3472 537 3586; x_wconf 80' lang='lat' dir='ltr'><strong>eique</strong></span> <span class='ocrx_word' id='word_1_232' title='bbox 560 3469 753 3560; x_wconf 85' lang='lat' dir='ltr'><strong>violenter</strong></span> <span class='ocrx_word' id='word_1_233' title='bbox 777 3499 935 3561; x_wconf 87' lang='lat' dir='ltr'><strong>manum</strong></span> <span class='ocrx_word' id='word_1_234' title='bbox 953 3474 1153 3589; x_wconf 83' lang='lat' dir='ltr'><strong>usquead</strong></span> <span class='ocrx_word' id='word_1_235' title='bbox 1213 3498 1333 3560; x_wconf 88' lang='lat' dir='ltr'><strong>teram</strong></span> <span class='ocrx_word' id='word_1_236' title='bbox 1356 3499 1521 3560; x_wconf 89' lang='lat' dir='ltr'><strong>manum</strong></span> <span class='ocrx_word' id='word_1_237' title='bbox 1550 3503 1684 3592; x_wconf 83' lang='lat' dir='ltr'><strong>pertra-</strong></span> 
     </span>
     <span class='ocr_line' id='line_1_28' title="bbox 248 3584 1684 3703; baseline 0.008 -35"><span class='ocrx_word' id='word_1_238' title='bbox 248 3588 356 3671; x_wconf 80' lang='lat' dir='ltr'><strong>hunu</strong></span> <span class='ocrx_word' id='word_1_239' title='bbox 442 3590 549 3672; x_wconf 89' lang='lat' dir='ltr'><strong>Dein</strong></span> <span class='ocrx_word' id='word_1_240' title='bbox 567 3590 776 3699; x_wconf 90' lang='lat' dir='ltr'><strong>imponunt</strong></span> <span class='ocrx_word' id='word_1_241' title='bbox 791 3613 910 3694; x_wconf 76' lang='lat' dir='ltr'><strong>turum</strong></span> <span class='ocrx_word' id='word_1_242' title='bbox 926 3589 1070 3701; x_wconf 88' lang='lat' dir='ltr'><strong>pedem</strong></span> <span class='ocrx_word' id='word_1_243' title='bbox 1086 3584 1223 3685; x_wconf 86' lang='lat' dir='ltr'><strong>alteri,</strong></span> <span class='ocrx_word' id='word_1_244' title='bbox 1249 3613 1296 3672; x_wconf 85' lang='lat' dir='ltr'><strong>ac</strong></span> <span class='ocrx_word' id='word_1_245' title='bbox 1318 3610 1534 3703; x_wconf 85' lang='lat' dir='ltr'><strong>utrumque</strong></span> <span class='ocrx_word' id='word_1_246' title='bbox 1557 3593 1684 3678; x_wconf 85' lang='lat' dir='ltr'><strong>eaden</strong></span> 
     </span>
     <span class='ocr_line' id='line_1_29' title="bbox 250 3697 1686 3817; baseline 0.006 -35"><span class='ocrx_word' id='word_1_247' title='bbox 250 3697 386 3786; x_wconf 79' lang='lat' dir='ltr'><strong>careni</strong></span> <span class='ocrx_word' id='word_1_248' title='bbox 406 3708 533 3814; x_wconf 78' lang='lat' dir='ltr'><strong>iraque</strong></span> <span class='ocrx_word' id='word_1_249' title='bbox 551 3700 604 3786; x_wconf 85' lang='lat' dir='ltr'><strong>ad</strong></span> <span class='ocrx_word' id='word_1_250' title='bbox 627 3698 804 3789; x_wconf 85' lang='lat' dir='ltr'><strong>foramen</strong></span> <span class='ocrx_word' id='word_1_251' title='bbox 820 3704 1058 3817; x_wconf 86' lang='lat' dir='ltr'><strong>pertrahunt,</strong></span> <span class='ocrx_word' id='word_1_252' title='bbox 1078 3703 1147 3788; x_wconf 92' lang='lat' dir='ltr'><strong>ubi</strong></span> <span class='ocrx_word' id='word_1_253' title='bbox 1162 3701 1291 3787; x_wconf 83' lang='lat' dir='ltr'><strong>adhuc</strong></span> <span class='ocrx_word' id='word_1_254' title='bbox 1311 3699 1478 3788; x_wconf 85' lang='lat' dir='ltr'><strong>crassiori</strong></span> <span class='ocrx_word' id='word_1_255' title='bbox 1504 3700 1621 3791; x_wconf 80' lang='lat' dir='ltr'><strong>clavo</strong></span> <span class='ocrx_word' id='word_1_256' title='bbox 1636 3699 1686 3790; x_wconf 83' lang='lat' dir='ltr'><strong>ai·</strong></span> 
     </span>
     <span class='ocr_line' id='line_1_30' title="bbox 247 3811 1688 3926; baseline 0.006 -28"><span class='ocrx_word' id='word_1_257' title='bbox 247 3811 431 3926; x_wconf 81' lang='lat' dir='ltr'><strong>figuntur.</strong></span> <span class='ocrx_word' id='word_1_258' title='bbox 489 3815 557 3901; x_wconf 91' lang='lat' dir='ltr'><strong>Ob</strong></span> <span class='ocrx_word' id='word_1_259' title='bbox 579 3812 791 3903; x_wconf 89' lang='lat' dir='ltr'><strong>violentam</strong></span> <span class='ocrx_word' id='word_1_260' title='bbox 817 3843 904 3903; x_wconf 88' lang='lat' dir='ltr'><strong>eam</strong></span> <span class='ocrx_word' id='word_1_261' title='bbox 932 3814 1193 3902; x_wconf 81' lang='lat' dir='ltr'><strong>extenfionem</strong></span> <span class='ocrx_word' id='word_1_262' title='bbox 1214 3816 1345 3899; x_wconf 87' lang='lat' dir='ltr'><strong>omnia</strong></span> <span class='ocrx_word' id='word_1_263' title='bbox 1366 3812 1523 3904; x_wconf 72' lang='lat' dir='ltr'><strong>offaex</strong></span> <span class='ocrx_word' id='word_1_264' title='bbox 1540 3815 1610 3905; x_wconf 85' lang='lat' dir='ltr'><strong>suo</strong></span> <span class='ocrx_word' id='word_1_265' title='bbox 1630 3846 1688 3905; x_wconf 85' lang='lat' dir='ltr'><strong>na·</strong></span> 
     </span>
     <span class='ocr_line' id='line_1_31' title="bbox 250 3925 1687 4047; baseline 0.008 -35"><span class='ocrx_word' id='word_1_266' title='bbox 250 3926 363 4016; x_wconf 90' lang='lat' dir='ltr'><strong>rurali</strong></span> <span class='ocrx_word' id='word_1_267' title='bbox 381 3925 475 4014; x_wconf 91' lang='lat' dir='ltr'><strong>loco</strong></span> <span class='ocrx_word' id='word_1_268' title='bbox 498 3952 630 4015; x_wconf 86' lang='lat' dir='ltr'><strong>emota</strong></span> <span class='ocrx_word' id='word_1_269' title='bbox 654 3929 753 4028; x_wconf 88' lang='lat' dir='ltr'><strong>sunt,</strong></span> <span class='ocrx_word' id='word_1_270' title='bbox 780 3927 831 4015; x_wconf 83' lang='lat' dir='ltr'><strong>src</strong></span> <span class='ocrx_word' id='word_1_271' title='bbox 847 3953 890 4014; x_wconf 92' lang='lat' dir='ltr'><strong>ut</strong></span> <span class='ocrx_word' id='word_1_272' title='bbox 915 3936 1113 4043; x_wconf 90' lang='lat' dir='ltr'><strong>potuerint</strong></span> <span class='ocrx_word' id='word_1_273' title='bbox 1134 3932 1337 4015; x_wconf 86' lang='lat' dir='ltr'><strong>numerari.</strong></span> <span class='ocrx_word' id='word_1_274' title='bbox 1404 3939 1466 4020; x_wconf 81' lang='grc'><strong>01</strong></span> <span class='ocrx_word' id='word_1_275' title='bbox 1485 3930 1687 4047; x_wconf 73' lang='lat' dir='ltr'><strong>peeioraie,</strong></span> 
     </span>
     <span class='ocr_line' id='line_1_32' title="bbox 250 4038 1566 4158; baseline 0.002 -32"><span class='ocrx_word' id='word_1_276' title='bbox 250 4047 291 4126; x_wconf 79' lang='grc' dir='ltr'><strong>δι</strong></span> <span class='ocrx_word' id='word_1_277' title='bbox 312 4039 485 4158; x_wconf 84' lang='lat' dir='ltr'><strong>Scapulae</strong></span> <span class='ocrx_word' id='word_1_278' title='bbox 512 4071 561 4131; x_wconf 87' lang='lat' dir='ltr'><strong>ex</strong></span> <span class='ocrx_word' id='word_1_279' title='bbox 582 4039 656 4151; x_wconf 77' lang='lat' dir='ltr'><strong>iuis</strong></span> <span class='ocrx_word' id='word_1_280' title='bbox 681 4070 849 4158; x_wconf 89' lang='lat' dir='ltr'><strong>quoque</strong></span> <span class='ocrx_word' id='word_1_281' title='bbox 868 4048 1051 4152; x_wconf 71' lang='lat' dir='ltr'><strong>juniiuria</strong></span> <span class='ocrx_word' id='word_1_282' title='bbox 1073 4066 1214 4132; x_wconf 76' lang='lat' dir='ltr'><strong>emotae</strong></span> <span class='ocrx_word' id='word_1_283' title='bbox 1238 4038 1339 4150; x_wconf 63' lang='lat' dir='ltr'><strong>sunt,</strong></span> <span class='ocrx_word' id='word_1_284' title='bbox 1428 4103 1430 4107; x_wconf 90' lang='lat'>-</span> <span class='ocrx_word' id='word_1_285' title='bbox 1496 4124 1499 4131; x_wconf 83' lang='lat'>.</span> <span class='ocrx_word' id='word_1_286' title='bbox 1538 4042 1566 4129; x_wconf 50' lang='grc' dir='ltr'>ὃ</span> 
     </span>
    </p>
   </div>
   <div class='ocr_carea' id='block_1_5' title="bbox 1582 4165 1692 4275">
    <p class='ocr_par' dir='ltr' id='par_1_11' title="bbox 1582 4165 1692 4275">
     <span class='ocr_line' id='line_1_33' title="bbox 1582 4165 1692 4275; baseline -0.073 -19"><span class='ocrx_word' id='word_1_287' title='bbox 1582 4165 1692 4275; x_wconf 63' lang='lat' dir='ltr'><strong>1386.t</strong></span> 
     </span>
    </p>
   </div>
   <div class='ocr_carea' id='block_1_6' title="bbox 0 0 1922 4988">
    <p class='ocr_par' dir='ltr' id='par_1_12' title="bbox 0 0 1922 4988">
     <span class='ocr_line' id='line_1_34' title="bbox 0 0 1922 4988; baseline 0 0"><span class='ocrx_word' id='word_1_288' title='bbox 0 0 1922 4988; x_wconf 95' lang='lat' dir='ltr'><strong> </strong></span> 
     </span>
    </p>
   </div>
  </div>
 </body>
</html>
