<?xml version="1.0" encoding="UTF-8"?>
<!DOCTYPE html PUBLIC "-//W3C//DTD XHTML 1.0 Transitional//EN"
    "http://www.w3.org/TR/xhtml1/DTD/xhtml1-transitional.dtd">
<html xmlns="http://www.w3.org/1999/xhtml" xml:lang="en" lang="en">
 <head>
  <title>
</title>
<meta http-equiv="Content-Type" content="text/html;charset=utf-8" />
  <meta name='ocr-system' content='tesseract 3.04.00' />
  <meta name='ocr-capabilities' content='ocr_page ocr_carea ocr_par ocr_line ocrx_word'/>
</head>
<body>
  <div class='ocr_page' id='page_1' title='image "./derevelationibu00amorgoog_0195.png"; bbox 0 0 3796 4994; ppageno 0'>
   <div class='ocr_carea' id='block_1_1' title="bbox 536 176 1660 387">
    <p class='ocr_par' dir='ltr' id='par_1_1' title="bbox 536 176 1660 387">
     <span class='ocr_line' id='line_1_1' title="bbox 536 176 1660 387; baseline 0.016 -45"><span class='ocrx_word' id='word_1_1' title='bbox 536 176 539 181; x_wconf 10' lang='grc' dir='ltr'><strong>Δ</strong></span> <span class='ocrx_word' id='word_1_2' title='bbox 663 250 835 383; x_wconf 71' lang='lat' dir='ltr'>Regula</span> <span class='ocrx_word' id='word_1_3' title='bbox 857 281 914 348; x_wconf 87' lang='lat' dir='ltr'>ex</span> <span class='ocrx_word' id='word_1_4' title='bbox 944 256 987 347; x_wconf 86' lang='lat' dir='ltr'>S.</span> <span class='ocrx_word' id='word_1_5' title='bbox 1013 244 1220 385; x_wconf 65' lang='lat' dir='ltr'>sberefia.</span> <span class='ocrx_word' id='word_1_6' title='bbox 1568 288 1626 381; x_wconf 86' lang='lat'>17</span> <span class='ocrx_word' id='word_1_7' title='bbox 1638 293 1660 387; x_wconf 87' lang='lat'>5</span> 
     </span>
    </p>
   </div>
   <div class='ocr_carea' id='block_1_2' title="bbox 215 449 1771 4158">
    <p class='ocr_par' dir='ltr' id='par_1_2' title="bbox 215 449 1771 4077">
     <span class='ocr_line' id='line_1_2' title="bbox 215 449 1666 557; baseline 0.001 -13"><span class='ocrx_word' id='word_1_8' title='bbox 215 456 316 545; x_wconf 72' lang='lat' dir='ltr'>sada</span> <span class='ocrx_word' id='word_1_9' title='bbox 332 450 533 542; x_wconf 66' lang='lat' dir='ltr'>&amp;desim</span> <span class='ocrx_word' id='word_1_10' title='bbox 590 454 634 537; x_wconf 93' lang='lat' dir='ltr'>ln</span> <span class='ocrx_word' id='word_1_11' title='bbox 649 449 751 537; x_wconf 88' lang='lat' dir='ltr'>libro</span> <span class='ocrx_word' id='word_1_12' title='bbox 773 453 826 537; x_wconf 86' lang='lat' dir='ltr'>de</span> <span class='ocrx_word' id='word_1_13' title='bbox 842 456 918 539; x_wconf 82' lang='lat' dir='ltr'>Sex</span> <span class='ocrx_word' id='word_1_14' title='bbox 939 456 1206 538; x_wconf 84' lang='lat' dir='ltr'>Mansionibus</span> <span class='ocrx_word' id='word_1_15' title='bbox 1221 456 1342 541; x_wconf 88' lang='lat' dir='ltr'>Maus.</span> <span class='ocrx_word' id='word_1_16' title='bbox 1364 458 1468 541; x_wconf 78' lang='lat' dir='ltr'><strong>6.C.</strong></span> <span class='ocrx_word' id='word_1_17' title='bbox 1481 458 1666 557; x_wconf 77' lang='lat' dir='ltr'>4&#39;rursus</span> 
     </span>
     <span class='ocr_line' id='line_1_3' title="bbox 216 565 1665 681; baseline -0.001 -22"><span class='ocrx_word' id='word_1_18' title='bbox 216 577 367 659; x_wconf 72' lang='lat' dir='ltr'>errares</span> <span class='ocrx_word' id='word_1_19' title='bbox 390 572 469 653; x_wconf 90' lang='lat' dir='ltr'>hoc</span> <span class='ocrx_word' id='word_1_20' title='bbox 495 568 627 651; x_wconf 90' lang='lat' dir='ltr'>modo</span> <span class='ocrx_word' id='word_1_21' title='bbox 648 566 849 656; x_wconf 82' lang='lat' dir='ltr'>describit3</span> <span class='ocrx_word' id='word_1_22' title='bbox 879 572 1056 676; x_wconf 85' lang='lat' dir='ltr'><strong>Quando</strong></span> <span class='ocrx_word' id='word_1_23' title='bbox 1079 571 1185 651; x_wconf 87' lang='lat' dir='ltr'>Deus</span> <span class='ocrx_word' id='word_1_24' title='bbox 1209 565 1384 681; x_wconf 86' lang='lat' dir='ltr'>loquitur</span> <span class='ocrx_word' id='word_1_25' title='bbox 1409 572 1460 653; x_wconf 86' lang='lat' dir='ltr'>ad</span> <span class='ocrx_word' id='word_1_26' title='bbox 1487 579 1665 672; x_wconf 89' lang='lat' dir='ltr'>animam,</span> 
     </span>
     <span class='ocr_line' id='line_1_4' title="bbox 217 676 1665 793; baseline -0.001 -22"><span class='ocrx_word' id='word_1_27' title='bbox 217 683 362 771; x_wconf 81' lang='lat' dir='ltr'>claudit</span> <span class='ocrx_word' id='word_1_28' title='bbox 395 709 537 766; x_wconf 86' lang='lat' dir='ltr'>ornnes</span> <span class='ocrx_word' id='word_1_29' title='bbox 565 689 694 781; x_wconf 82' lang='lat' dir='ltr'>januas</span> <span class='ocrx_word' id='word_1_30' title='bbox 728 677 912 764; x_wconf 88' lang='lat' dir='ltr'>sensuum.</span> <span class='ocrx_word' id='word_1_31' title='bbox 968 685 1072 764; x_wconf 88' lang='lat' dir='ltr'>Nam</span> <span class='ocrx_word' id='word_1_32' title='bbox 1101 676 1263 790; x_wconf 87' lang='lat' dir='ltr'>quaudo</span> <span class='ocrx_word' id='word_1_33' title='bbox 1281 688 1445 766; x_wconf 89' lang='lat' dir='ltr'>animam</span> <span class='ocrx_word' id='word_1_34' title='bbox 1469 712 1538 793; x_wconf 85' lang='lat' dir='ltr'>per</span> <span class='ocrx_word' id='word_1_35' title='bbox 1558 692 1665 771; x_wconf 73' lang='lat' dir='ltr'>fiua-</span> 
     </span>
     <span class='ocr_line' id='line_1_5' title="bbox 215 790 1667 908; baseline 0.001 -25"><span class='ocrx_word' id='word_1_36' title='bbox 215 806 267 883; x_wconf 82' lang='lat' dir='ltr'>sin</span> <span class='ocrx_word' id='word_1_37' title='bbox 295 800 350 883; x_wconf 88' lang='lat' dir='ltr'>ad</span> <span class='ocrx_word' id='word_1_38' title='bbox 389 791 427 881; x_wconf 89' lang='lat' dir='ltr'>se</span> <span class='ocrx_word' id='word_1_39' title='bbox 455 796 622 889; x_wconf 82' lang='lat' dir='ltr'>attrahit,</span> <span class='ocrx_word' id='word_1_40' title='bbox 651 795 829 877; x_wconf 84' lang='lat' dir='ltr'>adimitur</span> <span class='ocrx_word' id='word_1_41' title='bbox 857 796 958 875; x_wconf 92' lang='lat' dir='ltr'>adeo</span> <span class='ocrx_word' id='word_1_42' title='bbox 999 790 1051 876; x_wconf 90' lang='lat' dir='ltr'>illi</span> <span class='ocrx_word' id='word_1_43' title='bbox 1075 791 1283 903; x_wconf 87' lang='lat' dir='ltr'>respirati0,</span> <span class='ocrx_word' id='word_1_44' title='bbox 1317 822 1372 889; x_wconf 88' lang='lat' dir='ltr'>ut,</span> <span class='ocrx_word' id='word_1_45' title='bbox 1400 804 1575 908; x_wconf 84' lang='lat' dir='ltr'>quamvis</span> <span class='ocrx_word' id='word_1_46' title='bbox 1604 799 1667 885; x_wconf 90' lang='lat' dir='ltr'>alii</span> 
     </span>
     <span class='ocr_line' id='line_1_6' title="bbox 216 902 1666 1017; baseline 0 -20"><span class='ocrx_word' id='word_1_47' title='bbox 216 909 342 997; x_wconf 79' lang='lat' dir='ltr'>sensus</span> <span class='ocrx_word' id='word_1_48' title='bbox 372 909 569 993; x_wconf 87' lang='lat' dir='ltr'>interdum</span> <span class='ocrx_word' id='word_1_49' title='bbox 598 902 862 1017; x_wconf 86' lang='lat' dir='ltr'>relinquantur</span> <span class='ocrx_word' id='word_1_50' title='bbox 890 908 1031 989; x_wconf 86' lang='lat' dir='ltr'>diutius</span> <span class='ocrx_word' id='word_1_51' title='bbox 1062 905 1195 1001; x_wconf 86' lang='lat' dir='ltr'>liberi,</span> <span class='ocrx_word' id='word_1_52' title='bbox 1224 905 1334 989; x_wconf 90' lang='lat' dir='ltr'>nullo</span> <span class='ocrx_word' id='word_1_53' title='bbox 1361 934 1488 993; x_wconf 87' lang='lat' dir='ltr'>tamen</span> <span class='ocrx_word' id='word_1_54' title='bbox 1522 940 1666 997; x_wconf 89' lang='lat' dir='ltr'>conatu</span> 
     </span>
     <span class='ocr_line' id='line_1_7' title="bbox 217 1016 1668 1139; baseline 0.002 -31"><span class='ocrx_word' id='word_1_55' title='bbox 217 1026 347 1139; x_wconf 87' lang='lat' dir='ltr'>potest</span> <span class='ocrx_word' id='word_1_56' title='bbox 368 1018 496 1135; x_wconf 90' lang='lat' dir='ltr'>loqui.</span> <span class='ocrx_word' id='word_1_57' title='bbox 553 1019 748 1103; x_wconf 83' lang='lat' dir='ltr'>Interdum</span> <span class='ocrx_word' id='word_1_58' title='bbox 770 1020 865 1101; x_wconf 79' lang='lat' dir='ltr'>veri&gt;</span> <span class='ocrx_word' id='word_1_59' title='bbox 890 1024 1091 1130; x_wconf 81' lang='lat' dir='ltr'>contingit,</span> <span class='ocrx_word' id='word_1_60' title='bbox 1114 1046 1155 1102; x_wconf 91' lang='lat' dir='ltr'>ut</span> <span class='ocrx_word' id='word_1_61' title='bbox 1175 1016 1281 1103; x_wconf 88' lang='lat' dir='ltr'>simul</span> <span class='ocrx_word' id='word_1_62' title='bbox 1307 1023 1452 1104; x_wconf 89' lang='lat' dir='ltr'>eodem</span> <span class='ocrx_word' id='word_1_63' title='bbox 1486 1054 1668 1111; x_wconf 90' lang='lat' dir='ltr'>momen·</span> 
     </span>
     <span class='ocr_line' id='line_1_8' title="bbox 218 1127 1667 1250; baseline -0.001 -25"><span class='ocrx_word' id='word_1_64' title='bbox 218 1165 260 1225; x_wconf 92' lang='lat' dir='ltr'>to</span> <span class='ocrx_word' id='word_1_65' title='bbox 290 1131 464 1250; x_wconf 70' lang='lat' dir='ltr'>ligentur</span> <span class='ocrx_word' id='word_1_66' title='bbox 504 1160 644 1217; x_wconf 88' lang='lat' dir='ltr'>omnes</span> <span class='ocrx_word' id='word_1_67' title='bbox 674 1136 879 1243; x_wconf 77' lang='lat' dir='ltr'>potentia,</span> <span class='ocrx_word' id='word_1_68' title='bbox 918 1158 1003 1243; x_wconf 93' lang='lat' dir='ltr'>quo</span> <span class='ocrx_word' id='word_1_69' title='bbox 1037 1127 1119 1215; x_wconf 90' lang='lat' dir='ltr'>casu</span> <span class='ocrx_word' id='word_1_70' title='bbox 1154 1161 1201 1215; x_wconf 87' lang='lat' dir='ltr'>ex</span> <span class='ocrx_word' id='word_1_71' title='bbox 1227 1129 1378 1242; x_wconf 72' lang='lat' dir='ltr'>aspectu</span> <span class='ocrx_word' id='word_1_72' title='bbox 1413 1163 1597 1223; x_wconf 88' lang='lat' dir='ltr'>manuum</span> <span class='ocrx_word' id='word_1_73' title='bbox 1626 1147 1667 1223; x_wconf 80' lang='lat' dir='ltr'>dt</span> 
     </span>
     <span class='ocr_line' id='line_1_9' title="bbox 221 1243 1666 1363; baseline 0.001 -28"><span class='ocrx_word' id='word_1_74' title='bbox 221 1254 399 1363; x_wconf 83' lang='lat' dir='ltr'>torporis</span> <span class='ocrx_word' id='word_1_75' title='bbox 429 1272 601 1358; x_wconf 89' lang='lat' dir='ltr'>apparet,</span> <span class='ocrx_word' id='word_1_76' title='bbox 628 1250 739 1358; x_wconf 84' lang='lat' dir='ltr'>quasi</span> <span class='ocrx_word' id='word_1_77' title='bbox 764 1248 802 1326; x_wconf 91' lang='lat' dir='ltr'>in</span> <span class='ocrx_word' id='word_1_78' title='bbox 827 1270 994 1354; x_wconf 86' lang='lat' dir='ltr'>corpore</span> <span class='ocrx_word' id='word_1_79' title='bbox 1016 1271 1096 1328; x_wconf 91' lang='lat' dir='ltr'>nou</span> <span class='ocrx_word' id='word_1_80' title='bbox 1118 1245 1161 1330; x_wconf 90' lang='lat' dir='ltr'>stt</span> <span class='ocrx_word' id='word_1_81' title='bbox 1190 1243 1351 1354; x_wconf 90' lang='lat' dir='ltr'>amplius</span> <span class='ocrx_word' id='word_1_82' title='bbox 1380 1254 1521 1357; x_wconf 76' lang='lat' dir='ltr'>animat</span> <span class='ocrx_word' id='word_1_83' title='bbox 1550 1259 1666 1336; x_wconf 83' lang='lat' dir='ltr'>inter·</span> 
     </span>
     <span class='ocr_line' id='line_1_10' title="bbox 221 1356 1668 1473; baseline -0.001 -22"><span class='ocrx_word' id='word_1_84' title='bbox 221 1368 316 1451; x_wconf 88' lang='lat' dir='ltr'>dum</span> <span class='ocrx_word' id='word_1_85' title='bbox 341 1360 583 1473; x_wconf 80' lang='lat' dir='ltr'>deprehendi</span> <span class='ocrx_word' id='word_1_86' title='bbox 607 1387 686 1441; x_wconf 91' lang='lat' dir='ltr'>non</span> <span class='ocrx_word' id='word_1_87' title='bbox 703 1359 851 1469; x_wconf 85' lang='lat' dir='ltr'>potest,</span> <span class='ocrx_word' id='word_1_88' title='bbox 870 1385 917 1439; x_wconf 91' lang='lat' dir='ltr'>an</span> <span class='ocrx_word' id='word_1_89' title='bbox 940 1359 1069 1440; x_wconf 86' lang='lat' dir='ltr'>adhuc</span> <span class='ocrx_word' id='word_1_90' title='bbox 1086 1356 1199 1442; x_wconf 85' lang='lat' dir='ltr'>detur</span> <span class='ocrx_word' id='word_1_91' title='bbox 1221 1357 1427 1469; x_wconf 84' lang='lat' dir='ltr'>respiratio.</span> <span class='ocrx_word' id='word_1_92' title='bbox 1484 1366 1563 1447; x_wconf 88' lang='lat' dir='ltr'>Sed</span> <span class='ocrx_word' id='word_1_93' title='bbox 1586 1369 1668 1449; x_wconf 93' lang='lat' dir='ltr'>hoc</span> 
     </span>
     <span class='ocr_line' id='line_1_11' title="bbox 222 1465 1667 1584; baseline -0.001 -20"><span class='ocrx_word' id='word_1_94' title='bbox 222 1508 305 1564; x_wconf 90' lang='lat' dir='ltr'>non</span> <span class='ocrx_word' id='word_1_95' title='bbox 331 1477 404 1560; x_wconf 93' lang='lat' dir='ltr'>diu</span> <span class='ocrx_word' id='word_1_96' title='bbox 429 1476 556 1567; x_wconf 90' lang='lat' dir='ltr'>durat,</span> <span class='ocrx_word' id='word_1_97' title='bbox 583 1499 671 1554; x_wconf 92' lang='lat' dir='ltr'>nam</span> <span class='ocrx_word' id='word_1_98' title='bbox 692 1471 855 1582; x_wconf 91' lang='lat' dir='ltr'>quando</span> <span class='ocrx_word' id='word_1_99' title='bbox 879 1465 1063 1554; x_wconf 89' lang='lat' dir='ltr'>violentia</span> <span class='ocrx_word' id='word_1_100' title='bbox 1082 1498 1211 1582; x_wconf 75' lang='lat' dir='ltr'>raptus</span> <span class='ocrx_word' id='word_1_101' title='bbox 1236 1470 1473 1584; x_wconf 87' lang='lat' dir='ltr'>aliquantum</span> <span class='ocrx_word' id='word_1_102' title='bbox 1496 1484 1667 1576; x_wconf 85' lang='lat' dir='ltr'>remittit,</span> 
     </span>
     <span class='ocr_line' id='line_1_12' title="bbox 222 1579 1671 1704; baseline 0.002 -31"><span class='ocrx_word' id='word_1_103' title='bbox 222 1618 366 1704; x_wconf 85' lang='lat' dir='ltr'>corpus</span> <span class='ocrx_word' id='word_1_104' title='bbox 403 1588 537 1670; x_wconf 90' lang='lat' dir='ltr'>denuo</span> <span class='ocrx_word' id='word_1_105' title='bbox 562 1579 841 1698; x_wconf 86' lang='lat' dir='ltr'>aliquantulum</span> <span class='ocrx_word' id='word_1_106' title='bbox 860 1584 962 1667; x_wconf 87' lang='lat' dir='ltr'>redit</span> <span class='ocrx_word' id='word_1_107' title='bbox 988 1587 1037 1667; x_wconf 92' lang='lat' dir='ltr'>ad</span> <span class='ocrx_word' id='word_1_108' title='bbox 1059 1582 1109 1680; x_wconf 86' lang='lat' dir='ltr'>se,</span> <span class='ocrx_word' id='word_1_109' title='bbox 1134 1589 1330 1698; x_wconf 91' lang='lat' dir='ltr'>&amp;incipit</span> <span class='ocrx_word' id='word_1_110' title='bbox 1360 1588 1493 1673; x_wconf 89' lang='lat' dir='ltr'>denuo</span> <span class='ocrx_word' id='word_1_111' title='bbox 1514 1588 1671 1703; x_wconf 85' lang='lat' dir='ltr'>respira·</span> 
     </span>
     <span class='ocr_line' id='line_1_13' title="bbox 223 1692 1669 1810; baseline -0.003 -19"><span class='ocrx_word' id='word_1_112' title='bbox 223 1733 274 1791; x_wconf 86' lang='lat' dir='ltr'>te.</span> <span class='ocrx_word' id='word_1_113' title='bbox 330 1710 518 1787; x_wconf 78' lang='lat' dir='ltr'>Attamen</span> <span class='ocrx_word' id='word_1_114' title='bbox 549 1692 742 1782; x_wconf 78' lang='lat' dir='ltr'>violentus</span> <span class='ocrx_word' id='word_1_115' title='bbox 788 1698 980 1801; x_wconf 85' lang='lat' dir='ltr'>ejusmodi</span> <span class='ocrx_word' id='word_1_116' title='bbox 1013 1723 1141 1810; x_wconf 86' lang='lat' dir='ltr'>raptus</span> <span class='ocrx_word' id='word_1_117' title='bbox 1179 1725 1260 1781; x_wconf 91' lang='lat' dir='ltr'>non</span> <span class='ocrx_word' id='word_1_118' title='bbox 1310 1701 1376 1784; x_wconf 91' lang='lat' dir='ltr'>diu</span> <span class='ocrx_word' id='word_1_119' title='bbox 1414 1703 1553 1791; x_wconf 65' lang='lat' dir='ltr'>duram</span> <span class='ocrx_word' id='word_1_120' title='bbox 1588 1705 1669 1802; x_wconf 89' lang='lat' dir='ltr'>sed,</span> 
     </span>
     <span class='ocr_line' id='line_1_14' title="bbox 225 1804 1669 1931; baseline 0 -30"><span class='ocrx_word' id='word_1_121' title='bbox 225 1815 389 1931; x_wconf 87' lang='lat' dir='ltr'>quaudo</span> <span class='ocrx_word' id='word_1_122' title='bbox 410 1810 571 1908; x_wconf 85' lang='lat' dir='ltr'>definit,</span> <span class='ocrx_word' id='word_1_123' title='bbox 593 1806 771 1896; x_wconf 82' lang='lat' dir='ltr'>voluutas</span> <span class='ocrx_word' id='word_1_124' title='bbox 798 1816 836 1893; x_wconf 76' lang='grc' dir='ltr'>δι</span> <span class='ocrx_word' id='word_1_125' title='bbox 858 1804 1076 1895; x_wconf 72' lang='lat' dir='ltr'>intellectus</span> <span class='ocrx_word' id='word_1_126' title='bbox 1098 1807 1346 1895; x_wconf 89' lang='lat' dir='ltr'>nihilominus</span> <span class='ocrx_word' id='word_1_127' title='bbox 1373 1842 1467 1911; x_wconf 87' lang='lat' dir='ltr'>uno,</span> <span class='ocrx_word' id='word_1_128' title='bbox 1497 1816 1669 1915; x_wconf 87' lang='lat' dir='ltr'>duobus,</span> 
     </span>
     <span class='ocr_line' id='line_1_15' title="bbox 226 1920 1670 2044; baseline 0.002 -30"><span class='ocrx_word' id='word_1_129' title='bbox 226 1928 453 2044; x_wconf 82' lang='lat' dir='ltr'>pluribusve</span> <span class='ocrx_word' id='word_1_130' title='bbox 480 1924 617 2008; x_wconf 85' lang='lat' dir='ltr'>diebus</span> <span class='ocrx_word' id='word_1_131' title='bbox 645 1951 802 2008; x_wconf 85' lang='lat' dir='ltr'>manent</span> <span class='ocrx_word' id='word_1_132' title='bbox 823 1926 926 2008; x_wconf 91' lang='lat' dir='ltr'>adeo</span> <span class='ocrx_word' id='word_1_133' title='bbox 955 1920 1146 2034; x_wconf 83' lang='lat' dir='ltr'>absorpti,</span> <span class='ocrx_word' id='word_1_134' title='bbox 1176 1950 1218 2008; x_wconf 94' lang='lat' dir='ltr'>ut</span> <span class='ocrx_word' id='word_1_135' title='bbox 1255 1926 1455 2011; x_wconf 87' lang='lat' dir='ltr'>videantur</span> <span class='ocrx_word' id='word_1_136' title='bbox 1480 1926 1670 2017; x_wconf 86' lang='lat' dir='ltr'>inhabiles</span> 
     </span>
     <span class='ocr_line' id='line_1_16' title="bbox 227 2034 1670 2151; baseline -0.001 -22"><span class='ocrx_word' id='word_1_137' title='bbox 227 2044 277 2129; x_wconf 89' lang='lat' dir='ltr'>ad</span> <span class='ocrx_word' id='word_1_138' title='bbox 302 2045 562 2126; x_wconf 84' lang='lat' dir='ltr'>attentionem</span> <span class='ocrx_word' id='word_1_139' title='bbox 587 2042 685 2121; x_wconf 87' lang='lat' dir='ltr'>circa</span> <span class='ocrx_word' id='word_1_140' title='bbox 702 2034 793 2121; x_wconf 89' lang='lat' dir='ltr'>alias</span> <span class='ocrx_word' id='word_1_141' title='bbox 813 2064 888 2134; x_wconf 87' lang='lat' dir='ltr'>tes,</span> <span class='ocrx_word' id='word_1_142' title='bbox 916 2040 1034 2151; x_wconf 75' lang='lat' dir='ltr'>quam</span> <span class='ocrx_word' id='word_1_143' title='bbox 1063 2043 1215 2127; x_wconf 87' lang='lat' dir='ltr'>Deum;</span> <span class='ocrx_word' id='word_1_144' title='bbox 1253 2038 1304 2122; x_wconf 91' lang='lat' dir='ltr'>ad</span> <span class='ocrx_word' id='word_1_145' title='bbox 1325 2064 1512 2124; x_wconf 88' lang='lat' dir='ltr'>creaturas</span> <span class='ocrx_word' id='word_1_146' title='bbox 1535 2042 1670 2126; x_wconf 90' lang='lat' dir='ltr'>viden·</span> 
     </span>
     <span class='ocr_line' id='line_1_17' title="bbox 230 2144 1671 2268; baseline 0.001 -27"><span class='ocrx_word' id='word_1_147' title='bbox 230 2182 289 2241; x_wconf 88' lang='lat' dir='ltr'>tur</span> <span class='ocrx_word' id='word_1_148' title='bbox 312 2151 424 2268; x_wconf 87' lang='lat' dir='ltr'>quast</span> <span class='ocrx_word' id='word_1_149' title='bbox 440 2147 625 2262; x_wconf 69' lang='lat' dir='ltr'>oppresse</span> <span class='ocrx_word' id='word_1_150' title='bbox 648 2144 797 2234; x_wconf 88' lang='lat' dir='ltr'>somno.</span> <span class='ocrx_word' id='word_1_151' title='bbox 850 2151 1005 2234; x_wconf 84' lang='lat' dir='ltr'>Ibidem</span> <span class='ocrx_word' id='word_1_152' title='bbox 1028 2151 1079 2236; x_wconf 86' lang='lat' dir='ltr'>C.</span> <span class='ocrx_word' id='word_1_153' title='bbox 1103 2180 1137 2254; x_wconf 86' lang='lat'>5.</span> <span class='ocrx_word' id='word_1_154' title='bbox 1160 2155 1233 2236; x_wconf 78' lang='lat' dir='ltr'>aitr</span> <span class='ocrx_word' id='word_1_155' title='bbox 1275 2154 1451 2261; x_wconf 86' lang='lat' dir='ltr'>Quando</span> <span class='ocrx_word' id='word_1_156' title='bbox 1473 2156 1517 2239; x_wconf 87' lang='lat' dir='ltr'>fit</span> <span class='ocrx_word' id='word_1_157' title='bbox 1542 2181 1671 2268; x_wconf 80' lang='lat' dir='ltr'>raptus</span> 
     </span>
     <span class='ocr_line' id='line_1_18' title="bbox 229 2260 1669 2375; baseline 0.001 -22"><span class='ocrx_word' id='word_1_158' title='bbox 229 2266 291 2355; x_wconf 90' lang='lat' dir='ltr'>seu</span> <span class='ocrx_word' id='word_1_159' title='bbox 316 2264 483 2365; x_wconf 67' lang='lat' dir='ltr'>fiuant,</span> <span class='ocrx_word' id='word_1_160' title='bbox 510 2263 705 2348; x_wconf 89' lang='lat' dir='ltr'>interdum</span> <span class='ocrx_word' id='word_1_161' title='bbox 731 2264 781 2346; x_wconf 92' lang='lat' dir='ltr'>ab</span> <span class='ocrx_word' id='word_1_162' title='bbox 813 2266 925 2348; x_wconf 91' lang='lat' dir='ltr'>initio</span> <span class='ocrx_word' id='word_1_163' title='bbox 959 2260 1117 2349; x_wconf 84' lang='lat' dir='ltr'>sentitur</span> <span class='ocrx_word' id='word_1_164' title='bbox 1141 2270 1341 2375; x_wconf 84' lang='lat' dir='ltr'>repentina</span> <span class='ocrx_word' id='word_1_165' title='bbox 1368 2272 1495 2352; x_wconf 87' lang='lat' dir='ltr'>motio</span> <span class='ocrx_word' id='word_1_166' title='bbox 1520 2273 1669 2368; x_wconf 74' lang='lat' dir='ltr'>anima,</span> 
     </span>
     <span class='ocr_line' id='line_1_19' title="bbox 231 2372 1674 2499; baseline -0.001 -31"><span class='ocrx_word' id='word_1_167' title='bbox 231 2409 306 2499; x_wconf 82' lang='lat' dir='ltr'>qua</span> <span class='ocrx_word' id='word_1_168' title='bbox 325 2375 483 2465; x_wconf 80' lang='lat' dir='ltr'>videtur</span> <span class='ocrx_word' id='word_1_169' title='bbox 504 2373 700 2461; x_wconf 78' lang='lat' dir='ltr'>celerrimi:</span> <span class='ocrx_word' id='word_1_170' title='bbox 722 2378 857 2488; x_wconf 88' lang='lat' dir='ltr'>abripi.</span> <span class='ocrx_word' id='word_1_171' title='bbox 909 2376 1007 2461; x_wconf 85' lang='lat' dir='ltr'>lnde</span> <span class='ocrx_word' id='word_1_172' title='bbox 1030 2372 1191 2461; x_wconf 89' lang='lat' dir='ltr'>nascitur</span> <span class='ocrx_word' id='word_1_173' title='bbox 1210 2383 1345 2492; x_wconf 84' lang='lat' dir='ltr'>ingens</span> <span class='ocrx_word' id='word_1_174' title='bbox 1369 2384 1497 2464; x_wconf 87' lang='lat' dir='ltr'>timor.</span> <span class='ocrx_word' id='word_1_175' title='bbox 1556 2390 1674 2492; x_wconf 90' lang='lat' dir='ltr'>Quo·</span> 
     </span>
     <span class='ocr_line' id='line_1_20' title="bbox 235 2486 1672 2605; baseline -0.001 -22"><span class='ocrx_word' id='word_1_176' title='bbox 235 2494 360 2583; x_wconf 81' lang='lat' dir='ltr'>nodo</span> <span class='ocrx_word' id='word_1_177' title='bbox 387 2496 492 2577; x_wconf 88' lang='lat' dir='ltr'>enim</span> <span class='ocrx_word' id='word_1_178' title='bbox 524 2488 608 2575; x_wconf 83' lang='lat' dir='ltr'>fieti</span> <span class='ocrx_word' id='word_1_179' title='bbox 637 2486 784 2601; x_wconf 80' lang='lat' dir='ltr'>posset,</span> <span class='ocrx_word' id='word_1_180' title='bbox 807 2516 850 2575; x_wconf 90' lang='lat' dir='ltr'>ut</span> <span class='ocrx_word' id='word_1_181' title='bbox 872 2491 997 2573; x_wconf 89' lang='lat' dir='ltr'>homo</span> <span class='ocrx_word' id='word_1_182' title='bbox 1020 2488 1192 2601; x_wconf 61' lang='lat' dir='ltr'>perfect&amp;</span> <span class='ocrx_word' id='word_1_183' title='bbox 1223 2520 1388 2605; x_wconf 80' lang='lat' dir='ltr'>compos</span> <span class='ocrx_word' id='word_1_184' title='bbox 1414 2498 1570 2581; x_wconf 83' lang='lat' dir='ltr'>rationis</span> <span class='ocrx_word' id='word_1_185' title='bbox 1588 2525 1672 2582; x_wconf 89' lang='lat' dir='ltr'>non</span> 
     </span>
     <span class='ocr_line' id='line_1_21' title="bbox 238 2600 1771 2720; baseline 0.001 -27"><span class='ocrx_word' id='word_1_186' title='bbox 238 2612 379 2708; x_wconf 87' lang='lat' dir='ltr'>tiureat,</span> <span class='ocrx_word' id='word_1_187' title='bbox 408 2607 503 2690; x_wconf 91' lang='lat' dir='ltr'>dum</span> <span class='ocrx_word' id='word_1_188' title='bbox 528 2602 636 2687; x_wconf 86' lang='lat' dir='ltr'>videt</span> <span class='ocrx_word' id='word_1_189' title='bbox 658 2629 705 2687; x_wconf 87' lang='lat' dir='ltr'>ac</span> <span class='ocrx_word' id='word_1_190' title='bbox 719 2600 843 2701; x_wconf 90' lang='lat' dir='ltr'>sentit,</span> <span class='ocrx_word' id='word_1_191' title='bbox 868 2607 1034 2687; x_wconf 89' lang='lat' dir='ltr'>animam</span> <span class='ocrx_word' id='word_1_192' title='bbox 1050 2601 1153 2686; x_wconf 91' lang='lat' dir='ltr'>suam</span> <span class='ocrx_word' id='word_1_193' title='bbox 1177 2610 1282 2716; x_wconf 91' lang='lat' dir='ltr'>rapi,</span> <span class='ocrx_word' id='word_1_194' title='bbox 1313 2611 1435 2690; x_wconf 91' lang='lat' dir='ltr'>immo</span> <span class='ocrx_word' id='word_1_195' title='bbox 1460 2604 1671 2720; x_wconf 86' lang='lat' dir='ltr'>aliquando</span> <span class='ocrx_word' id='word_1_196' title='bbox 1758 2616 1771 2641; x_wconf 77' lang='lat'>&#39;¹</span> 
     </span>
     <span class='ocr_line' id='line_1_22' title="bbox 242 2712 1674 2836; baseline -0.001 -29"><span class='ocrx_word' id='word_1_197' title='bbox 242 2728 348 2807; x_wconf 86' lang='lat' dir='ltr'>etiam</span> <span class='ocrx_word' id='word_1_198' title='bbox 374 2741 741 2829; x_wconf 57' lang='lat' dir='ltr'>comum-tepente,</span> <span class='ocrx_word' id='word_1_199' title='bbox 759 2722 855 2831; x_wconf 91' lang='lat' dir='ltr'>quin</span> <span class='ocrx_word' id='word_1_200' title='bbox 880 2742 1012 2801; x_wconf 87' lang='lat' dir='ltr'>tamen</span> <span class='ocrx_word' id='word_1_201' title='bbox 1039 2712 1140 2813; x_wconf 88' lang='lat' dir='ltr'>sciar,</span> <span class='ocrx_word' id='word_1_202' title='bbox 1164 2746 1248 2831; x_wconf 92' lang='lat' dir='ltr'>quo</span> <span class='ocrx_word' id='word_1_203' title='bbox 1267 2716 1438 2805; x_wconf 77' lang='lat' dir='ltr'>feratur?</span> <span class='ocrx_word' id='word_1_204' title='bbox 1465 2720 1488 2806; x_wconf 76' lang='lat' dir='ltr'>d</span> <span class='ocrx_word' id='word_1_205' title='bbox 1511 2750 1597 2836; x_wconf 92' lang='lat' dir='ltr'>quo</span> <span class='ocrx_word' id='word_1_206' title='bbox 1615 2751 1674 2807; x_wconf 86' lang='lat' dir='ltr'>ra·</span> 
     </span>
     <span class='ocr_line' id='line_1_23' title="bbox 241 2828 1674 2947; baseline 0.003 -30"><span class='ocrx_word' id='word_1_207' title='bbox 241 2838 388 2947; x_wconf 70' lang='lat' dir='ltr'>piatur?</span> <span class='ocrx_word' id='word_1_208' title='bbox 415 2836 562 2945; x_wconf 85' lang='lat' dir='ltr'>&amp;quo</span> <span class='ocrx_word' id='word_1_209' title='bbox 585 2828 922 2915; x_wconf 81' lang='lat' dir='ltr'>modottaltatur?</span> <span class='ocrx_word' id='word_1_210' title='bbox 951 2858 1040 2914; x_wconf 88' lang='lat' dir='ltr'>nam</span> <span class='ocrx_word' id='word_1_211' title='bbox 1062 2834 1103 2911; x_wconf 92' lang='lat' dir='ltr'>in</span> <span class='ocrx_word' id='word_1_212' title='bbox 1131 2855 1243 2914; x_wconf 90' lang='lat' dir='ltr'>motu</span> <span class='ocrx_word' id='word_1_213' title='bbox 1270 2828 1340 2917; x_wconf 88' lang='lat' dir='ltr'>illo</span> <span class='ocrx_word' id='word_1_214' title='bbox 1365 2831 1563 2920; x_wconf 90' lang='lat' dir='ltr'>subitaneo</span> <span class='ocrx_word' id='word_1_215' title='bbox 1590 2864 1674 2921; x_wconf 91' lang='lat' dir='ltr'>non</span> 
     </span>
     <span class='ocr_line' id='line_1_24' title="bbox 243 2940 1674 3057; baseline 0.001 -25"><span class='ocrx_word' id='word_1_216' title='bbox 243 2952 355 3035; x_wconf 78' lang='lat' dir='ltr'>llario</span> <span class='ocrx_word' id='word_1_217' title='bbox 374 2944 502 3047; x_wconf 88' lang='lat' dir='ltr'>scitur,</span> <span class='ocrx_word' id='word_1_218' title='bbox 529 2968 656 3029; x_wconf 87' lang='lat' dir='ltr'>utrum</span> <span class='ocrx_word' id='word_1_219' title='bbox 688 2940 713 3027; x_wconf 73' lang='lat' dir='ltr'>d</span> <span class='ocrx_word' id='word_1_220' title='bbox 746 2944 842 3027; x_wconf 88' lang='lat' dir='ltr'>Deo</span> <span class='ocrx_word' id='word_1_221' title='bbox 873 2942 928 3027; x_wconf 86' lang='lat' dir='ltr'>fit.</span> <span class='ocrx_word' id='word_1_222' title='bbox 986 2943 1179 3028; x_wconf 79' lang='lat' dir='ltr'>Caeterum</span> <span class='ocrx_word' id='word_1_223' title='bbox 1209 2970 1340 3057; x_wconf 86' lang='lat' dir='ltr'>raptus</span> <span class='ocrx_word' id='word_1_224' title='bbox 1370 2942 1436 3030; x_wconf 87' lang='lat' dir='ltr'>ille</span> <span class='ocrx_word' id='word_1_225' title='bbox 1468 2974 1519 3031; x_wconf 90' lang='lat' dir='ltr'>eo</span> <span class='ocrx_word' id='word_1_226' title='bbox 1546 2948 1674 3033; x_wconf 89' lang='lat' dir='ltr'>modo</span> 
     </span>
     <span class='ocr_line' id='line_1_25' title="bbox 242 3050 1672 3173; baseline -0.001 -28"><span class='ocrx_word' id='word_1_227' title='bbox 242 3060 302 3163; x_wconf 81' lang='lat' dir='ltr'>st,</span> <span class='ocrx_word' id='word_1_228' title='bbox 331 3084 386 3147; x_wconf 87' lang='lat' dir='ltr'>ut.</span> <span class='ocrx_word' id='word_1_229' title='bbox 420 3054 537 3172; x_wconf 67' lang='lat' dir='ltr'>plani</span> <span class='ocrx_word' id='word_1_230' title='bbox 585 3060 672 3169; x_wconf 84' lang='lat' dir='ltr'>quis</span> <span class='ocrx_word' id='word_1_231' title='bbox 705 3058 911 3152; x_wconf 84' lang='lat' dir='ltr'>existimet,</span> <span class='ocrx_word' id='word_1_232' title='bbox 939 3050 1099 3167; x_wconf 88' lang='lat' dir='ltr'>separati</span> <span class='ocrx_word' id='word_1_233' title='bbox 1128 3062 1291 3140; x_wconf 90' lang='lat' dir='ltr'>animam</span> <span class='ocrx_word' id='word_1_234' title='bbox 1328 3056 1352 3142; x_wconf 74' lang='lat' dir='ltr'>i</span> <span class='ocrx_word' id='word_1_235' title='bbox 1387 3086 1583 3173; x_wconf 71' lang='lat' dir='ltr'>corporet</span> <span class='ocrx_word' id='word_1_236' title='bbox 1631 3066 1672 3144; x_wconf 79' lang='grc' dir='ltr'>δι</span> 
     </span>
     <span class='ocr_line' id='line_1_26' title="bbox 242 3165 1674 3289; baseline -0.001 -30"><span class='ocrx_word' id='word_1_237' title='bbox 242 3177 411 3289; x_wconf 81' lang='lat' dir='ltr'>quamvis</span> <span class='ocrx_word' id='word_1_238' title='bbox 453 3196 601 3255; x_wconf 86' lang='lat' dir='ltr'>certum</span> <span class='ocrx_word' id='word_1_239' title='bbox 642 3168 708 3265; x_wconf 86' lang='lat' dir='ltr'>fit,</span> <span class='ocrx_word' id='word_1_240' title='bbox 749 3197 891 3282; x_wconf 84' lang='lat' dir='ltr'>corpus</span> <span class='ocrx_word' id='word_1_241' title='bbox 936 3195 1018 3253; x_wconf 90' lang='lat' dir='ltr'>nou</span> <span class='ocrx_word' id='word_1_242' title='bbox 1065 3165 1140 3254; x_wconf 81' lang='lat' dir='ltr'>esse</span> <span class='ocrx_word' id='word_1_243' title='bbox 1184 3195 1403 3270; x_wconf 88' lang='lat' dir='ltr'>mortuum,</span> <span class='ocrx_word' id='word_1_244' title='bbox 1452 3177 1577 3256; x_wconf 91' lang='lat' dir='ltr'>anima</span> <span class='ocrx_word' id='word_1_245' title='bbox 1616 3199 1674 3258; x_wconf 89' lang='lat' dir='ltr'>ta·</span> 
     </span>
     <span class='ocr_line' id='line_1_27' title="bbox 242 3280 1675 3401; baseline 0 -30"><span class='ocrx_word' id='word_1_246' title='bbox 242 3318 320 3375; x_wconf 87' lang='lat' dir='ltr'>nen</span> <span class='ocrx_word' id='word_1_247' title='bbox 345 3312 419 3401; x_wconf 86' lang='lat' dir='ltr'>pet</span> <span class='ocrx_word' id='word_1_248' title='bbox 442 3280 598 3397; x_wconf 81' lang='lat' dir='ltr'>aliquot</span> <span class='ocrx_word' id='word_1_249' title='bbox 622 3308 820 3367; x_wconf 90' lang='lat' dir='ltr'>momenta</span> <span class='ocrx_word' id='word_1_250' title='bbox 852 3281 983 3378; x_wconf 81' lang='lat' dir='ltr'>nescit,</span> <span class='ocrx_word' id='word_1_251' title='bbox 1009 3307 1135 3367; x_wconf 87' lang='lat' dir='ltr'>utrum</span> <span class='ocrx_word' id='word_1_252' title='bbox 1168 3288 1208 3368; x_wconf 90' lang='lat' dir='ltr'>in</span> <span class='ocrx_word' id='word_1_253' title='bbox 1250 3312 1416 3397; x_wconf 87' lang='lat' dir='ltr'>corpore</span> <span class='ocrx_word' id='word_1_254' title='bbox 1441 3284 1507 3382; x_wconf 89' lang='lat' dir='ltr'>fit,</span> <span class='ocrx_word' id='word_1_255' title='bbox 1537 3312 1584 3370; x_wconf 91' lang='lat' dir='ltr'>au</span> <span class='ocrx_word' id='word_1_256' title='bbox 1607 3292 1675 3371; x_wconf 86' lang='lat' dir='ltr'>ex&#39;·</span> 
     </span>
     <span class='ocr_line' id='line_1_28' title="bbox 242 3392 1676 3515; baseline 0 -30"><span class='ocrx_word' id='word_1_257' title='bbox 242 3428 289 3489; x_wconf 88' lang='lat' dir='ltr'>na</span> <span class='ocrx_word' id='word_1_258' title='bbox 312 3424 469 3515; x_wconf 75' lang='lat' dir='ltr'>eorpus.</span> <span class='ocrx_word' id='word_1_259' title='bbox 535 3396 700 3483; x_wconf 87' lang='lat' dir='ltr'>Videtur</span> <span class='ocrx_word' id='word_1_260' title='bbox 724 3394 822 3508; x_wconf 86' lang='lat' dir='ltr'>ipsi,</span> <span class='ocrx_word' id='word_1_261' title='bbox 851 3395 956 3511; x_wconf 84' lang='lat' dir='ltr'>quafi</span> <span class='ocrx_word' id='word_1_262' title='bbox 985 3394 1165 3480; x_wconf 87' lang='lat' dir='ltr'>fueritin</span> <span class='ocrx_word' id='word_1_263' title='bbox 1194 3403 1355 3509; x_wconf 86' lang='lat' dir='ltr'>regione</span> <span class='ocrx_word' id='word_1_264' title='bbox 1381 3395 1503 3512; x_wconf 84' lang='lat' dir='ltr'>longe</span> <span class='ocrx_word' id='word_1_265' title='bbox 1530 3392 1676 3485; x_wconf 86' lang='lat' dir='ltr'>diversa</span> 
     </span>
     <span class='ocr_line' id='line_1_29' title="bbox 241 3503 1675 3625; baseline -0.003 -24"><span class='ocrx_word' id='word_1_266' title='bbox 241 3518 284 3603; x_wconf 84' lang='lat' dir='ltr'>ab</span> <span class='ocrx_word' id='word_1_267' title='bbox 306 3544 366 3619; x_wconf 79' lang='lat' dir='ltr'>et,</span> <span class='ocrx_word' id='word_1_268' title='bbox 393 3520 439 3601; x_wconf 88' lang='lat' dir='ltr'>in</span> <span class='ocrx_word' id='word_1_269' title='bbox 465 3536 550 3625; x_wconf 88' lang='lat' dir='ltr'>qua</span> <span class='ocrx_word' id='word_1_270' title='bbox 576 3503 721 3599; x_wconf 77' lang='lat' dir='ltr'>sumust</span> <span class='ocrx_word' id='word_1_271' title='bbox 763 3508 820 3592; x_wconf 90' lang='lat' dir='ltr'>ibi</span> <span class='ocrx_word' id='word_1_272' title='bbox 866 3506 921 3593; x_wconf 88' lang='lat' dir='ltr'>illi</span> <span class='ocrx_word' id='word_1_273' title='bbox 959 3524 1118 3621; x_wconf 89' lang='lat' dir='ltr'>apparet</span> <span class='ocrx_word' id='word_1_274' title='bbox 1163 3515 1277 3594; x_wconf 88' lang='lat' dir='ltr'>eriam</span> <span class='ocrx_word' id='word_1_275' title='bbox 1318 3504 1444 3625; x_wconf 89' lang='lat' dir='ltr'>aliqua</span> <span class='ocrx_word' id='word_1_276' title='bbox 1487 3508 1553 3599; x_wconf 85' lang='lat' dir='ltr'>lux</span> <span class='ocrx_word' id='word_1_277' title='bbox 1597 3504 1675 3597; x_wconf 87' lang='lat' dir='ltr'>tam</span> 
     </span>
     <span class='ocr_line' id='line_1_30' title="bbox 240 3619 1677 3736; baseline -0.003 -20"><span class='ocrx_word' id='word_1_278' title='bbox 240 3628 371 3719; x_wconf 81' lang='lat' dir='ltr'>diversa</span> <span class='ocrx_word' id='word_1_279' title='bbox 401 3626 593 3717; x_wconf 76' lang='lat' dir='ltr'>dnollro</span> <span class='ocrx_word' id='word_1_280' title='bbox 614 3619 773 3722; x_wconf 83' lang='lat' dir='ltr'>lumine,</span> <span class='ocrx_word' id='word_1_281' title='bbox 805 3647 847 3707; x_wconf 92' lang='lat' dir='ltr'>ut</span> <span class='ocrx_word' id='word_1_282' title='bbox 874 3620 901 3706; x_wconf 83' lang='lat' dir='ltr'>fi</span> <span class='ocrx_word' id='word_1_283' title='bbox 933 3644 1024 3707; x_wconf 89' lang='lat' dir='ltr'>toto</span> <span class='ocrx_word' id='word_1_284' title='bbox 1057 3624 1143 3706; x_wconf 84' lang='lat' dir='ltr'>vitae</span> <span class='ocrx_word' id='word_1_285' title='bbox 1176 3647 1354 3736; x_wconf 89' lang='lat' dir='ltr'>tempore</span> <span class='ocrx_word' id='word_1_286' title='bbox 1390 3631 1478 3736; x_wconf 84' lang='lat' dir='ltr'>quis</span> <span class='ocrx_word' id='word_1_287' title='bbox 1516 3652 1677 3711; x_wconf 88' lang='lat' dir='ltr'>conare·</span> 
     </span>
     <span class='ocr_line' id='line_1_31' title="bbox 238 3731 1678 3859; baseline -0.008 -25"><span class='ocrx_word' id='word_1_288' title='bbox 238 3770 288 3833; x_wconf 84' lang='lat' dir='ltr'>uu</span> <span class='ocrx_word' id='word_1_289' title='bbox 316 3742 611 3859; x_wconf 73' lang='lat' dir='ltr'>imaginatione¹</span> <span class='ocrx_word' id='word_1_290' title='bbox 657 3732 786 3821; x_wconf 83' lang='lat' dir='ltr'>similia</span> <span class='ocrx_word' id='word_1_291' title='bbox 829 3732 1036 3848; x_wconf 84' lang='lat' dir='ltr'>effingere,</span> <span class='ocrx_word' id='word_1_292' title='bbox 1091 3761 1164 3817; x_wconf 84' lang='lat' dir='ltr'>nec</span> <span class='ocrx_word' id='word_1_293' title='bbox 1199 3731 1331 3821; x_wconf 85' lang='lat' dir='ltr'>lumen</span> <span class='ocrx_word' id='word_1_294' title='bbox 1369 3734 1465 3821; x_wconf 91' lang='lat' dir='ltr'>illud</span> <span class='ocrx_word' id='word_1_295' title='bbox 1505 3767 1578 3822; x_wconf 87' lang='lat' dir='ltr'>nec</span> <span class='ocrx_word' id='word_1_296' title='bbox 1617 3762 1678 3823; x_wconf 79' lang='lat' dir='ltr'>tet</span> 
     </span>
     <span class='ocr_line' id='line_1_32' title="bbox 235 3842 1677 3959; baseline -0.009 -14"><span class='ocrx_word' id='word_1_297' title='bbox 235 3858 355 3949; x_wconf 88' lang='lat' dir='ltr'>iiillu</span> <span class='ocrx_word' id='word_1_298' title='bbox 393 3852 501 3945; x_wconf 81' lang='lat' dir='ltr'>visas</span> <span class='ocrx_word' id='word_1_299' title='bbox 538 3842 666 3959; x_wconf 69' lang='lat' dir='ltr'>polin</span> <span class='ocrx_word' id='word_1_300' title='bbox 693 3853 736 3933; x_wconf 92' lang='lat' dir='ltr'>in</span> <span class='ocrx_word' id='word_1_301' title='bbox 768 3845 806 3935; x_wconf 90' lang='lat' dir='ltr'>se</span> <span class='ocrx_word' id='word_1_302' title='bbox 837 3877 885 3933; x_wconf 82' lang='lat' dir='ltr'>ex</span> <span class='ocrx_word' id='word_1_303' title='bbox 914 3854 1061 3933; x_wconf 87' lang='lat' dir='ltr'>rimtre.</span> <span class='ocrx_word' id='word_1_304' title='bbox 1145 3853 1202 3931; x_wconf 67' lang='lat' dir='ltr'>fit</span> <span class='ocrx_word' id='word_1_305' title='bbox 1240 3850 1459 3946; x_wconf 86' lang='lat' dir='ltr'>interdum,</span> <span class='ocrx_word' id='word_1_306' title='bbox 1484 3876 1527 3934; x_wconf 86' lang='lat' dir='ltr'>ut</span> <span class='ocrx_word' id='word_1_307' title='bbox 1547 3858 1586 3935; x_wconf 89' lang='lat' dir='ltr'>in</span> <span class='ocrx_word' id='word_1_308' title='bbox 1608 3848 1677 3933; x_wconf 90' lang='lat' dir='ltr'>illo</span> 
     </span>
     <span class='ocr_line' id='line_1_33' title="bbox 231 3959 1680 4077; baseline -0.007 -20"><span class='ocrx_word' id='word_1_309' title='bbox 231 3968 355 4069; x_wconf 77' lang='lat' dir='ltr'>lmine</span> <span class='ocrx_word' id='word_1_310' title='bbox 380 3959 512 4065; x_wconf 82' lang='lat' dir='ltr'>fimul</span> <span class='ocrx_word' id='word_1_311' title='bbox 539 3966 585 4051; x_wconf 89' lang='lat' dir='ltr'>in</span> <span class='ocrx_word' id='word_1_312' title='bbox 611 3985 819 4051; x_wconf 81' lang='lat' dir='ltr'>momento</span> <span class='ocrx_word' id='word_1_313' title='bbox 875 3968 961 4049; x_wconf 85' lang='lat' dir='ltr'>&#39;cat</span> <span class='ocrx_word' id='word_1_314' title='bbox 980 3987 1025 4071; x_wconf 82' lang='lat' dir='ltr'>ac</span> <span class='ocrx_word' id='word_1_315' title='bbox 1045 3962 1176 4048; x_wconf 85' lang='lat' dir='ltr'>videat</span> <span class='ocrx_word' id='word_1_316' title='bbox 1197 3985 1340 4048; x_wconf 88' lang='lat' dir='ltr'>tantam</span> <span class='ocrx_word' id='word_1_317' title='bbox 1366 3988 1493 4048; x_wconf 88' lang='lat' dir='ltr'>rerum</span> <span class='ocrx_word' id='word_1_318' title='bbox 1512 3968 1680 4077; x_wconf 87' lang='lat' dir='ltr'>copiam,</span> 
     </span>
    </p>

    <p class='ocr_par' dir='ltr' id='par_1_3' title="bbox 1637 4090 1681 4158">
     <span class='ocr_line' id='line_1_34' title="bbox 1637 4090 1681 4158; baseline -0.045 0"><span class='ocrx_word' id='word_1_319' title='bbox 1637 4090 1681 4158; x_wconf 91' lang='lat' dir='ltr'>ut</span> 
     </span>
    </p>
   </div>
   <div class='ocr_carea' id='block_1_3' title="bbox 0 0 1918 4994">
    <p class='ocr_par' dir='ltr' id='par_1_4' title="bbox 0 0 1918 4994">
     <span class='ocr_line' id='line_1_35' title="bbox 0 0 1918 4994; baseline 0 0"><span class='ocrx_word' id='word_1_320' title='bbox 0 0 1918 4994; x_wconf 95' lang='lat' dir='ltr'> </span> 
     </span>
    </p>
   </div>
  </div>
 </body>
</html>
