3690 4988
400 326 499 446 5²⁸
594 442 602 449 ,
690 299 1030 442 Observationes
1047 303 1109 409 ati
1120 306 1275 411 Revel.
1292 303 1348 406 de
1367 302 1585 443 agredi.

399 524 519 608 nodie
540 521 615 627 jam
640 514 830 631 profetia,
860 544 941 604 non
959 518 1053 604 verb
1077 522 1197 603 nodie
1215 521 1442 631 ingruente.
1508 512 1646 623 Quod
1667 518 1789 603 tutem
1801 520 1840 624 J·

402 635 476 720 daei
493 633 600 718 suum
613 631 753 719 Pascha
771 634 937 745 primitm
958 631 1236 718 celebraverint
1258 638 1394 729 node,
1414 627 1575 716 fatetur
1587 626 1669 746 ipsa
1683 638 1775 719 th.
1836 687 1837 697 ι

403 754 458 834 ria
478 749 530 833 de
549 750 707 860 Agreda
726 755 827 833 Part.
849 779 884 833 2.
911 753 1035 832 Num.
1068 778 1082 832 ι
1099 774 1191 856 ¹57·

523 892 557 965 5.
587 860 810 963 Affirmant,
834 888 1015 974 tempore
1034 861 1216 946 Passionis
1239 854 1357 944 solam
1386 864 1433 946 B.
1452 864 1674 977 Virginem
1695 866 1845 953 retroue

403 976 537 1075 fidem,
549 976 652 1061 ficut
669 974 744 1089 ipsa
761 975 877 1062 fuerit
894 1001 978 1060 rota
996 971 1171 1060 Ecclesia.
1201 981 1301 1061 Part.
1321 1003 1358 1056 ι.
1374 979 1512 1060 Num.
1535 997 1670 1081 1448.
1725 986 1805 1063 Hoc
1832 984 1839 997 '

407 1095 519 1179 detur
536 1086 707 1189 difficile.
727 1096 819 1206 quia
841 1096 880 1177 S.
900 1097 1094 1195 Joannes,
1125 1093 1164 1174 S.
1194 1090 1463 1188 Nicodamus,
1485 1096 1528 1176 S.
1551 1092 1708 1205 Joseph
1727 1096 1775 1177 ab
1831 1095 1839 1110 '

406 1211 562 1302 mathia,
583 1215 620 1290 S.
639 1203 885 1320 Magdnlena,
907 1214 946 1290 δι
967 1203 1047 1290 aliae
1072 1208 1218 1290 Saucia
1239 1198 1420 1288 mulieres
1447 1210 1490 1287 δι
1518 1203 1631 1293 latro
1655 1209 1781 1294 bonue
1808 1249 1832 1279 Ιι

407 1349 487 1433 que
514 1348 596 1407 non
620 1321 825 1407 amiserunt
848 1318 981 1406 fidem.
1054 1323 1157 1404 Dein
1190 1321 1229 1403 in
1253 1342 1339 1404 tora
1356 1314 1597 1421 Palaestina,
1619 1328 1665 1406 δι
1689 1331 1786 1429 juxte
1810 1364 1843 1397 ι.

405 1432 681 1521 Revelariooes
701 1441 817 1521 etiam
839 1441 879 1520 iu
896 1440 1090 1548 AEgypro,
1112 1437 1266 1518 suerunt
1275 1436 1476 1518 innumeri
1497 1436 1696 1522 homines
1715 1448 1845 1522 conr*

407 1551 458 1636 ad
487 1554 707 1649 Christum,
730 1555 801 1664 qui
829 1575 971 1663 utpote
991 1547 1189 1648 absentes,
1209 1543 1304 1631 nihil
1323 1547 1528 1636 sciverunt
1553 1552 1609 1636 de
1633 1552 1806 1665 passione,

408 1667 573 1781 deoque
599 1669 716 1751 etiam
741 1693 824 1750 non
844 1690 1057 1777 potuerunt
1079 1690 1124 1749 ea
1147 1664 1199 1747 de
1218 1657 1327 1746 causa
1354 1667 1547 1750 amittere
1565 1664 1709 1753 fidem.

535 1797 573 1867 6.
594 1777 810 1878 Affirmant,
828 1780 877 1863 ab
895 1775 1095 1890 Apostolis
1109 1805 1183 1890 pro
1202 1777 1414 1861 ministerio
1433 1778 1731 1890 temporalium
1755 1821 1803 1857 ···
1829 1824 1834 1850 ·

408 1919 516 1982 tutos
535 1891 645 1981 fuisse
668 1893 731 1979 sex
756 1899 981 1982 Diaconost
1023 1894 1115 1978 dein
1134 1888 1435 2005 illispraefeetoe
1452 1889 1576 1979 fuiise
1601 1894 1752 2010 septem
1772 1892 1835 1980 elo

408 2017 508 2097 Part.
524 2040 558 2114 3.
578 2014 1030 2110 Num.1o3.109.190.
1086 2006 1168 2093 Sed
1193 2006 1293 2093 Aua
1313 2003 1619 2117 Apostolorum
1647 2014 1703 2099 C.
1718 2026 1756 2098 6.
1770 2034 1807 2095 ut
1834 2013 1840 2026 '

411 2126 540 2222 detur,
560 2124 782 2225 ostendunt,
809 2127 965 2236 Septem
990 2126 1191 2206 Diaconos
1207 2115 1402 2231 suscepisse
1425 2124 1608 2209 eandem
1635 2154 1764 2211 curam

410 2234 626 2351 puralium,
658 2265 778 2351 quam
808 2239 1022 2322 habuerant
1051 2230 1258 2349 Apostolit
1303 2237 1343 2319 hi
1367 2237 1467 2320 verb
1489 2264 1543 2322 ea
1567 2240 1723 2327 admini
1746 2284 1753 2310 ·
1774 2281 1799 2310 ι·
1830 2283 1841 2307 ι

411 2349 640 2468 temporalia
655 2337 762 2463 ptius'
783 2381 853 2466 per
873 2349 1034 2463 seipsos,
1053 2380 1135 2435 non
1157 2380 1226 2463 per
1245 2346 1343 2434 alios
1368 2344 1435 2434 sex
1458 2353 1696 2441 Diaconos.

530 2500 568 2572 7.
597 2465 814 2566 Affirmant,
833 2468 945 2581 quod
959 2463 1127 2579 populus
1144 2473 1183 2551 in
1197 2467 1388 2578 primitive
1411 2462 1593 2554 Ecclesia
1608 2496 1758 2557 tantum
1781 2510 1833 2541 ιιι·

414 2586 668 2671 municaverit
695 2580 764 2670 sub
793 2610 870 2668 una
889 2581 1037 2694 specie,
1066 2587 1236 2695 exceptis
1264 2576 1416 2664 tantum
1443 2576 1686 2696 aliquibus,
1716 2587 1781 2701 qui
1830 2621 1833 2651 ¹

413 2724 569 2811 quanto
604 2723 784 2812 tempore
815 2703 1084 2783 continuarunt
1120 2697 1410 2781 communicare
1445 2693 1521 2779 sub
1553 2724 1729 2815 utraque
1748 2696 1776 2783 s·
1811 2739 1845 2764 ··

413 2818 514 2898 Part.
538 2816 834 2918 3.Nom.113.
889 2813 945 2897 At
968 2813 1217 2897 Contrarium
1237 2806 1320 2893 satis
1343 2803 1449 2896 clare
1473 2807 1688 2927 colligitur
1708 2844 1755 2900 ex
1775 2842 1804 2898 ι.
1840 2850 1843 2875 ·

417 2931 517 3014 Cor.
535 2955 601 3014 ιι.
621 2929 689 3011 ubi
710 2922 925 3038 Apostolus
953 2925 1155 3040 supponit,
1188 2950 1325 3009 ornnes
1353 2931 1664 3013 communicare
1688 2928 1755 3014 sub
1778 2956 1814 3011 u·

387 3044 392 3051 '
415 3068 497 3157 que
520 3037 668 3157 species
704 3045 758 3127 ita
780 3066 822 3127 ut
839 3046 970 3154 potius
990 3045 1028 3126 in
1052 3043 1282 3126 contrarium
1304 3034 1567 3127 consuetudo
1594 3047 1834 3129 commui

413 3159 457 3244 di
474 3153 542 3242 sub
559 3186 636 3243 una
653 3157 779 3270 specie
805 3153 929 3241 fuerit
949 3183 1184 3268 paucorum,
1214 3179 1295 3240 non
1318 3149 1385 3238 illa
1402 3160 1738 3245 communicandi
1752 3154 1811 3243 sub
1832 3192 1834 3220 ι

416 3298 557 3385 traque
572 3270 709 3385 specie.
781 3268 954 3384 Quodfi
975 3272 1095 3356 verba
1116 3270 1295 3383 Apostoli
1312 3263 1426 3354 alicui
1448 3273 1675 3361 videantur
1691 3302 1769 3359 non
1810 3311 1832 3341 υ

415 3382 609 3488 cludentia
643 3387 695 3471 de
724 3384 788 3484 se,
817 3383 906 3471 ralia
932 3386 1035 3471 certi
1063 3387 1243 3471 videntur
1266 3407 1309 3468 ut
1332 3378 1533 3495 explicata
1557 3415 1634 3500 pet
1662 3382 1833 3504 g·entttl=

405 3499 736 3586 consuetudinem
758 3496 913 3586 illorum
941 3506 1154 3613 primorum
1186 3524 1438 3611 temporum,
1465 3499 1523 3583 de
1554 3529 1642 3614 qua
1663 3505 1842 3590 ·nrdu'·o¹

414 3617 564 3699 constat
596 3643 644 3700 ex
666 3614 843 3699 Patribus
876 3622 916 3698 de
941 3616 1201 3724 scriptoribus
1231 3617 1430 3726 primitiva
1456 3610 1649 3703 Ecclefiat
1684 3642 1797 3734 usque
1838 3651 1842 3670 ·

412 3726 492 3821 sera
515 3756 720 3845 temporat
751 3752 794 3813 ut
814 3754 953 3814 notum
975 3727 1051 3814 eise
1072 3729 1252 3842 suppono
1280 3725 1463 3812 Eruditis.

532 3868 570 3944 ε.
598 3844 828 3941 Affirmant,
846 3848 1042 3932 Christum
1060 3848 1147 3958 post
1171 3846 1365 3948 Jejunium
1386 3843 1737 3963 quadragesimale
1762 3892 1764 3896 ι
1782 3889 1788 3914 .
1806 3887 1809 3918 t
1825 3879 1845 3903 >1

414 3961 555 4048 decem
574 3957 766 4045 mensibus
792 3958 962 4045 mansisse
981 3967 1021 4045 in
1041 3961 1187 4061 Judaea
1210 3965 1313 4044 Part.
1329 3986 1367 4042 t.
1381 3961 1515 4048 Num.
1535 3990 1669 4072 ¹0¹3·
1723 3970 1802 4050 Hac
1829 3959 1836 3974 ’

415 4076 558 4161 dentur
579 4072 670 4159 falsa
695 4102 744 4160 ex
768 4071 981 4188 Evangelio
1007 4079 1047 4161 S.
1073 4078 1234 4178 Joannis
1259 4074 1310 4159 C.
1342 4100 1378 4156 r.
1403 4076 1447 4157 dc
1475 4106 1518 4164 ι.
1556 4082 1631 4166 ubi
1660 4078 1839 4169 ostenden

415 4190 614 4283 Οίιιίίὶιιιιι
623 4189 732 4283 finiti
747 4187 916 4301 secundi
935 4186 1175 4303 allocutione
1192 4214 1282 4278 cum
1298 4180 1518 4315 &Joa'une
1532 4198 1668 4289 Qum
1687 4188 1837 4287 redi'tllt¹
