3796 4994
236 339 340 427 m
502 309 580 411 ne.
600 303 802 409 rtevem
819 293 929 404 Vera
949 299 1114 405 Maria
1133 301 1185 400 dr
1201 301 1401 438 Agreda.
1426 276 1429 282 ¹

216 538 296 609 „no
322 521 431 610 tros
458 504 600 595 fabam
618 503 801 596 describit
817 507 995 616 ejusdem
1018 509 1062 594 S.
1090 500 1292 595 iacttltatis
1315 509 1496 606 Dodor3
1529 507 1570 590 dc
1598 528 1690 618 pars
1782 589 1785 594 .

213 664 216 669 ·
238 627 463 717 Ludmtcm
487 622 589 709 Elias
608 626 678 709 Du
692 670 711 690 ·
729 628 803 709 Pin
817 624 885 730 seu
907 626 976 708 Du
992 627 1151 707 -Pinus
1172 626 1216 705 in
1237 621 1497 732 Compendio
1519 613 1592 705 suae
1618 622 1693 703 Hi-

320 745 365 825 iae
381 733 676 834 scelehassicae,
707 737 821 821 edito
841 735 990 821 Paridis
1021 750 1128 837 cyre
1152 733 1224 821 sub
1244 731 1381 819 titulo:
1436 735 1606 818 Histoire
1636 731 1694 815 de

274 851 403 966 Eglisc
426 879 479 934 en
505 849 675 963 obtegi.
722 857 844 937 Totrt.
858 883 899 950 4·
911 849 1000 936 Art.
1017 878 1083 951 ²3·
1106 850 1158 934 ad
1178 843 1366 934 Saeculum
1395 878 1461 946 ιφ.
1478 846 1531 930 fic
1547 842 1695 930 scribit:

241 967 510 1064 Soror‘Matia
529 965 585 1047 de
608 959 725 1067 JEsu‚
748 963 910 1046 Ordinis
939 965 978 1046 S.
1000 958 1204 1062 Francisti,
1233 956 1431 1045 Abbatilsa
1452 962 1694 1063 Conventus

241 1072 498 1191 immaculatas
520 1079 812 1188 conceptionis
839 1081 882 1160 in
909 1075 1009 1160 urbe
1034 1076 1193 1188 Agrcda
1207 1129 1222 1170 ,
1258 1072 1537 1187 professionem
1568 1069 1693 1156 emisit

248 1196 374 1301 isto.
426 1193 551 1276 Anno
576 1206 687 1303 1⁶⁸7
713 1185 838 1274 cleda
862 1190 922 1274 est
946 1194 989 1275 in
1009 1181 1310 1303 Superiorisam.
1392 1190 1434 1275 Si
1453 1184 1552 1282 fides
1577 1185 1694 1270 adhi-

243 1305 379 1389 benda
400 1309 482 1407 ejus
497 1305 734 1402 testimonio,
761 1304 903 1387 decem
934 1307 1066 1414 primis
1099 1298 1153 1387 sui
1183 1302 1382 1413 regiminis
1409 1302 1519 1385 annis
1544 1300 1696 1410 accepit

157 1470 159 1474 =
243 1417 390 1506 inco
417 1419 676 1518 mandatum,
705 1413 896 1501 scribendi
917 1419 1038 1500 vitam
1061 1421 1105 1499 B.
1130 1418 1310 1526 Virginis.
1390 1415 1538 1499 Restitit
1565 1413 1696 1526 usque

246 1533 302 1619 ad
321 1538 719 1644 annum'1637,quo
733 1529 894 1613 tandem
912 1532 1059 1641 incepit
1088 1525 1191 1613 tilam
1216 1533 1333 1611 vitam
1357 1522 1531 1612 scribere.
1587 1527 1695 1610 Poli-

238 1675 240 1679 ’
306 1672 368 1730 am
389 1649 540 1731 finierat
554 1671 673 1754 opus,
700 1640 798 1728 illud
827 1668 916 1726 cunr
928 1640 1012 1727 aliis
1035 1638 1107 1726 suis
1129 1640 1273 1754 scriptis
1298 1641 1491 1725 comburit
1514 1668 1564 1724 ex
1583 1664 1696 1723 man·

245 1672 347 1844 zio
367 1753 422 1844 sui
446 1753 676 1867 Confessarii
698 1755 1001 1853 anaordinari,
1037 1754 1064 1841 i
1092 1782 1178 1869 quo
1207 1755 1440 1868 dirigebatur
1462 1759 1502 1840 in
1528 1754 1698 1839 ablentia

248 1867 483 1961 Consess'arii
508 1872 716 1960 ordinarii.
795 1868 946 1962 Vertlnr
963 1869 1013 1952 de
1033 1872 1114 1954 hoc
1129 1868 1155 1954 ai
1170 1867 1240 1953 suo
1264 1863 1512 1955 confessario
1537 1869 1698 1954 ordina·

249 1987 328 2085 tio,
347 1991 386 2070 δι
408 1985 434 2072 i
453 1984 525 2072 suis
547 1982 833 2098 Superioribus,
849 1985 1056 2096 postquam
1083 1983 1126 2065 id
1155 1978 1379 2081 rescierant,
1397 1985 1533 2067 acriter
1563 2006 1695 2092 repre·

249 2095 368 2202 hensa
389 2101 459 2196 est,
475 2122 598 2211 atque
618 2097 823 2202 abiisdem
841 2095 1019 2180 denoto
1043 2094 1134 2201 lulla
1155 2097 1232 2194 eli,
1258 2093 1499 2182 conscribere
1527 2094 1697 2197 secunda

247 2215 336 2327 ¹'tice
359 2215 556 2295 historiam
578 2216 621 2294 B.
642 2213 822 2324 Virginis.
898 2211 1052 2322 ltaque,
1076 2237 1167 2305 cum
1197 2213 1237 2295 dt
1269 2211 1524 2323 existimaret,
1550 2208 1576 2294 i
1601 2211 1696 2292 Deo

250 2320 420 2408 ieiterari
437 2322 679 2422 mandatum,
703 2327 822 2407 vitam
846 2327 896 2408 B.
915 2328 967 2409 V.
988 2322 1127 2408 denuo
1143 2321 1305 2411 scribere
1330 2321 1466 2409 exorsa
1490 2326 1606 2409 estin
1630 2321 1696 2420 die

98 2530 101 2535 ,
250 2442 535 2550 Conceptionis
556 2442 599 2523 Β.
622 2443 673 2526 V.
696 2463 804 2523 anno
832 2451 955 2544 ¹⁶55·
1038 2439 1150 2524 Obiit
1178 2465 1284 2523 anno
1310 2454 1434 2538 1665.
1516 2441 1607 2546 Ejus
1638 2441 1696 2519 O·

251 2578 326 2750 pus
346 2552 534 2640 dividitur
557 2555 598 2636 in
620 2574 698 2637 tres
715 2552 875 2665 partes,¹
889 2557 986 2636 odio
1011 2546 1118 2637 libris
1144 2551 1451 2664 comprehensas.
1531 2553 1697 2663 Impres-

267 2694 333 2752 um
360 2669 415 2748 est
446 2667 533 2779 post
559 2675 640 2776 ejus
669 2667 823 2751 obitum
848 2662 1039 2780 hispanici
1069 2662 1201 2779 lingui
1232 2662 1501 2780 Ulylsrponae„
1521 2663 1695 2761 Madn'ti,

251 2783 294 2862 dc
325 2783 569 2891 Perpignani.
668 2782 726 2864 Ex
764 2779 952 2863 idiomate
980 2775 1174 2891 hispanico
1206 2782 1247 2864 in
1277 2776 1456 2895 gallicum
1492 2774 1641 2862 versum
1671 2777 1696 2864 i

216 2898 226 2905 ’
251 2895 299 2978 Ρ.
321 2889 489 2990 Croiset‚
506 2888 768 2987 Franciscano,
791 2887 957 2976 Malstliae
977 2892 1125 2976 editum
1142 2896 1196 2976 eil
1217 2919 1326 2978 anno
1344 2906 1453 2991 1'696
1471 2889 1540 2978 sub
1558 2888 1695 2978 titulo:

253 3006 311 3091 Ia
333 3004 527 3120 mystique
553 3005 646 3091 Citle
668 3004 719 3089 de
738 3007 856 3089 Dieu.
883 3010 959 3090 &c
1026 3010 1101 3090 Hic
1118 3003 1218 3091 liber
1238 3004 1376 3120 plenus
1401 3009 1454 3091 est
1473 3005 1695 3105 visionibus.

254 3123 296 3212 dc
323 3113 504 3254 fabulis.
523 3123 565 3205 dt
599 3122 779 3253 ineptiis,
819 3128 921 3252 quas
945 3121 1086 3253 author
1113 3121 1250 3206 vendit
1276 3149 1351 3235 pro
1380 3118 1696 3223 revelationibus

173 3420 186 3442 ,
252 3260 431 3437 :illlis
452 3228 1433 3460 {lishhhttl‘hfflllligillhslii
1455 3228 1765 3443 hilii.

203 3501 205 3505 <
252 3462 348 3553 riam
374 3458 426 3540 de
447 3459 604 3571 Agteda
627 3453 848 3572 applicuisse
868 3485 1038 3547 manum.
1120 3463 1277 3549 Author
1302 3463 1354 3546 de
1377 3463 1517 3548 ordine
1542 3462 1699 3548 divino·

251 3563 340 3664 runi
360 3575 620 3667 Decretorum
648 3571 857 3659 disotrrcnt
879 3578 960 3688 agit
982 3572 1158 3660 subtilem
1187 3579 1402 3674 Scotilitm,
1423 3573 1700 3690 supponimus,

226 3713 229 3717 ’
253 3683 306 3773 fic
325 3681 505 3771 revelasse
523 3687 677 3772 DEum.
758 3694 822 3771 De
851 3693 1046 3773 creatione
1071 3689 1206 3772 mundi
1229 3685 1399 3803 loquens
1418 3699 1495 3804 agit
1521 3687 1702 3775 Theolo-

283 3828 361 3898 um.
445 3803 579 3915 Caput
611 3828 660 3886 ta
695 3806 736 3883 δι
766 3828 818 3901 r7
847 3798 1101 3916 Apocalypsis
1138 3797 1302 3914 explicat
1332 3805 1383 3887 de
1418 3808 1698 3917 conceptione

253 3827 299 4037 g.
320 3917 503 4047 Virginis.
586 3910 780 4027 Describit
802 3917 917 4006 etiam
944 3912 1254 4000 conciliabulum
1277 3917 1508 4004 doemonum
1528 3913 1697 4033 celebra·

255 4048 340 4169 tum
358 4024 529 4118 secundo
543 4025 614 4113 die
634 4032 852 4131 orationis,
875 4032 914 4113 in
942 4056 1026 4145 quo
1050 4031 1214 4143 quilibet
1241 4030 1475 4118 doemonum
1500 4029 1698 4233 suu'milexss

260 4172 265 4181 ·
312 4170 315 4175 ⁴
871 4153 876 4170 '
1584 4152 1700 4261 p‘cat
