3796 4994
707 238 879 368 Regula
900 264 959 334 ex
981 241 1034 334 P.
1068 227 1180 366 Orst.
1559 267 1662 371 237

215 437 536 551 Propheticatum
557 434 850 536 revelationum,
874 435 1037 524 aliorum
1071 464 1120 524 ue
1150 439 1370 525 divinontm
1397 435 1660 531 charismatum

215 548 404 664 exempla,
435 554 580 666 quibus
607 547 768 637 Ecclefia
805 548 1010 664 plurimum
1041 465 1119 635 suit
1154 552 1287 636 tribus.
1300 554 1492 663 prioribus
1520 554 1660 642 saeculis
1873 624 1877 635 .

212 663 417 756 illustratas
448 691 671 777 quanquam
703 669 804 748 enim
832 668 873 748 id
905 662 1069 748 multum
1100 671 1259 766 juvaret,
1285 688 1328 747 ut
1343 662 1657 778 intelligeremus,
1817 724 1821 729 -

213 778 314 864 unde
342 783 546 889 Perpetua
565 783 732 862 animum
762 803 866 860 tanta
894 777 1036 860 fidncia
1058 775 1259 874 incesserit,
1286 786 1359 874 (ex
1387 775 1530 864 summa
1551 784 1661 866 vide-

213 889 299 976 licet
320 918 397 1002 per
421 918 468 975 ea
486 914 663 1002 tempora
688 887 898 975 coelestium
919 893 1115 973 donorum
1136 892 1324 986 ubertate,
1346 897 1385 974 dr
1406 920 1509 1001 pene
1526 900 1660 1006 quoti·

215 1007 331 1090 diano
366 1009 405 1086 δι
438 1008 661 1101 communi,
689 1032 735 1087 ac
763 1005 962 1116 quibusvis
988 1006 1090 1111 justis
1117 1003 1293 1115 exposrto
1323 1006 1541 1090 divinorum
1571 1010 1660 1093 cha·
1803 1106 1809 1115 ,

215 1116 406 1203 rismatum
436 1116 524 1220 usu)
558 1142 746 1213 attamen,
776 1119 869 1229 quia
898 1117 1001 1200 bene
1030 1113 1188 1227 longam
1223 1117 1492 1229 eruditumque
1507 1117 1564 1205 -de
1593 1124 1658 1206 vi-

210 1229 375 1342 sonibus
399 1231 451 1315 ad
479 1234 510 1313 E
536 1225 684 1313 istolam
718 1234 820 1315 Vlll.
852 1232 1039 1341 Cypriani
1067 1228 1374 1314 Dissertationenr
1401 1236 1523 1314 texuit
1550 1239 1660 1318 Hen-

215 1352 308 1430 ticus
331 1260 582 1428 Doduvellus
617 1349 715 1428 inter
739 1345 994 1426 l’rotestantes
1029 1371 1111 1426 non
1142 1342 1261 1427 infimi
1287 1338 1450 1426 subsellii
1482 1343 1657 1429 Theolo-

217 1486 295 1571 gus,
327 1461 370 1539 in
394 1483 474 1570 qua
490 1482 665 1553 ‚veterum
689 1463 841 1540 Parrum
867 1461 979 1539 initio
1009 1452 1162 1567 sumpto
1178 1457 1227 1538 ab
1249 1453 1482 1566 apostolicis
1503 1457 1554 1541 ad
1572 1461 1657 1572 Cy·

217 1578 391 1684 priunum
419 1598 555 1682 usque,
582 1567 669 1653 loca
690 1574 840 1670 omnia,
863 1575 903 1652 in
937 1570 1079 1681 quibus
1112 1568 1164 1653 de
1188 1568 1407 1654 Visronibus
1432 1595 1567 1681 agunt,
1588 1572 1659 1656 ad·

181 1728 184 1735 ·
219 1683 337 1769 versus
374 1710 446 1767 eos
491 1679 685 1780 adseruit,
723 1711 769 1767 ac
799 1683 1029 1778 vindicavit,
1059 1685 1150 1790 qui,
1179 1708 1221 1765 ut
1250 1687 1326 1777 ait,
1356 1709 1435 1791 qua
1463 1681 1589 1799 leguas
1616 1689 1657 1771 in

222 1794 313 1884 illius
336 1793 461 1907 saculi
487 1783 711 1882 authoribus
741 1794 785 1881 de
813 1794 1032 1904 vrfiorribnn
1063 1820 1108 1877 ea
1136 1791 1190 1879 ad
1213 1796 1453 1881 Montanum
1481 1791 1656 1894 trahunt,

226 1920 325 2022 nsque
348 1906 628 2020 Montanislas.
685 1909 784 1992 Ideo
808 1910 886 1991 hoc
909 1936 985 2019 ego
1007 1905 1144 1991 labore
1168 1904 1420 2018 inpraesentia
1442 1905 1660 2020 supersede-

228 2024 293 2125 bo,
320 2020 391 2108 sed
426 2050 471 2107 ea
503 2023 687 2108 duntaxat
720 2051 806 2105 cum
848 2051 896 2105 ex
932 2027 1183 2133 antiquorum
1211 2028 1364 2105 Parrum
1393 2025 1548 2134 Scriptis
1572 2018 1658 2108 scli-

177 2186 180 2191 ·
235 2163 306 2247 gam
327 2138 560 2235 testimonia,
579 2161 660 2221 turn
680 2164 728 2219 ex
758 2139 971 2247 Martyrum
999 2135 1151 2218 sinceris
1174 2134 1281 2220 Adsis
1309 2135 1562 2248 probatisque
1588 2140 1659 2220 Hi·

238 2251 339 2335 sotiis
364 2245 556 2362 exempla,
585 2277 672 2360 quae
695 2250 746 2333 ad
776 2276 904 2332 meum
925 2251 1134 2332 institutum
1156 2253 1315 2360 propius
1341 2248 1527 2333 accedere
1552 2250 1661 2334 vide·

239 2359 376 2462 buntur,
406 2368 446 2446 δι
475 2391 522 2447 ex
551 2363 692 2476 quibus
719 2357 831 2446 facile
859 2361 972 2473 polsrt
996 2357 1179 2473 intelligi,
1209 2364 1527 2446 Montanistarum
1551 2359 1665 2446 sami·

174 2538 176 2545 ·
242 2469 283 2559 la
306 2479 501 2591 propriam
526 2505 607 2559 non
626 2472 734 2559 fuisse
753 2479 887 2559 mitam
910 2469 1013 2559 illam
1032 2482 1228 2586 Perpetua
1247 2474 1440 2574 fiduciam,
1459 2502 1539 2587 qua
1556 2473 1663 2560 sutu-

245 2592 431 2678 tieventus
454 2587 732 2676 revelationem
753 2594 868 2675 Fratri
892 2585 1121 2702 spopondit.
1309 2608 1313 2616 “

334 2815 524 2902 Notanda
548 2812 632 2902 sunt
654 2842 783 2902 autem
809 2820 980 2929 inprimis
1005 2815 1183 2930 quadarn
1208 2818 1343 2917 Jnstini
1365 2817 1543 2928 Martyris
1571 2811 1661 2900 loca

249 2927 461 3043 abialogo
489 2939 628 3016 cumT
675 2934 828 3042 phone,
860 2939 1032 3042 inquo,
1060 2956 1101 3013 ut
1124 2929 1307 3016 Eusebius
1329 2931 1504 3028 advertit,
1532 2931 1597 3024 (L.
1622 2944 1664 3032 43

248 3042 319 3128 lliil.
338 3047 390 3130 C.
418 3057 479 3145 8.)
537 3045 642 3155 Prop
669 3049 751 3130 etia
780 3042 881 3130 dona
916 3038 1039 3128 adbuc
1064 3044 1140 3156 fua
1176 3055 1285 3130 etate
1325 3049 1364 3130 in
1401 3040 1561 3150 Ecclesia
1600 3048 1662 3128 vi·

245 3160 332 3267 suffe
347 3157 498 3272 scribis.
583 3160 664 3242 sed
703 3159 914 3272 quomodo
946 3161 1161 3266 viguerint,
1191 3159 1389 3267 produdiis
1416 3160 1453 3240 8.
1481 3161 1663 3266 Martyris

248 3274 459 3369 testimoniis,
483 3297 724 3383 compertum
756 3277 874 3383 magis
896 3269 1123 3353 babebimus
1147 3296 1265 3382 atque
1293 3266 1547 3380 exploratum.
1606 3271 1663 3353 lta

250 3387 328 3468 enirn
348 3390 418 3470 ait:
449 3381 572 3496 Apud
586 3412 654 3470 nos
673 3381 860 3494 bucusque
882 3386 993 3469 eliam
1015 3377 1242 3494 Prophesica
1268 3380 1417 3492 exstans
1438 3379 1565 3484 dona,·
1592 3408 1664 3470 un·

248 3492 354 3594 se&
378 3526 455 3584 vos
483 3495 685 3614 intelligere
715 3496 868 3594 deberis,
911 3524 990 3607 qua
1017 3494 1102 3580 olirn
1132 3500 1172 3580 in
1208 3523 1341 3611 genere
1379 3493 1505 3593 veslro
1586 3491 1664 3593 rire,

249 3631 280 3692 eo
304 3614 366 3721 epse
391 3617 432 3698 in
459 3638 531 3696 nos
560 3609 759 3698 translata.
846 3615 892 3695 lit
916 3608 1038 3709 infra3
1076 3636 1195 3803 poam
1222 3607 1458 3721 perspicuum
1488 3639 1510 3692 e
1541 3636 1562 3690 e
1588 3610 1664 3691 do-
1766 3708 1775 3721 ¹

251 3747 304 3822 tet,
327 3733 364 3810 dr
385 3733 424 3810 in
447 3730 629 3808 omnium
664 3720 786 3809 oculis
815 3723 1003 3835 postum,
1032 3751 1081 3804 nu
1099 3719 1178 3804 lum
1210 3749 1291 3807 turn
1321 3725 1482 3833 amplius
1519 3726 1664 3805 exstare

251 3837 277 3915 in
298 3841 517 3941 Judarorum
545 3865 663 3948 gente
684 3843 944 3950 Prophetamr
975 3861 1051 3918 tam
1074 3831 1200 3947 palam
1225 3834 1298 3921 else
1322 3835 1503 3918 omnibus
1524 3862 1568 3917 ac
1584 3848 1667 3917 ma·'

252 3947 406 4054 oisellum,
426 3950 509 4039 esse
525 3978 660 4035 revera
679 3956 777 4037 inter
795 3955 1030 4041 Christianos
1051 3978 1132 4032 non
1156 3953 1258 4034 viros
1276 3947 1438 4049 tantiam,
1461 3943 1666 4140 sedfetiam
1711 3992 1715 4001 ·
1743 3946 1753 3963 '

971 4067 1046 4174 Gg
1078 4090 1096 4163 3
1553 4063 1666 4142 nemi·
