3796 4994
215 272 288 423 4⁰
600 249 818 411 Kampsa
857 257 1013 375 Reuss.
1044 263 1305 403 drfficilr'rrm:

548 580 554 603 '
653 571 658 583 ’
737 560 910 698 Nam.
1007 563 1106 701 VJ
1115 565 1160 698 1.
1223 656 1236 667 --

242 826 591 1010 'Exempla
637 808 963 969 Vifionum
1005 827 1081 965 ὃ(
1124 813 1620 977 Revesarionum

293 1030 298 1037 ’
635 1158 643 1189 ,
807 1022 1107 1139 difficilium
1267 1028 1270 1033 ’

119 1383 128 1409 “
228 1420 312 1501 r
382 1389 437 1497 N
470 1386 590 1501 Vita
637 1388 897 1502 Gerttudis
942 1388 1009 1501 ab
1030 1382 1245 1503 ''Qesten
1278 1418 1331 1506 ad
1360 1431 1399 1507 a.
1430 1421 1519 1524 Jan.
1557 1419 1611 1510 cr
1641 1446 1682 1526 4

240 1596 273 1639 .·
308 1331 381 1698 l
407 1562 602 1636 narratur,
633 1537 749 1651 quod
773 1543 954 1653 quinque
979 1539 1153 1651 stigmata
1181 1538 1398 1651 acceperit,
1426 1536 1505 1621 hoc
1530 1537 1681 1624 modo:

405 1650 451 1736 In
478 1678 661 1768 tempore
693 1656 882 1766 pradisio
907 1675 990 1737 erat
1016 1655 1163 1737 devota
1188 1654 1368 1766 quadam
1406 1654 1572 1763 Regina,
1604 1680 1682 1737 no·

38 1788 42 1793 ’
222 1762 331 1852 inine
351 1756 467 1865 Lielt,
496 1768 682 1869 habitans,
693 1772 736 1852 in
757 1768 902 1853 eodem
925 1760 1101 1852 Delfenfi
1126 1771 1355 1880 Baginagio,
1380 1791 1468 1879 quae
1492 1766 1682 1853 Gettrudi

84 1984 97 2001 q
219 1874 413 2078 predixit,
432 1883 672 1997 quodanno
701 1878 890 1969 transacio
919 1883 1120 1980 manibus,
1145 1887 1185 1966 δι
1208 1879 1403 1997 pedibus,
1427 1884 1533 1966 acin
1558 1876 1680 1973 latere

238 2000 487 2110 uo.stigmata
507 1993 600 2084 esset
625 2021 866 2111 perceptura.
940 1995 1064 2083 Anno
1089 2005 1281 2083 transacio
1308 2001 1428 2082 nocie
1454 1991 1681 2084 Parasceves

219 2112 386 2197 Instante
408 2112 614 2197 Gerttud‘u
641 2107 680 2198 se
708 2114 912 2224 prostravit
938 2139 1072 2198 coram
1101 2111 1303 2199 ,crucifixo
1327 2112 1519 2196 meditans
1543 2117 1681 2199 amari·

218 2220 402 2326 turdinem
422 2221 616 2339 pastionis.
644 2222 781 2310 'Tunc
804 2228 924 2310 DEus
948 2223 1056 2324 fecit,
1095 2251 1138 2312 ut
1171 2226 1351 2342 quinque
1383 2228 1556 2339 stigmata
1580 2232 1680 2312 reci·
1725 2230 1728 2237 ’

218 2330 335 2457 pe‘ret
358 2346 401 2426 in
425 2344 607 2455 quinque
627 2339 813 2425 membris
838 2345 1013 2453 corporis
1040 2338 1108 2426 sui.
1175 2339 1366 2455 susceptis
1392 2348 1572 2455 quinque
1593 2338 1680 2427 vul·

218 2456 377 2543 neribus
400 2449 581 2549 clamavit
599 2482 704 2541 voce
723 2480 865 2569 magna
879 2455 930 2540 ad
948 2455 1238 2541 cohabitantem
1257 2455 1326 2542 fibi
1342 2460 1546 2569 Reginam:
1580 2459 1678 2543 Die·

215 2572 377 2673 ¹uverdis
402 2574 505 2670 veni,
538 2574 579 2656 δι
601 2569 716 2669 vide,
731 2658 735 2665 ,
748 2590 946 2684 quantam¹
961 2576 1123 2686 gratiam
1149 2573 1245 2667 milri
1268 2574 1380 2657 Deus
1404 2569 1552 2671 fecerit,
1583 2601 1678 2686 pau·

39 2762 50 2776 f
138 2732 143 2739 ·
218 2691 304 2801 peti
327 2682 472 2773 ancilsae
495 2683 588 2782 suae,
613 2711 701 2801 quae
723 2712 810 2769 cum
835 2691 1010 2784 veniret,
1037 2684 1245 2800 obstupuit.
1318 2690 1515 2800 Deinceps
1547 2685 1679 2774 mustis

219 2800 362 2887 diebus
384 2829 434 2887 ex
456 2795 678 2886 vulneribus
703 2804 887 2913 profluxit
912 2799 1061 2914 sanguis
1086 2798 1366 2914 pulcherrimus
1388 2799 1524 2914 septies
1547 2807 1589 2887 in
1612 2805 1678 2889 die

218 2909 474 3031 persingulas
508 2916 638 3000 Horas
671 2916 924 3029 Canonicas3
963 2919 1035 3030 qui
1063 2942 1385 3035 cruorlreceptus
1410 2919 1527 3002 estin
1551 2915 1678 3030 peplis

217 3031 394 3140 ejusdem
418 3029 625 3147 Gertrudis
649 3022 911 3147 sollicitudine
939 3026 1169 3145 praeparatis.
1199 3118 1203 3125 ,
1237 3026 1504 3147 Noisuapissa
1529 3037 1677 3119 cunetis

217 3152 302 3234 'cito
321 3149 508 3253 innotuit3
528 3146 634 3231 u‘nde
654 3171 738 3231 non
760 3138 885 3229 solium
904 3144 957 3230 de
974 3149 1128 3231 civitate
1145 3143 1336 3259 Delsenfi,
1360 3141 1487 3253 sedon
1513 3152 1677 3234 circum·

215 3270 382 3379 'quaque
411 3256 583 3377 populus
617 3256 762 3347 multus
797 3258 1065 3374 properabant·
1098 3261 1234 3347 videre
1293 3290 1351 3349 uae
1380 3261 1484 3349 fasta
1508 3262 1674 3350 fueraut

216 3378 456 3485 Huiusmodi
486 3369 691 3461 concursus
712 3378 901 3461 Gertrudi
926 3403 1008 3460 non
1065 3370 1246 3466 lacustri
1290 3405 1385 3489 uper
1418 3376 1549 3493 sepius
1582 3407 1675 3492 pro·

213 3514 303 3607 pter
335 3486 490 3605 popusi-
503 3488 765 3605 frequentiam
802 3491 933 3575 cordis
969 3404 1163 3577 mosestias
1198 3492 1477 3615 experiebatun
1554 3497 1675 3608 igitur

214 3611 369 3720 rogavit
391 3609 624 3707 Domimrnn
653 3604 778 3690 rursus
806 3603 831 3692 a
855 3601 894 3692 se
914 3600 1004 3690 tolli
1030 3610 1211 3721 quinque
1240 3604 1411 3697 vulnera
1467 3611 1676 3697 Exaudimt

214 3720 429 3821 Dominus,
452 3712 666 3807 &abstulit
687 3723 850 3833 gratiam
875 3726 1056 3835 quinque
1080 3720 1380 3837 vulnerum&
1406 3724 1522 3839 quod
1544 3752 1594 3810 ex
1620 3730 1677 3811 eit

212 3830 364 3951 sanguis
387 3863 472 3921 non
499 3832 728 3935 emanabat,
755 3831 822 3919 sed
848 3837 1021 3950 stigmata
1053 3858 1205 3923 ranmm
1245 3840 1432 3952 deinceps
1462 3865 1590 3954 usque
1622 3840 1675 3926 ad

29 3958 77 3985 ⁴
213 3975 384 4039 mortem
406 3947 671 4039 conservabat.
740 3951 898 4035 Dehinc
932 3956 973 4036 in
1001 3951 1310 4039 circumferentia
1337 3954 1469 4041 cordis
1488 3982 1675 4069 magnum

209 4066 401 4165 ,dolorem
429 4063 553 4158 sensit.
635 4069 743 4157 Nam
774 4061 1042 4155 consolatione
1068 4072 1267 4183 prateritae
1296 4066 1514 4169 suavitatis,
1552 4097 1675 4186 quam

1570 4212 1672 4275 tem·
