3796 4994
212 299 284 416 9⁸
620 216 734 413 'neg
757 269 912 410 Persi.
936 307 1002 405 ex
1019 268 1221 437 G‘ssm·

211 485 444 575 'certitudine
466 479 657 571 infallibili
682 514 742 583 ea,
773 513 859 600 qua
879 513 949 598 per
976 480 1096 570 solam
1118 478 1461 598 experimentalem
1485 484 1669 572 notitiam

211 599 280 689 vel
307 597 573 696 sentimentum
599 606 755 685 interius
783 602 823 683 δι’
860 595 1006 709 sensum
1050 624 1233 714 geruntur
1264 603 1305 681 iii
1334 596 1486 684 alterius
1516 607 1665 685 animo.

214 717 569 830 Quemadmodum
593 743 689 828 eigo
710 710 1055 830 tiadeieiegulam
1086 710 1319 828 generalem,
1345 724 1436 829 ‘qu‘ae
1459 715 1669 828 distingue·

212 857 276 922 ret
304 837 403 916 inter
430 829 616 914 visionem
647 825 872 915 somnialem
901 837 941 912 ὅ(
969 823 1075 912 illam
1101 858 1189 940 quae
1212 832 1257 913 fit
1284 828 1325 913 iii
1346 826 1509 942 vigilia,
1540 823 1668 915 nullus

204 941 331 1041 sicile
349 941 474 1057 posset
493 952 655 1057 propter
682 948 805 1030 varias
834 938 1099 1028 similitudines
1132 948 1231 1027 inter
1272 958 1457 1057 utrasque
1488 943 1668 1041 visiones,

214 1056 343 1147 multo
366 1063 487 1170 magis
514 1065 555 1143 in
583 1058 810 1172 proposito·
884 1064 965 1143 Scit
996 1053 1250 1143 nihilominus
1277 1061 1402 1141 homo
1434 1054 1601 1171 vigilans
1631 1055 1670 1144 se

82 1270 85 1275 ,
181 1226 185 1231 -
216 1169 536 1260 certitudinaliter
560 1180 599 1281 dc
622 1169 969 1286 experimentaliter
986 1172 1150 1287 videre„
1179 1177 1355 1285 quamvis
1384 1200 1467 1255 tion
1496 1177 1667 1286 ignoret,

216 1282 257 1377 se
281 1295 320 1372 iii
344 1282 485 1373 somnis
505 1276 677 1374 habuisse
712 1284 876 1397 visiones
901 1276 1174 1372 valdevisir'i'as
1199 1281 1397 1399 &psimiles
1414 1284 1490 1379 ‚suae
1516 1284 1666 1400 vigilie,

216 1404 323 1488 adeo
352 1402 465 1516 quod
488 1401 678 1489 somnium
698 1397 806 1487 suum
829 1428 980 1486 narrare
1003 1398 1233 1487 somniando
1265 1401 1513 1540 quandoque
1536 1404 1667 1486 videa*

217 1536 294 1603 tur.
352 1522 432 1601 Scit
455 1511 623 1603 similiter
637 1518 762 1602 homo
781 1512 980 1629 spiritualis
1002 1521 1041 1600 in
1064 1512 1193 1629 vigilia
1208 1544 1299 1599 vere
1320 1513 1416 1600 lucis
1437 1518 1578 1601 divinae
1596 1544 1667 1629 po·

218 1631 324 1731 fitur,
354 1633 490 1716 videre
516 1628 554 1717 se
574 1633 717 1731 divina,
747 1659 834 1746 qua
853 1632 974 1727 videt,
1002 1633 1094 1716 veri}
1117 1627 1269 1727 sentire,
1289 1631 1471 1727 odorare,
1501 1636 1541 1713 dr
1564 1630 1666 1750 sape

216 1772 271 1831 re.
324 1751 495 1856 Quare?
520 1750 613 1860 quia
632 1741 776 1859 vigilat.
829 1748 960 1830 Potest
980 1742 1230 1830 nihilominus
1246 1750 1463 1858 recogitare
1476 1773 1525 1829 ex
1548 1742 1587 1829 se
1606 1743 1666 1830 vel

154 1958 160 1965 ,
215 1854 313 1958 aliis,
340 1861 453 1975 quod
483 1886 767 1974 nonnunquam
795 1866 963 1972 ponitur
994 1865 1034 1945 in
1076 1861 1253 1977 quodam
1295 1855 1449 1944 somnio
1489 1856 1667 1945 naniralis

217 1979 454 2088 cognitionis
487 1971 796 2059 aut-diabolica
830 1971 1041 2072 illusionis,
1078 1976 1272 2089 quidum
1312 1972 1364 2058 sic
1396 1971 1433 2057 se
1468 1975 1590 2059 habet
1626 1981 1663 2058 dt

216 2091 524 2202 quodammodo
546 2090 692 2174 dormit
712 2091 762 2173 ad
789 2089 1079 2201 divina,purare
1100 2093 1238 2202 potest,
1249 2088 1362 2204 quod
1380 2084 1513 2201 vigilet
1534 2092 1587 2175 ad
1608 2118 1663 2188 ea,

53 2244 56 2249 ·
214 2204 349 2317 fitque
373 2201 468 2289 salli.
521 2204 631 2289 Vidit
651 2207 733 2289 haec
758 2205 805 2289 Β.
826 2206 1040 2321 Gregorius
1071 2202 1256 2302 asserens,
1282 2202 1431 2317 spiritus
1456 2206 1665 2317 propheta-

217 2344 304 2403 rum
330 2346 414 2403 noo
437 2313 587 2430 semper
612 2314 687 2401 eise
711 2323 753 2402 in
778 2322 992 2430 potestate,
1016 2315 1080 2404 vel
1109 2322 1283 2403 distinete
1319 2324 1557 2431 cognitione
1574 2349 1665 2435 pro-

214 2433 435 2546 phetarum,
464 2433 634 2546 probans
662 2435 742 2516 hoc
767 2440 837 2544 'per
863 2434 1050 2537 Nathan,
1081 2439 1149 2547 qui
1179 2434 1229 2515 ad
1259 2437 1387 2517 David
1414 2432 1666 2546 cogitand'em

165 2549 176 2567 '
218 2545 406 2660 edificare
431 2546 612 2632 Domum
641 2550 721 2632 Dei
751 2545 967 2659 respondit:
1012 2547 1135 2635 Omne
1162 2545 1338 2658 quodesl
1370 2552 1410 2634 iri
1441 2545 1555 2634 corde
1585 2557 1665 2650 hio,

211 2662 281 2773 fac
284 2725 320 2860 {1
336 2665 510 2860 quingen
533 2662 733 2750 Dominus
754 2673 875 2749 lerum
903 2660 967 2775 est.
1026 2667 1151 2771 Cujus
1180 2669 1415 2748 contrarium
1439 2662 1519 2777 ipla
1548 2671 1666 2749 noeis

211 2803 281 2862 rev
321 2802 400 2860 avit
466 2805 549 2863 eus.
1449 2830 1456 2837 -

218 2922 227 2945 ¹
303 2913 495 3044 *Regula
534 2944 613 3010 22.
652 2905 1021 3046 improbandis
1052 2908 1132 3014 vel
1154 2906 1507 3046 improbandis
1531 2939 1665 3014 reve·

213 3046 490 3177 lotionibus
524 3048 654 3156 'tion'
682 3058 941 3159 convincit
984 3082 1152 3157 unum
1195 3075 1406 3157 tantum
1447 3055 1678 3189 signum,

150 3278 155 3293 .
214 3190 296 3307 ssd,
333 3191 686 3331 complexum,
705 3191 944 3327 plurium.
1038 3222 1157 3300 Ratio
1188 3218 1263 3314 est,
1295 3219 1384 3329 quia
1413 3213 1666 3327 complexum

213 3330 381 3446 plurium
411 3332 604 3446 fignorum
636 3332 815 3417 rarissime
841 3338 1089 3445 conjungitur
1118 3360 1206 3415 cum
1229 3325 1404 3414 salsitate.
1457 3330 1602 3442 Gerfon
1620 3335 1665 3417 1.

214 3450 306 3549 CC.
330 3450 445 3535 dicite
470 3449 642 3535 Probare
664 3443 811 3559 spiritus
826 3452 868 3532 in
885 3445 1018 3537 alienis
1040 3445 1213 3558 personis
1233 3469 1406 3556 oportet,
1429 3470 1472 3528 ut
1493 3448 1545 3530 ab
1565 3473 1664 3558 ope·

129 3587 131 3601 ¹
212 3561 320 3647 ribus
345 3562 448 3678 figna
477 3562 678 3647 sumamus.
732 3557 841 3653 Fallit
869 3584 999 3657 tamen
1033 3588 1153 3645 unum
1181 3558 1329 3671 sgnum
1365 3554 1429 3641 vel
1455 3587 1609 3670 pauca,
1636 3556 1664 3644 si

213 3704 298 3763 riori
321 3680 369 3769 in
390 3703 509 3761 unuin
537 3672 647 3787 plura
676 3703 753 3759 cori
781 3672 1056 3760 lobaverimus.
1115 3677 1186 3764 Ira.
1204 3679 1307 3756 enini
1344 3676 1459 3756 tradit
1493 3670 1664 3763 Tulliusr

74 3846 81 3857 -
134 3854 137 3859 -
209 3801 266 3884 ita
288 3792 488 3887 Boethius,
505 3797 560 3881 ita
587 3704 813 3875 Aristoteles
833 3797 874 3873 in
892 3785 1137 3893 epulemurali
1157 3787 1265 3873 causa
1288 3785 1525 3872 faciendum.

39 3928 42 3932 ’
117 3926 136 3939 “
318 3926 485 4056 Regula
527 3959 604 4044 23·
641 3917 904 4054 Perpetuae
934 3921 1164 4035 vihones,
1188 3928 1241 4022 in
1270 3917 1454 4056 quibus
1479 3921 1547 4022 nil
1571 3921 1660 4024 fin·

207 4061 761 4229 ιςυῐειῐς·(ϋῑεἰ,,ῐῃῐχᾎῐὲιὺξῖιχ
792 4061 1262 4228 ςυρῥίᾗῑέςοῃῐίηεζυῐ
1301 4068 1355 4167 ii'i
1383 4061 1659 4200 Scriptura,

217 4236 220 4241 ’
568 4278 574 4287 -
720 4218 730 4241 ⁴
1267 4278 1272 4283 -
1566 4226 1657 4310 aut
