3796 4994
447 250 453 269 ·
574 320 775 427 Revelat.
805 317 858 422 de
884 311 1073 458 Agre'da,
1104 328 1212 427 Part
1238 323 1295 420 ll.
1435 268 1439 274 ¹
1554 351 1648 452 393

333 518 456 640 η’4σ.
493 528 602 615 Cum
617 553 745 615 autem
764 537 840 637 jam
860 556 933 643 per
953 527 1119 614 duorum
1140 531 1312 639 priorum
1337 521 1512 612 saevitiem
1527 549 1657 610 totum

216 651 359 758 'corpus
375 644 488 729 fuerit
507 671 626 729 unum
655 648 882 734 continuum
901 639 1064 743 vulnus,
1091 648 1130 725 δι
1154 668 1262 728 venae
1283 649 1358 748 jam
1375 638 1518 723 fuerhrt
1544 667 1656 750 aper-

212 784 276 856 te,
305 763 406 843 tertii
429 762 473 843 hi
500 781 668 843 tortores
693 784 774 843 non
802 763 1031 843 invenerunt
1059 749 1221 866 amplius
1247 759 1481 866 incorpore
1514 753 1656 836 Christi

216 868 376 969 locum,
398 872 539 985 quide
564 899 674 957 novo
696 876 868 982 potuerit
897 873 1046 982 aperiri
1104 871 1210 954 Cum
1241 891 1372 954 tamen
1407 862 1657 973 nihilominus

216 985 473 1096 percutiendi>
497 987 716 1081 institerint,
742 990 794 1067 ira
816 980 1069 1069 dilacerarunt
1084 1008 1238 1067 carnem
1260 987 1483 1095 virgineam,
1499 1006 1542 1065 ut
1559 974 1657 1065 rnul-

218 1121 258 1180 ta
288 1103 407 1182 carnis
428 1097 544 1184 frusta
568 1097 776 1192 ceciderint
810 1104 849 1182 in
868 1121 1033 1193 terram,
1058 1100 1098 1178 ἃ
1122 1100 1162 1178 in
1189 1091 1318 1181 multis
1350 1091 1449 1179 locis
1474 1120 1661 1207 apparue-

217 1213 295 1294 rint
314 1209 419 1296 nuda
443 1208 536 1311 offa,
557 1211 682 1323 idque
705 1213 747 1295 in
773 1214 886 1294 variis
911 1208 1010 1295 locis
1036 1209 1090 1294 ad
1109 1204 1351 1295 latitudinem
1381 1213 1492 1293 unius
1512 1208 1660 1293 mantis.

218 1326 308 1410 Nec
332 1347 589 1437 pepercerunt
607 1318 730 1408 vultui
750 1327 790 1405 &
816 1322 997 1435 pedibus.
1032 1371 1035 1376 ·
1055 1323 1229 1436 Sanguis,
1256 1326 1327 1437 qui
1347 1323 1508 1407 defluxit
1527 1326 1567 1407 in
1585 1343 1661 1406 teri

200 1461 313 1538 tam,
338 1442 377 1523 in
396 1434 523 1522 multis
543 1432 642 1521 lucis
665 1441 830 1522 accrevit
848 1441 889 1521 iu
914 1430 1124 1523 colliculos.
1180 1433 1321 1522 Vultus
1340 1461 1448 1522 totus
1468 1440 1661 1536 intumuit,

219 1555 258 1633 ἃ
288 1576 369 1635 erat
392 1547 563 1664 perfusus
589 1548 784 1663 sanguine.
878 1555 1000 1637 Etiam
1034 1546 1141 1635 oculi
1168 1574 1276 1635 erant
1304 1550 1468 1633 obducii
1498 1573 1661 1635 tumore.

220 1668 417 1749 Numerus
446 1690 558 1748 verus
581 1670 756 1747 omnium
785 1663 1066 1774 percuss'ronum
1096 1690 1145 1746 cx
1171 1658 1328 1777 flagellis
1356 1662 1380 1747 a
1406 1662 1573 1775 pedibus
1600 1692 1662 1747 us·
1713 1677 1718 1728 ἴ

220 1804 304 1891 que
330 1780 382 1862 ad
415 1781 598 1863 verticem
626 1799 707 1862 erat
733 1782 944 1890 quinquies
970 1771 1105 1874 mille,
1145 1800 1330 1877 centum,
1358 1781 1397 1859 &
1425 1777 1661 1890 quindecim.

222 1917 240 1974 1
312 1918 348 1993 3.

253 1920 305 1995 ³4
348 2030 471 2108 134¹·
498 1993 539 2091 13ss
559 2008 682 2121 Virgo
703 2004 905 2092 constituta
926 2006 968 2089 in
993 2003 1128 2119 aliquo
1149 1999 1294 2119 angulo
1323 2007 1405 2090 atrii
1426 2006 1660 2092 haec‘omnia

223 2120 321 2205 vidit
335 2123 376 2202 in
393 2117 545 2231 spiritui
574 2125 612 2202 δι
637 2114 714 2232 ipsa
737 2146 876 2204 omnes
893 2121 990 2204 icius
1006 2123 1047 2203 in
1065 2116 1134 2204 suo
1156 2145 1324 2232 corpore
1353 2116 1488 2216 sensit,
1517 2143 1559 2202 ut
1579 2118 1659 2231 ipse

224 2235 409 2320 Christus.
467 2236 515 2318 Et
533 2237 709 2346 quamvis
728 2260 809 2316 non
823 2233 967 2317 fuderit
986 2227 1103 2317 aliurn
1120 2229 1354 2348 sanguinem,
1377 2230 1443 2317 nist
1460 2229 1661 2317 lachrimas

172 2435 175 2440 ,
223 2342 457 2459 sanguineas,
483 2374 557 2431 nec
578 2351 822 2459 apparuerint
844 2350 886 2429 in
903 2352 983 2452 ejus
999 2371 1167 2457 corpore
1193 2343 1362 2442 vulnera,
1382 2351 1434 2429 ita
1452 2371 1581 2430 tamen
1606 2349 1661 2431 est

223 2487 302 2571 prae
321 2455 463 2544 dolore
484 2457 714 2557 deformata,
739 2482 782 2542 ut
802 2455 826 2543 a
846 2462 1015 2563 Joanne,
1038 2457 1121 2544 &al
1143 2459 1265 2545 tribus
1282 2462 1428 2556 Mariis,
1449 2486 1534 2573 quae
1552 2454 1661 2545 simul

225 2576 398 2674 aderant,
424 2598 506 2657 non
532 2571 647 2658 fiterit
666 2575 804 2686 agnita

345 2713 467 2790 ¹34²·
519 2693 625 2771 Unus
661 2687 916 2771 ministrorum
948 2711 996 2770 err
1023 2687 1197 2777 iniuntur
1224 2682 1371 2771 diaboli
1401 2681 1663 2773 occultaverat

224 2802 375 2885 Christo
403 2801 559 2898 vestem,
585 2822 629 2884 ut
655 2800 796 2885 diutius
825 2824 973 2911 pateret
999 2796 1174 2885 illufioui.
1257 2807 1414 2884 Hoc.B.
1444 2800 1568 2915 Virgo
1591 2802 1664 2885 ad·

225 2938 379 2999 vertens
406 2917 638 2997 authoritate
667 2918 770 3026 regia
801 2918 983 3027 praecepit
1008 2912 1211 3013 Lucifero,
1238 2938 1282 2999 ut
1301 2941 1390 2999 curn
1409 2911 1471 2998 lua
1496 2915 1662 3000 cohorte

227 3054 276 3112 ex
296 3024 367 3112 illo
390 3024 484 3111 loco
508 3022 729 3111 discederet.
823 3029 927 3111 Dein
956 3034 1136 3140 praecepit
1163 3024 1328 3143 angelis,
1366 3051 1410 3111 ut
1437 3031 1664 3138 protrahant

226 3143 382 3226 vestem.
465 3146 604 3254 ltaque
626 3141 799 3226 Christus
818 3145 955 3224 iterum
971 3145 1085 3226 inruit
1114 3144 1270 3244 vestem,
1296 3142 1504 3254 postquam
1532 3144 1572 3225 in
1596 3138 1661 3224 lua
1698 3237 1704 3248 ¹

224 3251 312 3341 satis
333 3250 452 3367 longa
475 3255 742 3342 denudatione
769 3259 882 3339 ctiam
907 3250 1026 3341 multa
1047 3251 1171 3367 pallus
1188 3254 1313 3342 fuerat
1329 3252 1354 3339 a
1372 3252 1531 3365 frigore,
1551 3253 1666 3366 quod
1691 3363 1692 3366 p

227 3390 322 3453 tunc
340 3372 434 3453 teste
451 3366 687 3479 Evangeliha
709 3392 799 3452 erat.
853 3373 967 3453 Tunc
990 3364 1071 3454 iola
1087 3377 1127 3456 B.
1147 3374 1270 3488 Virgo
1288 3366 1529 3454 condolebat
1547 3370 1665 3455 Chri-

227 3483 288 3568 llo
309 3480 403 3565 loco
418 3486 538 3567 totius
562 3485 712 3594 generis
735 3485 906 3566 humani.
1049 3514 1051 3518 ³

347 3619 468 3706 1344.
495 3597 615 3698 Judaei
636 3623 718 3680 non
736 3599 910 3680 contenti
931 3620 1035 3700 5¹¹5
1062 3591 1304 3711 flagellorum
1319 3596 1460 3683 illibus
1469 3597 1665 3683 Christum

229 3707 364 3793 denuo
391 3733 542 3809 exuant,
573 3714 613 3791 δι
642 3702 819 3794 obsoleti
846 3735 1013 3823 purpura
1037 3712 1219 3809 induunt.
1301 3712 1433 3825 Capiti
1460 3716 1667 3824 imponunt

232 3847 418 3912 coronam
438 3849 488 3907 ex
505 3819 617 3934 spinis
640 3823 762 3908 densi
785 3848 1019 3908 contextam.
1076 3822 1215 3909 Aculei
1235 3822 1425 3934 spinarum
1455 3849 1562 3909 erant
1586 3850 1665 3912 tam

228 3933 354 4048 longi,
386 3961 428 4022 ut
451 3932 571 4049 aliqui
595 3943 877 4048 penetraverint
900 3965 971 4048 per
989 3941 1183 4037 cranium,
1215 3934 1278 4022 alii
1308 3964 1432 4052 usque
1465 3937 1515 4020 ad
1541 3934 1666 4036 auree,

229 4045 295 4136 ahi
327 4054 531 4162 usquead
567 4049 742 4135 oculos
802 4057 973 4163 Purpura
1001 4052 1169 4139 humeris
1205 4057 1341 4157 injecta
1379 4049 1549 4137 habebat
1585 4049 1669 4137 fere

252 4290 255 4295 Ι
347 4163 410 4253 u.
426 4163 475 4251 a.
492 4164 546 4251 A.
566 4161 611 4251 a
626 4163 801 4254 seven.
821 4165 921 4255 Pars
936 4164 995 4252 rr.
1195 4164 1324 4252 naa
1589 4164 1671 4252 tor.
