3796 4994
534 241 741 342 Revrlrrr
768 242 812 339 S.
839 231 1090 371 Elr'firberbae
1115 236 1363 376 Sebb'neug.
1509 334 1510 337 γ
1581 266 1671 372 1⁸3

335 507 493 640 Aliae
565 511 741 642 variae
812 509 1222 640 revelationes
1292 505 1564 683 ejusdem

754 695 802 801 S.
838 693 1139 804 Elisabethae.

326 943 549 1032 Ollandiani
572 948 621 1032 ad
645 973 708 1045 ¹8·
735 954 840 1054 Junii
869 951 1063 1057 exhibent,
1082 956 1196 1035 vitam
1220 955 1259 1036 δι
1278 947 1553 1038 Revelationes
1574 977 1676 1065 prae··

220 942 323 1218 B
350 1059 437 1147 satae
464 1058 699 1161 Elisabetbae,
729 1062 902 1176 scriptam
921 1067 971 1149 ab
997 1067 1169 1181 Egberto
1195 1067 1418 1169 Monacho‚
1437 1070 1507 1182 qui
1525 1091 1608 1223 eras
1623 1075 1671 1156 ll·

349 1171 539 1261 lisabethae
561 1174 690 1263 frater.
748 1179 975 1278 Videamus,
1003 1175 1137 1292 quales
1163 1185 1201 1265 dr
1223 1183 1298 1267 istae
1321 1181 1404 1266 sinu

217 1359 265 1437 C.
287 1383 320 1436 r.
352 1351 471 1435 Videt
493 1354 533 1432 in
552 1350 666 1434 extasi
691 1354 733 1430 B.
757 1353 980 1460 Virginem,
999 1354 1037 1431 dr
1061 1351 1113 1434 D.
1139 1349 1415 1451 benedictum,
1446 1356 1487 1434 &
1509 1352 1666 1438 doemo-

277 1460 466 1690 ppzpdsptb
498 1469 610 1549 variis
638 1463 784 1546 formis.
896 1462 1019 1546 Audit
1042 1459 1170 1548 secum
1197 1459 1427 1577 loquentes,
1454 1469 1581 1579 iisque
1603 1494 1666 1553 re·

215 1744 267 1830 <2
294 1776 332 1830 ι.
364 1740 528 1827 VidetS
557 1745 683 1828 iritum
706 1740 886 1828 Sannum
913 1743 953 1825 in
977 1737 1103 1856 specie
1123 1737 1314 1829 columba
1339 1746 1381 1826 in
1406 1747 1519 1829 variis
1549 1741 1665 1850 locis,

276 1856 488 1972 aliquando
513 1773 623 1968 supra
648 1885 822 1956 crucem,
850 1853 1064 1968 aliquando
1089 1855 1211 1968 supra
1221 1862 1345 1969 capita
1370 1852 1660 1961 celebrantium,
1811 1864 1815 1871 '

272 1972 384 2084 supra
414 1967 569 2056 calicem
596 1997 685 2055 ante
707 1969 1047 2056 consecrationem.
1114 1975 1158 2055 ln
1180 1969 1282 2054 festis
1301 1975 1529 2056 Sanstorum
1554 1975 1664 2059 videt

274 2087 444 2184 sandius,
473 2114 643 2197 quorum
671 2084 808 2170 festum
840 2112 891 2169 eo
928 2084 993 2170 die
1019 2078 1314 2185 celebrabatur,
1344 2092 1382 2169 dr
1416 2087 1662 2205 quandoque

274 2202 467 2289 Christum
495 2197 563 2283 sub
596 2205 707 2285 variis
732 2199 882 2284 formis.
1023 2212 1028 2225 '

213 2357 268 2443 C.
296 2385 332 2456 3·
367 2356 488 2439 Videt
508 2382 659 2441 crucem
680 2358 720 2438 in
746 2350 893 2468 gloria,
924 2353 1069 2439 sacrum
1103 2344 1323 2465 sanguinem
1350 2354 1391 2436 in
1419 2348 1538 2441 calice
1566 2381 1662 2441 con·
1787 2374 1792 2393 ’

272 2465 432 2567 secrato,
450 2475 577 2554 varios
600 2467 759 2569 sanatos,
779 2474 1056 2582 purgatorium,
1073 2465 1300 2577 paradisum,
1318 2470 1462 2551 animas
1482 2468 1504 2554 ὲ
1521 2496 1662 2582 purga·

272 2589 376 2669 torio
396 2580 586 2670 liberatas.
603 2611 641 2666 n.
669 2612 735 2686 50.
759 2590 797 2667 dr
825 2615 887 2684 5¹·
907 2582 957 2668 src
976 2583 1124 2693 habeta
1146 2582 1236 2666 Vidi
1260 2584 1477 2667 Dominum
1494 2585 1660 2688 JESUM

273 2727 362 2782 curn
380 2698 535 2782 infinitis
554 2694 722 2782 millibus
739 2705 958 2783 venientem
977 2701 1019 2781 iu
1041 2702 1241 2811 regionem
1267 2701 1364 2781 aeris
1386 2699 1507 2802 buius.
1560 2695 1661 2785 offi-

273 2814 422 2897 stebant
443 2838 569 2897 autern
599 2817 635 2895 ei
662 2813 745 2895 duo
771 2811 915 2897 diversa
935 2817 1087 2925 agmina
1108 2820 1317 2897 innumera
1338 2805 1476 2923 plebis,
1495 2812 1658 2898 unumri

274 2929 431 3027 dextris,
455 2920 616 3010 alterum
640 2925 664 3012 i
687 2925 846 3011 finistris.
927 2930 974 3009 lis
990 2926 1186 3038 ¹quidem,
1211 2932 1281 3038 qui
1311 2924 1336 3010 a
1363 2926 1507 3011 dextris
1532 2951 1657 3024 erant,

271 3036 338 3123 lux
358 3038 538 3123 immensa
562 3039 784 3124 circumfusa
802 3040 1017 3138 videbatur,
1040 3047 1140 3124 inter
1160 3068 1262 3151 quos
1288 3046 1464 3152 apparuit
1482 3039 1559 3122 Dei
1577 3064 1658 3121 ma-

274 3179 334 3238 ter
360 3160 501 3244 Marias
539 3156 595 3238 ibi
624 3155 855 3238 diversitates
889 3158 1065 3238 omnium
1090 3149 1432 3238 ecclesiasticorum
1466 3152 1658 3263 graduum

275 3268 449 3352 distincte
474 3267 658 3379 perspexi,
690 3275 788 3353 inter
817 3296 920 3380 quos
942 3273 982 3350 aa
1011 3265 1280 3353 Venerabilem
1313 3268 1460 3350 Patrem
1486 3268 1657 3350 nostrum

272 3385 526 3466 Benedinum
553 3411 639 3465 cum
659 3384 721 3466 sua
739 3378 961 3475 Monaelrali
985 3382 1098 3465 turba
1117 3376 1341 3494 dignoscere
1357 3376 1544 3465 delectata
1561 3375 1657 3469 sum.

273 3498 323 3579 Iis
348 3522 477 3579 autem
499 3503 570 3611 qui
595 3523 700 3580 erant
725 3495 747 3580 a
774 3496 935 3596 srnillris,
959 3495 1124 3580 tenebra
1152 3491 1272 3580 densae
1292 3501 1331 3578 dr
1359 3488 1563 3580 horribiles
1587 3500 1656 3580 cir·

274 3609 449 3700 cumfusae
489 3636 605 3694 erant.
689 3616 810 3695 Heu!
888 3633 1025 3693 uantos
1062 3636 1110 3692 ex
1146 3606 1299 3710 Clero,
1334 3637 1503 3724 quantos
1540 3612 1658 3694 nostri

275 3727 434 3809 Ordinis
456 3730 557 3808 viros
582 3731 617 3807 dr
642 3724 820 3809 mulieres
846 3640 985 3834 plenos
1010 3720 1238 3807 confusone
1262 3719 1339 3808 illic
1359 3723 1657 3835 dignoscebama

272 3865 443 3951 cumque
476 3845 608 3923 omnia
644 3836 927 3951 perspexissem,
954 3839 1049 3921 dixit
1074 3839 1202 3940 Judex
1226 3839 1276 3920 ad
1306 3863 1389 3934 eos,
1413 3843 1609 3948 quierant
1634 3837 1659 3920 a
1780 3840 1785 3847 ’

271 3950 446 4054 finnbm
500 3957 558 4040 lte
583 3949 775 4041 maledicis
801 3960 843 4040 in
871 3958 1000 4066 iguem
1031 3978 1240 4049 aeternum,
1274 3955 1315 4036 dc
1354 3960 1658 4078 continuorum

1551 4087 1661 4172 prru-
