3796 4994
91 429 92 432 Ὺ
214 307 316 413 266
389 315 393 329 '
601 306 803 408 Revelat.
816 302 869 403 de
886 304 1074 441 Agreda.
1100 315 1213 408 Pars
1236 314 1271 406 Ι.

334 537 429 618 325.
465 513 656 597 Nativitas
683 516 726 595 Β.
746 516 913 624 Virginis
944 514 1108 625 contigit
1141 521 1284 598 ottavo
1311 511 1379 600 die
1410 511 1669 626 Septembris.

213 637 258 719 Β.
276 633 400 741 Virgo
419 652 512 708 tunc
533 624 582 708 sic
603 651 711 737 rapta
733 628 787 709 eil
809 633 849 709 i'n
865 625 1040 725 Etiasin,
1076 655 1118 711 ut
1141 628 1192 710 ab
1221 630 1406 712 omnibus
1436 625 1671 714 sensibilibus

213 740 510 945 ppgsstiongbus
532 737 655 935 {uniit
675 741 889 936 abluiet}
946 745 1052 826 Nata
1072 766 1204 826 autem
1226 743 1281 826 cst
1310 751 1448 844 (μό)
1476 769 1579 853 pura
1598 742 1672 830 siue

230 889 277 945 or
306 889 318 941 i
350 883 392 938 us
443 879 510 937 ora
563 880 615 936 uo
647 881 769 937 etima
785 879 838 935 no
878 883 922 937 rs.

216 1084 308 1171 r...t
336 963 1669 1194 uiri·lubitusussilit.suasibilibus:

217 1226 304 1315 quo
322 1196 496 1284 Verbum
515 1194 690 1279 habitare
713 1196 946 1307 dignabitur.
1113 1282 1116 1287 ,

104 1335 105 1339 ‘
338 1333 431 1414 με.
456 1304 599 1423 Angeli
615 1306 813 1394 faciebant
840 1335 937 1394 natat
957 1307 1154 1410 Musicam‚
1181 1310 1419 1423 quamuis.
1439 1309 1565 1398 Anna
1584 1338 1669 1426 per·

216 1453 262 1512 ce
291 1449 332 1509 it.
949 1507 955 1519 ,
1567 1492 1570 1496 .

263 1457 290 1540 P
338 1565 431 1638 329·
487 1537 531 1620 ln
559 1559 763 1619 momento
802 1539 1023 1620 Natiuitatis
1059 1535 1160 1621 misit
1193 1539 1327 1623 DEUS
1365 1535 1666 1627 Gabrielemin

217 1655 399 1742 limbum
418 1654 597 1746 Parrum,
619 1674 662 1734 ut
688 1677 773 1734 eain
798 1651 971 1735 Patribus
999 1655 1202 1735 nuntiaret.
1286 1658 1339 1734 Hi
1362 1676 1523 1754 autem,
1549 1679 1593 1738 ut
1613 1659 1665 1740 iii·

130 1790 137 1811 ’
215 1763 470 1862 rellexerunt,
498 1788 626 1848 natam
649 1759 725 1848 etse
744 1790 904 1849 marrern
928 1762 1088 1864 Messrae,
1113 1769 1228 1850 novis
1255 1766 1431 1852 canticis
1458 1762 1665 1855 laudiruut

218 1885 364 1970 Deum.
1424 1899 1430 1911 ·

339 2018 436 2097 330.
462 2039 482 2059 -
515 2018 609 2098 335.
663 1993 783 2076 Satim
810 1993 900 2105 post
932 1999 1014 2100 ejus
1049 1995 1305 2080 Nativitatem
1340 1991 1442 2078 inisrr
1469 1996 1587 2081 Deus
1612 1999 1664 2081 iii·

217 2135 404 2196 numeros
425 2102 601 2218 angelos,
625 2112 695 2225 qui
711 2133 796 2190 eam
821 2134 911 2189 cunt
939 2134 1106 2219 corpore
1131 2112 1172 2189 δι
1202 2111 1332 2191 anima
1349 2107 1613 2220 deportarunt
1626 2116 1664 2195 in

217 2224 365 2308 eoelum
391 2215 717 2333 processionaliter
744 2245 831 2303 cum
858 2224 1023 2332 Hymnis
1051 2227 1093 2304 ἃ
1126 2223 1312 2306 Canticis.
1395 2227 1441 2308 B.
1469 2228 1598 2336 Virgo
1619 2223 1664 2309 lie

216 2348 371 2452 portata
389 2332 566 2418 manibus
579 2336 759 2446 angelicis
775 2339 815 2418 in
836 2329 1023 2417 summum
1039 2330 1184 2420 coelum
1202 2332 1242 2420 se
1260 2334 1349 2420 uuit
1366 2359 1459 2422 ante
1481 2340 1663 2424 thronum

218 2453 314 2548 Dei,
328 2473 502 2559 eumque
521 2454 726 2561 genuflexa
749 2449 912 2534 adorat.
953 2448 1063 2533 Dein
1087 2475 1217 2534 aurem
1238 2445 1365 2534 eleuat
1387 2478 1490 2547 eam,
1516 2456 1557 2535 δι
1581 2478 1662 2539 eam

129 2571 134 2578 ’
218 2567 335 2678 ponit
353 2568 394 2646 in
412 2559 484 2649 suo
512 2564 658 2646 throno
681 2563 729 2646 ad
748 2557 854 2645 suum
882 2556 1005 2660 latiis,
1030 2588 1217 2676 tanquam
1247 2565 1459 2648 Dominam
1487 2570 1661 2650 omniurn

220 2699 489 2761 creaturarum.
575 2679 619 2758 In
643 2703 695 2759 eo
720 2700 900 2787 ternpore
921 2676 989 2786 ipsi
1021 2683 1136 2760 etiam
1156 2673 1311 2761 indulsit
1333 2676 1523 2787 visionem
1549 2675 1661 2765 iutui-

218 2790 338 2874 titiam
365 2791 456 2873 Dei.
542 2793 628 2872 Hac
650 2788 853 2872 oecafione
869 2795 912 2874 B.
932 2795 1055 2903 Virgo
1078 2787 1141 2874 usa
1157 2796 1280 2903 petiit,
1305 2816 1348 2874 ut
1368 2792 1545 2877 Verbum
1572 2789 1661 2876 assu·

217 2924 347 2989 meret
363 2924 539 2986 naturam
560 2904 793 2997 humanam,
826 2904 986 3015 hocque
1005 2906 1220 2989 remedium
1242 2908 1398 3018 generis
1418 2906 1581 2990 humani
1602 2930 1660 2990 ac-

220 3016 429 3128 cdenret.
468 3017 579 3100 Deus
605 3020 719 3098 etiam
737 3014 930 3124 promisti,
957 3012 994 3101 se
1019 3023 1139 3129 perita
1155 3019 1264 3102 brevi
1283 3044 1550 3104 executurum.
1603 3023 1660 3104 ln-

216 3129 332 3244 super
350 3158 404 3216 ex
430 3125 616 3214 consensu
639 3132 706 3213 88.
739 3133 931 3215 Trinitatis
951 3155 1044 3214 tunc
1070 3136 1108 3214 in
1131 3128 1238 3216 coelo
1261 3133 1329 3243 ipsi
1350 3135 1487 3216 datum
1518 3159 1660 3217 nomen

10 3225 13 3230 ¹
119 3255 121 3259 ’
217 3248 356 3343 Maria,
378 3243 493 3357 quod
514 3245 636 3328 statim
655 3241 730 3325 fuit
751 3241 1030 3329 manifestatum
1049 3244 1218 3356 angelis3
1246 3248 1449 3330 audierunt
1466 3252 1573 3330 enim
1594 3275 1661 3331 vo·

218 3384 307 3442 cem
328 3380 536 3441 exeuntem
556 3357 611 3443 de
632 3359 777 3440 throno
803 3360 900 3444 Deir
928 3384 974 3441 ac
991 3361 1211 3446 dicentemz
1242 3356 1450 3455 Volumus,
1473 3385 1518 3444 ur
1542 3357 1659 3446 cleda

219 3473 347 3556 nostra
363 3488 527 3554 uocetur
548 3474 695 3558 Moriar
734 3476 841 3564 &iit
866 3473 945 3556 lioc
967 3498 1117 3557 nomen
1141 3471 1188 3556 sii
1217 3466 1471 3563 admirabile3
1510 3502 1658 3571 oiruier,

189 3652 193 3659 .
218 3589 291 3698 qui
313 3581 409 3668 illud
435 3585 582 3667 devote
607 3585 905 3684 venerabuntur,
922 3590 1111 3695 accipient
1131 3586 1306 3698 copiosas
1330 3592 1497 3698 gratiose
1524 3614 1658 3672 omnes

217 3701 288 3811 qui
311 3699 390 3782 hoc
412 3724 560 3782 nornen
581 3697 729 3781 devote
751 3703 1099 3809 pronuntiaverint,
1122 3698 1483 3785 consolabuntur&
1503 3701 1658 3787 confot-

216 3810 420 3900 tabunturr
450 3838 589 3925 omnes
603 3817 642 3893 in
665 3813 743 3894 lioc
759 3819 919 3897 nomine
942 3806 1164 3897 salutemin
1187 3812 1256 3897 suis
1283 3809 1451 3910 miseriis,
1471 3812 1657 3900 &lumen

215 3925 393 4015 uduiam
414 3951 561 4009 eternae
583 3931 669 4029 uitae
706 3928 916 4010 invenient.
1004 3929 1113 4011 Deus
1148 3931 1327 4039 precepit
1349 3951 1454 4032 runc
1484 3929 1655 4044 Angelis,

214 4063 260 4123 ut
282 4043 501 4124 nuntiarent
528 4041 567 4121 8.
597 4040 720 4122 Annae
750 4040 831 4123 haec
865 4045 1042 4125 Decreta.
1127 4047 1170 4125 Β.
1201 4046 1324 4159 Virgo
1355 4067 1487 4126 aurem
1530 4072 1654 4128 coraiu

1554 4163 1654 4253 iliu>
