3690 4988
627 318 732 452 Reg.
756 309 901 415 Pral's.
929 344 987 416 ex
1017 307 1219 446 Gerfone.
1410 330 1417 336 ”
1457 248 1463 255 ¹
1582 342 1644 443 83

214 518 458 611 Transferatur
477 519 565 605 ltaec
587 516 793 606 fimilirudo
817 522 868 606 ad
892 507 990 621 rem,
1013 550 1106 638 quae·
1120 528 1312 621 traslatur.
1336 527 1418 613 otc..
1466 522 1571 611 Vide
1586 525 1654 611 itt·

189 635 458 757 =frailcgulam
484 665 552 740 14.
571 641 611 719 &
630 666 699 721 at.
1750 634 1753 645 ’

300 808 472 940 Regula
502 799 962 932 5.‘Revelationes,
1000 836 1114 942 quae
1148 803 1392 911 recedunt
1421 804 1654 942 aprinci-

207 955 334 1084 piis‚
379 941 434 1052 δ(
473 945 725 1049 consuetis
758 945 929 1051 modis
979 946 1159 1053 divinae
1184 1020 1187 1027 -
1212 949 1499 1084 sapientiae,
1538 976 1653 1052 non

206 1092 313 1195 sunt
349 1086 681 1194 adscribendas
714 1083 848 1192 Deo.
918 1107 1036 1189 Ratio
1065 1105 1133 1202 est,
1163 1108 1257 1220 quia
1282 1100 1540 1191 revelationes
1568 1086 1677 1187 non'

206 1227 282 1316 sunt
303 1254 456 1316 tantum
474 1224 635 1313 efferim
657 1229 795 1311 divinae
814 1231 1120 1341 omnipotentiae,
1133 1223 1201 1314 scd
1217 1233 1334 1315 etiam
1350 1224 1553 1342 sapientie,
1568 1253 1656 1341 quar
1717 1278 1729 1302 2
1828 1218 1833 1235 “

209 1341 335 1431 insris
354 1339 557 1428 effectibus
580 1337 835 1481 resplendere
852 1342 988 1430 debet.

305 1544 492 1674 Regula
503 1540 552 1642 6.
588 1533 728 1640 Hinc
764 1526 795 1640 fi
827 1536 1020 1642 modus
1059 1472 1435 1644 reparationum
1462 1533 1651 1651 recedit

214 1678 454 1821 ilegibus
491 1678 772 1813 prudentiae
811 1677 1086 1798 humanat,
1128 1681 1338 1819 quando
1375 1691 1540 1821 magis
1576 1713 1653 1786 re·

216 1821 452 1962 pugnabit
485 1819 678 1960 legibus
726 1823 977 1955 sapientia
1016 1821 1233 1926 divinat!
1307 1855 1523 1963 utramque
1551 1849 1653 1932 hane

218 1961 372 2077 regulam
401 1955 571 2047 declarat
597 1958 743 2075 Gersm
766 1965 811 2048 L.
834 1963 917 2050 CC(
934 1964 992 2047 his
1014 1961 1170 2048 verbis:
1208 1958 1354 2077 Aliqua
1380 1969 1420 2047 in
1443 1960 1650 2061 revelatio-

220 2084 316 2169 ribos
337 2078 388 2164 fic
411 2073 450 2162 se
471 2076 616 2162 habere
636 2072 803 2189 possunt,
831 2104 875 2162 ut
899 2083 1076 2192 quamvis
1104 2105 1184 2162 non
1201 2075 1274 2162 fint
1288 2071 1416 2190 palam
1436 2085 1475 2161 ἃ
1506 2076 1652 2163 directi

158 2198 163 2206 “
220 2196 394 2278 contraria
421 2191 561 2276 divina
586 2196 904 2305 omnipotentia,
935 2198 1032 2306 quin
1056 2187 1231 2280 absolute
1250 2190 1392 2305 posfint
1415 2191 1518 2283 tierir
1563 2186 1651 2275 sunt
1797 2292 1801 2305 ἴ

219 2303 452 2395 nihilominus
477 2301 690 2390 refellenda
709 2332 894 2420 tanquam
919 2310 1045 2392 inania
1073 2311 1111 2390 δι
1132 2303 1251 2408 fatua,
1272 2311 1310 2390 δι
1339 2309 1479 2394 divinar
1503 2305 1653 2419 sapien·

221 2426 267 2508 tia
285 2426 514 2534 incongrua,
549 2421 882 2534 quomadmodum
902 2420 929 2506 st
953 2424 1040 2535 quis
1062 2421 1222 2517 diceret,
1244 2422 1313 2506 fibi
1331 2418 1406 2506 esse
1422 2417 1651 2521 revelatum,

223 2538 320 2649 qnod
346 2562 452 2621 totus
469 2541 637 2622 mundus
661 2537 883 2621 movebitur
908 2563 989 2620 cras
1007 2560 1123 2620 motu
1143 2542 1275 2624 testor
1317 2537 1431 2652 quod
1457 2564 1555 2621 unus
1583 2562 1651 2620 an·

218 2651 314 2763 gelus
339 2645 625 2746 annihilabitur,
641 2651 893 2762 postmodum
918 2649 1164 2750 recreabitur,
1186 2677 1267 2734 non
1283 2652 1520 2738 adducendo
1539 2646 1652 2735 aliam
1816 2726 1830 2745 ι

221 2762 423 2851 utilitatem.
480 2767 593 2862 Item,
651 2768 733 2849 uod
761 2762 927 2879 quilibet
952 2759 1133 2849 Praelatus
1150 2764 1271 2851 debet
1296 2766 1424 2850 nudus
1453 2766 1650 2860 incedere,

212 2884 251 2962 -ἀ
268 2875 438 2989 bajulare
456 2906 608 2966 crucem
620 2793 740 2994 super
756 2877 843 2963 suos
864 2883 1066 2967 humerosi
1096 2875 1188 2966 aliis
1205 2904 1289 2964 tota
1308 2883 1449 2992 peribit
1471 2874 1650 2966 Ecclesia.

219 2990 336 3093 salia,
354 3000 544 3107 inquam,
570 2987 678 3078 velut
700 2991 846 3092 delira,
866 3001 904 3078 δι
927 2997 1057 3080 divina
1083 2989 1322 3080 revelatione
1344 2998 1505 3110 indigna
1530 2995 1653 3079 statim

219 3109 424 3216 abjicienda
443 3106 540 3194 sunt.
594 3113 742 3222 Neque
768 3114 871 3194 enim
893 3103 1037 3195 relucet
1070 3133 1217 3195 tantum
1240 3114 1278 3193 in
1306 3110 1442 3197 divinis
1464 3107 1654 3223 operibus

218 3228 397 3334 potentia,
424 3218 490 3319 sed
516 3222 733 3312 bonitas&
756 3220 965 3334 sapientia,
997 3250 1115 3337 quam
1145 3220 1284 3309 effudit
1310 3222 1422 3338 super
1446 3228 1577 3309 omnia
1606 3248 1654 3305 o-
1767 3238 1769 3243 ‘

218 3367 300 3452 pera
334 3345 428 3442 ejus.
494 3338 563 3422 Ad
590 3339 669 3421 hoc
695 3335 876 3435 refertur,
907 3339 1021 3453 quod
1048 3363 1161 3424 antea
1189 3339 1334 3426 ditium
1365 3342 1419 3426 cst
1446 3341 1498 3424 de
1524 3363 1653 3423 narra·

218 3454 385 3538 tionibus
402 3449 643 3563 supervacuis
665 3453 984 3564 phantasticarum
1002 3457 1288 3566 apparitionum
1309 3460 1348 3539 ἃ
1371 3456 1424 3539 de
1439 3450 1563 3540 inutili
1584 3476 1653 3565 pet
1830 3538 1835 3544 .

219 3595 273 3652 eas
294 3571 485 3680 temporis
518 3565 826 3678 consumptione
912 3574 990 3653 Pro
1018 3569 1097 3652 hoc
1118 3563 1220 3653 valet
1249 3570 1365 3682 quod
1391 3569 1580 3656 habemus
1606 3594 1656 3652 err

220 3684 533 3768 detctminatione
555 3682 775 3765 Doctorum
802 3677 913 3793 super
934 3676 1033 3767 illud
1060 3679 1218 3770 Malis.
1238 3713 1278 3782 4.
1308 3687 1349 3769 Si
1370 3680 1470 3771 filius
1496 3676 1575 3769 Dei
1600 3709 1655 3779 es,

218 3803 315 3884 mitte
328 3822 370 3883 te
388 3791 593 3881 deorsum..
637 3789 869 3880 Miraculum
894 3794 920 3880 fi
938 3802 1002 3908 pia
1021 3794 1183 3882 utilitate
1200 3824 1266 3883 aur
1281 3797 1497 3885 necessitate
1517 3818 1658 3892 careat,

220 3937 262 3995 eo
283 3910 384 3998 freto
415 3905 634 4020 suspersam
658 3911 735 4010 est,
767 3935 832 3994 aot
856 3915 1132 4012 reliciendumr
1171 3910 1264 3999 sicut
1287 3909 1433 4015 fuisset,
1460 3914 1657 3998 Christunt

220 4023 334 4112 volare
349 4055 423 4141 per
448 4031 565 4112 airas
591 4026 632 4106 δε
651 4047 693 4108 ut
718 4028 975 4112 communiter
994 4025 1080 4112 sunt
1105 4033 1238 4113 omnia
1258 4056 1319 4112 ma
1351 4056 1462 4129 orum
1477 4019 1658 4138 sacrilega
1701 4068 1705 4078 ·

221 4146 392 4262 prestigia.
466 4136 562 4228 Fuit
581 4141 716 4230 nostru
743 4141 987 4257 temporibus
1018 4133 1157 4345 ptulier
1190 4147 1233 4232 in
1258 4057 1399 4233 talibus
1423 4138 1565 4229 famata
1598 4164 1659 4339 tle-

550 4288 553 4293 ·
787 4322 793 4347 r
1086 4284 1111 4344 a
1555 4283 1605 4343 vc
1621 4278 1662 4337 a·
