<?xml version="1.0" encoding="UTF-8"?>
<!DOCTYPE html PUBLIC "-//W3C//DTD XHTML 1.0 Transitional//EN"
    "http://www.w3.org/TR/xhtml1/DTD/xhtml1-transitional.dtd">
<html xmlns="http://www.w3.org/1999/xhtml" xml:lang="en" lang="en">
 <head>
  <title>
</title>
<meta http-equiv="Content-Type" content="text/html;charset=utf-8" />
  <meta name='ocr-system' content='tesseract 3.04.00' />
  <meta name='ocr-capabilities' content='ocr_page ocr_carea ocr_par ocr_line ocrx_word'/>
</head>
<body>
  <div class='ocr_page' id='page_1' title='image "./derevelationibu00amorgoog_0131.png"; bbox 0 0 3796 4994; ppageno 0'>
   <div class='ocr_carea' id='block_1_1' title="bbox 320 172 342 223">
    <p class='ocr_par' dir='ltr' id='par_1_1' title="bbox 320 172 342 223">
     <span class='ocr_line' id='line_1_1' title="bbox 320 172 342 223; baseline 0 -2"><span class='ocrx_word' id='word_1_1' title='bbox 320 172 342 223; x_wconf 60' lang='lat' dir='ltr'>b</span> 
     </span>
    </p>
   </div>
   <div class='ocr_carea' id='block_1_2' title="bbox 561 240 1666 443">
    <p class='ocr_par' dir='ltr' id='par_1_2' title="bbox 561 240 1666 443">
     <span class='ocr_line' id='line_1_2' title="bbox 561 240 1666 443; baseline 0.015 -38"><span class='ocrx_word' id='word_1_2' title='bbox 561 418 564 423; x_wconf 49' lang='grc'><strong>,</strong></span> <span class='ocrx_word' id='word_1_3' title='bbox 616 307 793 443; x_wconf 74' lang='lat' dir='ltr'>Regula</span> <span class='ocrx_word' id='word_1_4' title='bbox 806 240 863 406; x_wconf 80' lang='lat' dir='ltr'>eat</span> <span class='ocrx_word' id='word_1_5' title='bbox 882 304 1001 407; x_wconf 77' lang='lat' dir='ltr'>Caras.</span> <span class='ocrx_word' id='word_1_6' title='bbox 1025 304 1079 407; x_wconf 83' lang='lat' dir='ltr'>de</span> <span class='ocrx_word' id='word_1_7' title='bbox 1097 299 1292 411; x_wconf 70' lang='lat' dir='ltr'>Laurea</span> <span class='ocrx_word' id='word_1_8' title='bbox 1576 346 1666 430; x_wconf 87' lang='grc' dir='ltr'>ιιι</span> 
     </span>
    </p>
   </div>
   <div class='ocr_carea' id='block_1_3' title="bbox 205 510 1681 1319">
    <p class='ocr_par' dir='ltr' id='par_1_3' title="bbox 205 510 1681 1319">
     <span class='ocr_line' id='line_1_3' title="bbox 213 510 1676 645; baseline 0.005 -34"><span class='ocrx_word' id='word_1_9' title='bbox 213 545 295 611; x_wconf 90' lang='lat' dir='ltr'>tuin</span> <span class='ocrx_word' id='word_1_10' title='bbox 321 513 483 620; x_wconf 84' lang='lat' dir='ltr'>elevari,</span> <span class='ocrx_word' id='word_1_11' title='bbox 506 520 548 602; x_wconf 76' lang='grc' dir='ltr'><strong>δι</strong></span> <span class='ocrx_word' id='word_1_12' title='bbox 568 513 833 601; x_wconf 78' lang='lat' dir='ltr'>steinterdum</span> <span class='ocrx_word' id='word_1_13' title='bbox 853 512 875 599; x_wconf 80' lang='grc' dir='ltr'>ι</span> <span class='ocrx_word' id='word_1_14' title='bbox 898 538 996 599; x_wconf 88' lang='lat' dir='ltr'>terra</span> <span class='ocrx_word' id='word_1_15' title='bbox 1024 510 1198 601; x_wconf 87' lang='lat' dir='ltr'>elevatos</span> <span class='ocrx_word' id='word_1_16' title='bbox 1231 547 1302 632; x_wconf 90' lang='lat' dir='ltr'>per</span> <span class='ocrx_word' id='word_1_17' title='bbox 1326 515 1489 636; x_wconf 84' lang='lat' dir='ltr'>aliquod</span> <span class='ocrx_word' id='word_1_18' title='bbox 1519 549 1676 645; x_wconf 78' lang='lat' dir='ltr'>tempus</span> 
     </span>
     <span class='ocr_line' id='line_1_4' title="bbox 214 625 1676 747; baseline 0.006 -25"><span class='ocrx_word' id='word_1_19' title='bbox 214 662 396 724; x_wconf 74' lang='lat' dir='ltr'>manerei</span> <span class='ocrx_word' id='word_1_20' title='bbox 426 629 645 747; x_wconf 90' lang='lat' dir='ltr'>aliquando</span> <span class='ocrx_word' id='word_1_21' title='bbox 670 625 874 714; x_wconf 80' lang='lat' dir='ltr'>retrorsum</span> <span class='ocrx_word' id='word_1_22' title='bbox 904 637 964 742; x_wconf 87' lang='lat' dir='ltr'>agi</span> <span class='ocrx_word' id='word_1_23' title='bbox 988 627 1095 715; x_wconf 86' lang='lat' dir='ltr'>velut</span> <span class='ocrx_word' id='word_1_24' title='bbox 1120 628 1310 733; x_wconf 89' lang='lat' dir='ltr'>volando,</span> <span class='ocrx_word' id='word_1_25' title='bbox 1339 641 1380 720; x_wconf 77' lang='lat' dir='ltr'>or</span> <span class='ocrx_word' id='word_1_26' title='bbox 1406 643 1545 725; x_wconf 91' lang='lat' dir='ltr'>iterum</span> <span class='ocrx_word' id='word_1_27' title='bbox 1565 672 1676 732; x_wconf 86' lang='lat' dir='ltr'>ante·</span> 
     </span>
     <span class='ocr_line' id='line_1_5' title="bbox 216 740 1681 871; baseline 0.003 -35"><span class='ocrx_word' id='word_1_28' title='bbox 216 751 349 836; x_wconf 85' lang='lat' dir='ltr'>orsum</span> <span class='ocrx_word' id='word_1_29' title='bbox 376 747 492 838; x_wconf 71' lang='lat' dir='ltr'>feriit</span> <span class='ocrx_word' id='word_1_30' title='bbox 531 750 606 832; x_wconf 82' lang='lat' dir='ltr'>istae</span> <span class='ocrx_word' id='word_1_31' title='bbox 632 741 888 831; x_wconf 79' lang='lat' dir='ltr'>alienationes</span> <span class='ocrx_word' id='word_1_32' title='bbox 920 747 944 832; x_wconf 82' lang='lat' dir='ltr'>al</span> <span class='ocrx_word' id='word_1_33' title='bbox 972 740 1136 829; x_wconf 88' lang='lat' dir='ltr'>sensibus</span> <span class='ocrx_word' id='word_1_34' title='bbox 1158 774 1245 831; x_wconf 92' lang='lat' dir='ltr'>cuni</span> <span class='ocrx_word' id='word_1_35' title='bbox 1273 752 1330 833; x_wconf 92' lang='lat' dir='ltr'>his</span> <span class='ocrx_word' id='word_1_36' title='bbox 1351 754 1526 839; x_wconf 88' lang='lat' dir='ltr'>motibus</span> <span class='ocrx_word' id='word_1_37' title='bbox 1551 786 1681 871; x_wconf 54' lang='lat' dir='ltr'>pecu-4,</span> 
     </span>
     <span class='ocr_line' id='line_1_6' title="bbox 213 855 1675 975; baseline 0.006 -22"><span class='ocrx_word' id='word_1_38' title='bbox 213 863 301 975; x_wconf 76' lang='lat' dir='ltr'>llari</span> <span class='ocrx_word' id='word_1_39' title='bbox 323 869 490 951; x_wconf 86' lang='lat' dir='ltr'>nomine</span> <span class='ocrx_word' id='word_1_40' title='bbox 511 862 690 947; x_wconf 86' lang='lat' dir='ltr'>dicuntur</span> <span class='ocrx_word' id='word_1_41' title='bbox 715 868 873 971; x_wconf 77' lang='lat' dir='ltr'>raptui,</span> <span class='ocrx_word' id='word_1_42' title='bbox 904 855 968 943; x_wconf 92' lang='lat' dir='ltr'>sed</span> <span class='ocrx_word' id='word_1_43' title='bbox 989 865 1187 944; x_wconf 85' lang='lat' dir='ltr'>communi</span> <span class='ocrx_word' id='word_1_44' title='bbox 1211 869 1370 949; x_wconf 88' lang='lat' dir='ltr'>nomine</span> <span class='ocrx_word' id='word_1_45' title='bbox 1401 894 1537 954; x_wconf 87' lang='lat' dir='ltr'>omnes</span> <span class='ocrx_word' id='word_1_46' title='bbox 1561 874 1675 962; x_wconf 66' lang='lat' dir='ltr'>Reio-</span> 
     </span>
     <span class='ocr_line' id='line_1_7' title="bbox 205 969 1675 1099; baseline 0.002 -36"><span class='ocrx_word' id='word_1_47' title='bbox 205 979 269 1097; x_wconf 70' lang='grc' dir='ltr'>[ες</span> <span class='ocrx_word' id='word_1_48' title='bbox 295 981 481 1064; x_wconf 89' lang='lat' dir='ltr'>dicuntur</span> <span class='ocrx_word' id='word_1_49' title='bbox 498 985 643 1087; x_wconf 81' lang='lat' dir='ltr'>raptos.</span> <span class='ocrx_word' id='word_1_50' title='bbox 701 973 839 1061; x_wconf 76' lang='lat' dir='ltr'>Ettafis</span> <span class='ocrx_word' id='word_1_51' title='bbox 860 1000 989 1058; x_wconf 90' lang='lat' dir='ltr'>autem</span> <span class='ocrx_word' id='word_1_52' title='bbox 1015 969 1078 1063; x_wconf 89' lang='lat' dir='ltr'>seu</span> <span class='ocrx_word' id='word_1_53' title='bbox 1101 1000 1231 1085; x_wconf 84' lang='lat' dir='ltr'>raptus</span> <span class='ocrx_word' id='word_1_54' title='bbox 1247 976 1299 1062; x_wconf 92' lang='lat' dir='ltr'>du</span> <span class='ocrx_word' id='word_1_55' title='bbox 1328 975 1391 1064; x_wconf 87' lang='lat' dir='ltr'>lex</span> <span class='ocrx_word' id='word_1_56' title='bbox 1406 984 1482 1074; x_wconf 73' lang='lat' dir='ltr'>esti</span> <span class='ocrx_word' id='word_1_57' title='bbox 1511 990 1675 1099; x_wconf 80' lang='lat' dir='ltr'>quidam</span> 
     </span>
     <span class='ocr_line' id='line_1_8' title="bbox 214 1007 1672 1218; baseline 0.006 -36"><span class='ocrx_word' id='word_1_58' title='bbox 214 1090 416 1192; x_wconf 75' lang='lat' dir='ltr'>naturalis,</span> <span class='ocrx_word' id='word_1_59' title='bbox 476 1092 606 1175; x_wconf 88' lang='lat' dir='ltr'>uidam</span> <span class='ocrx_word' id='word_1_60' title='bbox 630 1084 944 1201; x_wconf 74' lang='lat' dir='ltr'>praeternaturalia</span> <span class='ocrx_word' id='word_1_61' title='bbox 970 1084 1034 1173; x_wconf 89' lang='lat' dir='ltr'>vel</span> <span class='ocrx_word' id='word_1_62' title='bbox 1056 1007 1358 1200; x_wconf 62' lang='lat' dir='ltr'>supernaturaba.</span> <span class='ocrx_word' id='word_1_63' title='bbox 1431 1099 1480 1183; x_wconf 86' lang='lat' dir='ltr'>Et</span> <span class='ocrx_word' id='word_1_64' title='bbox 1505 1125 1672 1218; x_wconf 87' lang='lat' dir='ltr'>utraque</span> 
     </span>
     <span class='ocr_line' id='line_1_9' title="bbox 215 1122 1671 1319; baseline 0.003 -21"><span class='ocrx_word' id='word_1_65' title='bbox 215 1212 349 1298; x_wconf 87' lang='lat' dir='ltr'>adhuc</span> <span class='ocrx_word' id='word_1_66' title='bbox 372 1122 532 1319; x_wconf 71' lang='lat' dir='ltr'>duplex.</span> <span class='ocrx_word' id='word_1_67' title='bbox 586 1198 783 1290; x_wconf 84' lang='lat' dir='ltr'>Naturalis</span> <span class='ocrx_word' id='word_1_68' title='bbox 810 1204 912 1287; x_wconf 93' lang='lat' dir='ltr'>enim</span> <span class='ocrx_word' id='word_1_69' title='bbox 938 1199 1000 1309; x_wconf 81' lang='lat' dir='ltr'>vel</span> <span class='ocrx_word' id='word_1_70' title='bbox 1026 1204 1081 1287; x_wconf 88' lang='lat' dir='ltr'>est</span> <span class='ocrx_word' id='word_1_71' title='bbox 1109 1201 1303 1308; x_wconf 92' lang='lat' dir='ltr'>morbosa,</span> <span class='ocrx_word' id='word_1_72' title='bbox 1328 1204 1515 1298; x_wconf 88' lang='lat' dir='ltr'>vellana.</span> <span class='ocrx_word' id='word_1_73' title='bbox 1541 1202 1544 1209; x_wconf 65' lang='grc'><strong>’</strong></span> <span class='ocrx_word' id='word_1_74' title='bbox 1570 1222 1671 1304; x_wconf 76' lang='lat' dir='ltr'>Pra-</span> 
     </span>
    </p>
   </div>
   <div class='ocr_carea' id='block_1_4' title="bbox 214 1313 1671 1417">
    <p class='ocr_par' dir='ltr' id='par_1_4' title="bbox 214 1313 1671 1417">
     <span class='ocr_line' id='line_1_10' title="bbox 214 1313 1671 1417; baseline 0.003 -4"><span class='ocrx_word' id='word_1_75' title='bbox 214 1319 461 1413; x_wconf 81' lang='lat' dir='ltr'>ternattiralis</span> <span class='ocrx_word' id='word_1_76' title='bbox 486 1317 548 1406; x_wconf 88' lang='lat' dir='ltr'>vel</span> <span class='ocrx_word' id='word_1_77' title='bbox 575 1322 629 1404; x_wconf 93' lang='lat' dir='ltr'>est</span> <span class='ocrx_word' id='word_1_78' title='bbox 648 1317 790 1416; x_wconf 88' lang='lat' dir='ltr'>divina,</span> <span class='ocrx_word' id='word_1_79' title='bbox 810 1313 872 1401; x_wconf 92' lang='lat' dir='ltr'>vel</span> <span class='ocrx_word' id='word_1_80' title='bbox 895 1318 1160 1403; x_wconf 83' lang='lat' dir='ltr'>daemoniaca.</span> <span class='ocrx_word' id='word_1_81' title='bbox 1218 1321 1356 1407; x_wconf 75' lang='lat' dir='ltr'>Edasis</span> <span class='ocrx_word' id='word_1_82' title='bbox 1370 1321 1550 1412; x_wconf 86' lang='lat' dir='ltr'>naturalis</span> <span class='ocrx_word' id='word_1_83' title='bbox 1564 1359 1671 1417; x_wconf 89' lang='lat' dir='ltr'>mor·</span> 
     </span>
    </p>
   </div>
   <div class='ocr_carea' id='block_1_5' title="bbox 215 1431 1803 1551">
    <p class='ocr_par' dir='ltr' id='par_1_5' title="bbox 215 1431 1803 1551">
     <span class='ocr_line' id='line_1_11' title="bbox 215 1431 1803 1551; baseline -0.005 -24"><span class='ocrx_word' id='word_1_84' title='bbox 215 1441 312 1526; x_wconf 94' lang='lat' dir='ltr'>bosa</span> <span class='ocrx_word' id='word_1_85' title='bbox 338 1440 393 1524; x_wconf 85' lang='lat' dir='ltr'>est</span> <span class='ocrx_word' id='word_1_86' title='bbox 414 1431 637 1521; x_wconf 78' lang='lat' dir='ltr'>alienatioai</span> <span class='ocrx_word' id='word_1_87' title='bbox 658 1431 840 1533; x_wconf 86' lang='lat' dir='ltr'>sensibus,</span> <span class='ocrx_word' id='word_1_88' title='bbox 870 1461 957 1545; x_wconf 90' lang='lat' dir='ltr'>quae</span> <span class='ocrx_word' id='word_1_89' title='bbox 978 1438 1162 1544; x_wconf 89' lang='lat' dir='ltr'>provenit</span> <span class='ocrx_word' id='word_1_90' title='bbox 1190 1431 1239 1517; x_wconf 94' lang='lat' dir='ltr'>ab</span> <span class='ocrx_word' id='word_1_91' title='bbox 1273 1432 1407 1551; x_wconf 91' lang='lat' dir='ltr'>aliquo</span> <span class='ocrx_word' id='word_1_92' title='bbox 1435 1442 1594 1547; x_wconf 88' lang='lat' dir='ltr'>morbo,</span> <span class='ocrx_word' id='word_1_93' title='bbox 1625 1473 1669 1537; x_wconf 75' lang='lat' dir='ltr'>ut</span> <span class='ocrx_word' id='word_1_94' title='bbox 1799 1474 1803 1481; x_wconf 51' lang='lat'>⁵</span> 
     </span>
    </p>
   </div>
   <div class='ocr_carea' id='block_1_6' title="bbox 191 1542 1796 4301">
    <p class='ocr_par' dir='ltr' id='par_1_6' title="bbox 191 1542 1796 4301">
     <span class='ocr_line' id='line_1_12' title="bbox 246 1542 1667 1666; baseline 0.005 -25"><span class='ocrx_word' id='word_1_95' title='bbox 246 1584 305 1641; x_wconf 82' lang='lat' dir='ltr'>uae</span> <span class='ocrx_word' id='word_1_96' title='bbox 327 1553 510 1666; x_wconf 82' lang='lat' dir='ltr'>procedit</span> <span class='ocrx_word' id='word_1_97' title='bbox 532 1550 556 1635; x_wconf 74' lang='lat' dir='ltr'>a</span> <span class='ocrx_word' id='word_1_98' title='bbox 576 1544 736 1661; x_wconf 80' lang='lat' dir='ltr'>spasmo,</span> <span class='ocrx_word' id='word_1_99' title='bbox 766 1548 816 1631; x_wconf 95' lang='lat' dir='ltr'>ab</span> <span class='ocrx_word' id='word_1_100' title='bbox 836 1547 1034 1647; x_wconf 91' lang='lat' dir='ltr'>ebrietate,</span> <span class='ocrx_word' id='word_1_101' title='bbox 1063 1542 1124 1630; x_wconf 91' lang='lat' dir='ltr'>vel</span> <span class='ocrx_word' id='word_1_102' title='bbox 1148 1548 1198 1631; x_wconf 91' lang='lat' dir='ltr'>ab</span> <span class='ocrx_word' id='word_1_103' title='bbox 1219 1544 1355 1664; x_wconf 91' lang='lat' dir='ltr'>aliquo</span> <span class='ocrx_word' id='word_1_104' title='bbox 1378 1556 1667 1649; x_wconf 88' lang='lat' dir='ltr'>medicamento</span> 
     </span>
     <span class='ocr_line' id='line_1_13' title="bbox 214 1586 1667 1778; baseline 0.002 -19"><span class='ocrx_word' id='word_1_105' title='bbox 214 1586 440 1767; x_wconf 68' lang='lat' dir='ltr'>sermnifero,</span> <span class='ocrx_word' id='word_1_106' title='bbox 466 1665 566 1753; x_wconf 67' lang='lat' dir='ltr'>veli</span> <span class='ocrx_word' id='word_1_107' title='bbox 584 1660 770 1778; x_wconf 83' lang='lat' dir='ltr'>phrenesi,</span> <span class='ocrx_word' id='word_1_108' title='bbox 792 1657 854 1746; x_wconf 90' lang='lat' dir='ltr'>vel</span> <span class='ocrx_word' id='word_1_109' title='bbox 873 1662 923 1745; x_wconf 89' lang='lat' dir='ltr'>ab</span> <span class='ocrx_word' id='word_1_110' title='bbox 952 1656 1211 1748; x_wconf 77' lang='lat' dir='ltr'>obstinaiione</span> <span class='ocrx_word' id='word_1_111' title='bbox 1236 1660 1507 1754; x_wconf 83' lang='lat' dir='ltr'>melancholici</span> <span class='ocrx_word' id='word_1_112' title='bbox 1528 1670 1667 1762; x_wconf 86' lang='lat' dir='ltr'>delirii.</span> 
     </span>
     <span class='ocr_line' id='line_1_14' title="bbox 214 1772 1666 1901; baseline -0.007 -30"><span class='ocrx_word' id='word_1_113' title='bbox 214 1792 278 1887; x_wconf 84' lang='lat' dir='ltr'>De</span> <span class='ocrx_word' id='word_1_114' title='bbox 305 1788 382 1869; x_wconf 90' lang='lat' dir='ltr'>hac</span> <span class='ocrx_word' id='word_1_115' title='bbox 408 1780 525 1869; x_wconf 83' lang='lat' dir='ltr'>extasi</span> <span class='ocrx_word' id='word_1_116' title='bbox 552 1807 633 1864; x_wconf 92' lang='lat' dir='ltr'>non</span> <span class='ocrx_word' id='word_1_117' title='bbox 654 1772 865 1891; x_wconf 86' lang='lat' dir='ltr'>loquimur.</span> <span class='ocrx_word' id='word_1_118' title='bbox 924 1775 1061 1861; x_wconf 76' lang='lat' dir='ltr'>ansis</span> <span class='ocrx_word' id='word_1_119' title='bbox 1081 1772 1260 1862; x_wconf 84' lang='lat' dir='ltr'>naturalis</span> <span class='ocrx_word' id='word_1_120' title='bbox 1284 1774 1371 1869; x_wconf 87' lang='lat' dir='ltr'>sana</span> <span class='ocrx_word' id='word_1_121' title='bbox 1395 1787 1474 1882; x_wconf 86' lang='lat' dir='ltr'>est,</span> <span class='ocrx_word' id='word_1_122' title='bbox 1504 1816 1592 1901; x_wconf 85' lang='lat' dir='ltr'>quae</span> <span class='ocrx_word' id='word_1_123' title='bbox 1616 1820 1666 1876; x_wconf 82' lang='grc' dir='ltr'>ο.</span> 
     </span>
     <span class='ocr_line' id='line_1_15' title="bbox 215 1887 1665 2009; baseline 0.001 -21"><span class='ocrx_word' id='word_1_124' title='bbox 215 1906 310 1988; x_wconf 82' lang='lat' dir='ltr'>&#39;titur</span> <span class='ocrx_word' id='word_1_125' title='bbox 331 1926 381 1983; x_wconf 86' lang='lat' dir='ltr'>ex</span> <span class='ocrx_word' id='word_1_126' title='bbox 405 1898 627 1983; x_wconf 89' lang='lat' dir='ltr'>vehementi</span> <span class='ocrx_word' id='word_1_127' title='bbox 644 1891 949 2009; x_wconf 78' lang='lat' dir='ltr'>apprehensione</span> <span class='ocrx_word' id='word_1_128' title='bbox 978 1887 1136 1998; x_wconf 89' lang='lat' dir='ltr'>alicujus</span> <span class='ocrx_word' id='word_1_129' title='bbox 1163 1893 1306 2000; x_wconf 82' lang='lat' dir='ltr'>objeeii</span> <span class='ocrx_word' id='word_1_130' title='bbox 1333 1899 1565 2007; x_wconf 68' lang='lat' dir='ltr'>praedilecti,</span> <span class='ocrx_word' id='word_1_131' title='bbox 1599 1933 1665 2008; x_wconf 55' lang='lat' dir='ltr'>aeq</span> 
     </span>
     <span class='ocr_line' id='line_1_16' title="bbox 218 2001 1663 2130; baseline 0.002 -31"><span class='ocrx_word' id='word_1_132' title='bbox 218 2012 344 2130; x_wconf 88' lang='lat' dir='ltr'>quisiti</span> <span class='ocrx_word' id='word_1_133' title='bbox 375 2008 438 2095; x_wconf 90' lang='lat' dir='ltr'>vel</span> <span class='ocrx_word' id='word_1_134' title='bbox 457 2011 623 2124; x_wconf 89' lang='lat' dir='ltr'>perditi,</span> <span class='ocrx_word' id='word_1_135' title='bbox 651 2004 711 2091; x_wconf 95' lang='lat' dir='ltr'>vel</span> <span class='ocrx_word' id='word_1_136' title='bbox 736 2001 892 2112; x_wconf 83' lang='lat' dir='ltr'>alicujus</span> <span class='ocrx_word' id='word_1_137' title='bbox 912 2001 1053 2090; x_wconf 88' lang='lat' dir='ltr'>insoliti</span> <span class='ocrx_word' id='word_1_138' title='bbox 1077 2034 1123 2090; x_wconf 89' lang='lat' dir='ltr'>ac</span> <span class='ocrx_word' id='word_1_139' title='bbox 1145 2003 1257 2092; x_wconf 88' lang='lat' dir='ltr'>noliti</span> <span class='ocrx_word' id='word_1_140' title='bbox 1285 2036 1462 2112; x_wconf 88' lang='lat' dir='ltr'>eventus,</span> <span class='ocrx_word' id='word_1_141' title='bbox 1488 2043 1663 2128; x_wconf 92' lang='lat' dir='ltr'>quorum</span> 
     </span>
     <span class='ocr_line' id='line_1_17' title="bbox 219 2119 1663 2242; baseline 0.001 -26"><span class='ocrx_word' id='word_1_142' title='bbox 219 2123 396 2242; x_wconf 83' lang='lat' dir='ltr'>exempla</span> <span class='ocrx_word' id='word_1_143' title='bbox 415 2155 510 2210; x_wconf 89' lang='lat' dir='ltr'>mox</span> <span class='ocrx_word' id='word_1_144' title='bbox 534 2122 709 2209; x_wconf 89' lang='lat' dir='ltr'>reseram.</span> <span class='ocrx_word' id='word_1_145' title='bbox 762 2119 889 2205; x_wconf 88' lang='lat' dir='ltr'>Causa</span> <span class='ocrx_word' id='word_1_146' title='bbox 920 2123 1016 2203; x_wconf 77' lang='lat' dir='ltr'>verti</span> <span class='ocrx_word' id='word_1_147' title='bbox 1048 2121 1294 2225; x_wconf 84' lang='lat' dir='ltr'>immediata,</span> <span class='ocrx_word' id='word_1_148' title='bbox 1318 2154 1386 2209; x_wconf 90' lang='lat' dir='ltr'>cur</span> <span class='ocrx_word' id='word_1_149' title='bbox 1413 2134 1567 2216; x_wconf 79' lang='lat' dir='ltr'>erratici</span> <span class='ocrx_word' id='word_1_150' title='bbox 1596 2163 1663 2219; x_wconf 90' lang='lat' dir='ltr'>na·</span> 
     </span>
     <span class='ocr_line' id='line_1_18' title="bbox 220 2232 1663 2363; baseline 0.006 -34"><span class='ocrx_word' id='word_1_151' title='bbox 220 2239 358 2329; x_wconf 84' lang='lat' dir='ltr'>nirales</span> <span class='ocrx_word' id='word_1_152' title='bbox 379 2243 430 2327; x_wconf 89' lang='lat' dir='ltr'>sic</span> <span class='ocrx_word' id='word_1_153' title='bbox 452 2241 718 2336; x_wconf 84' lang='lat' dir='ltr'>detineantur,</span> <span class='ocrx_word' id='word_1_154' title='bbox 746 2264 794 2321; x_wconf 84' lang='lat' dir='ltr'>eie</span> <span class='ocrx_word' id='word_1_155' title='bbox 819 2233 941 2322; x_wconf 83' lang='lat' dir='ltr'>Paulo</span> <span class='ocrx_word' id='word_1_156' title='bbox 959 2232 1132 2322; x_wconf 81' lang='lat' dir='ltr'>Zacchia</span> <span class='ocrx_word' id='word_1_157' title='bbox 1154 2244 1193 2322; x_wconf 93' lang='lat' dir='ltr'>in</span> <span class='ocrx_word' id='word_1_158' title='bbox 1218 2244 1359 2353; x_wconf 85' lang='lat' dir='ltr'>Quaest.</span> <span class='ocrx_word' id='word_1_159' title='bbox 1383 2242 1663 2363; x_wconf 84' lang='lat' dir='ltr'>Medicolegal.</span> 
     </span>
     <span class='ocr_line' id='line_1_19' title="bbox 218 2349 1664 2470; baseline 0.005 -29"><span class='ocrx_word' id='word_1_160' title='bbox 218 2358 317 2460; x_wconf 82' lang='lat' dir='ltr'>L4.</span> <span class='ocrx_word' id='word_1_161' title='bbox 346 2365 401 2467; x_wconf 87' lang='lat' dir='ltr'>Q.</span> <span class='ocrx_word' id='word_1_162' title='bbox 424 2375 461 2442; x_wconf 84' lang='lat'>6.</span> <span class='ocrx_word' id='word_1_163' title='bbox 488 2357 565 2453; x_wconf 88' lang='lat' dir='ltr'>est,</span> <span class='ocrx_word' id='word_1_164' title='bbox 592 2357 683 2468; x_wconf 92' lang='lat' dir='ltr'>quia</span> <span class='ocrx_word' id='word_1_165' title='bbox 705 2357 745 2437; x_wconf 91' lang='lat' dir='ltr'>in</span> <span class='ocrx_word' id='word_1_166' title='bbox 768 2349 968 2438; x_wconf 89' lang='lat' dir='ltr'>cerebrum</span> <span class='ocrx_word' id='word_1_167' title='bbox 1000 2354 1204 2437; x_wconf 85' lang='lat' dir='ltr'>confluunt</span> <span class='ocrx_word' id='word_1_168' title='bbox 1233 2383 1372 2440; x_wconf 87' lang='lat' dir='ltr'>omnes</span> <span class='ocrx_word' id='word_1_169' title='bbox 1402 2354 1551 2470; x_wconf 85' lang='lat' dir='ltr'>spiritus</span> <span class='ocrx_word' id='word_1_170' title='bbox 1578 2373 1664 2450; x_wconf 87' lang='lat' dir='ltr'>ani·</span> 
     </span>
     <span class='ocr_line' id='line_1_20' title="bbox 191 2465 1664 2586; baseline 0.005 -27"><span class='ocrx_word' id='word_1_171' title='bbox 191 2466 199 2479; x_wconf 76' lang='grc'><strong>’</strong></span> <span class='ocrx_word' id='word_1_172' title='bbox 219 2470 333 2559; x_wconf 83' lang='lat' dir='ltr'>males</span> <span class='ocrx_word' id='word_1_173' title='bbox 359 2474 534 2557; x_wconf 86' lang='lat' dir='ltr'>destinari</span> <span class='ocrx_word' id='word_1_174' title='bbox 553 2474 710 2553; x_wconf 84' lang='lat' dir='ltr'>internis</span> <span class='ocrx_word' id='word_1_175' title='bbox 737 2473 793 2572; x_wconf 17' lang='lat' dir='ltr'>&amp;N</span> <span class='ocrx_word' id='word_1_176' title='bbox 812 2471 977 2551; x_wconf 84' lang='lat' dir='ltr'>externis</span> <span class='ocrx_word' id='word_1_177' title='bbox 1002 2465 1193 2570; x_wconf 73' lang='lat' dir='ltr'>sensibus,</span> <span class='ocrx_word' id='word_1_178' title='bbox 1222 2495 1267 2552; x_wconf 88' lang='lat' dir='ltr'>ac</span> <span class='ocrx_word' id='word_1_179' title='bbox 1288 2476 1443 2556; x_wconf 83' lang='lat' dir='ltr'>motivae</span> <span class='ocrx_word' id='word_1_180' title='bbox 1465 2486 1664 2586; x_wconf 65' lang='lat' dir='ltr'>potentia·-⁴</span> 
     </span>
     <span class='ocr_line' id='line_1_21' title="bbox 219 2580 1662 2705; baseline 0.003 -31"><span class='ocrx_word' id='word_1_181' title='bbox 219 2588 262 2674; x_wconf 82' lang='lat' dir='ltr'>Et</span> <span class='ocrx_word' id='word_1_182' title='bbox 288 2591 389 2691; x_wconf 88' lang='lat' dir='ltr'>ideo</span> <span class='ocrx_word' id='word_1_183' title='bbox 415 2585 466 2671; x_wconf 90' lang='lat' dir='ltr'>sic</span> <span class='ocrx_word' id='word_1_184' title='bbox 494 2580 646 2670; x_wconf 87' lang='lat' dir='ltr'>alienati</span> <span class='ocrx_word' id='word_1_185' title='bbox 672 2612 754 2666; x_wconf 93' lang='lat' dir='ltr'>non</span> <span class='ocrx_word' id='word_1_186' title='bbox 776 2605 999 2693; x_wconf 86' lang='lat' dir='ltr'>operantur,</span> <span class='ocrx_word' id='word_1_187' title='bbox 1021 2587 1059 2664; x_wconf 79' lang='lat' dir='ltr'>de</span> <span class='ocrx_word' id='word_1_188' title='bbox 1081 2583 1260 2667; x_wconf 90' lang='lat' dir='ltr'>videntur</span> <span class='ocrx_word' id='word_1_189' title='bbox 1277 2582 1346 2670; x_wconf 90' lang='lat' dir='ltr'>sibi</span> <span class='ocrx_word' id='word_1_190' title='bbox 1368 2583 1488 2672; x_wconf 90' lang='lat' dir='ltr'>multa</span> <span class='ocrx_word' id='word_1_191' title='bbox 1510 2593 1662 2705; x_wconf 85' lang='lat' dir='ltr'>conspi-</span> 
     </span>
     <span class='ocr_line' id='line_1_22' title="bbox 219 2693 1662 2816; baseline 0.003 -27"><span class='ocrx_word' id='word_1_192' title='bbox 219 2727 311 2806; x_wconf 81' lang='lat' dir='ltr'>cere,</span> <span class='ocrx_word' id='word_1_193' title='bbox 331 2697 504 2816; x_wconf 89' lang='lat' dir='ltr'>&amp;loqui</span> <span class='ocrx_word' id='word_1_194' title='bbox 523 2727 611 2783; x_wconf 89' lang='lat' dir='ltr'>cum</span> <span class='ocrx_word' id='word_1_195' title='bbox 633 2693 726 2781; x_wconf 86' lang='lat' dir='ltr'>aliis.</span> <span class='ocrx_word' id='word_1_196' title='bbox 785 2695 990 2809; x_wconf 86' lang='lat' dir='ltr'>Additque</span> <span class='ocrx_word' id='word_1_197' title='bbox 1006 2698 1199 2794; x_wconf 89' lang='lat' dir='ltr'>Zacchias,</span> <span class='ocrx_word' id='word_1_198' title='bbox 1218 2701 1332 2812; x_wconf 91' lang='lat' dir='ltr'>quod</span> <span class='ocrx_word' id='word_1_199' title='bbox 1351 2707 1449 2786; x_wconf 92' lang='lat' dir='ltr'>inter</span> <span class='ocrx_word' id='word_1_200' title='bbox 1472 2700 1662 2794; x_wconf 85' lang='lat' dir='ltr'>somnian-</span> 
     </span>
     <span class='ocr_line' id='line_1_23' title="bbox 219 2807 1661 2923; baseline 0.003 -21"><span class='ocrx_word' id='word_1_201' title='bbox 219 2843 269 2904; x_wconf 78' lang='lat' dir='ltr'>tes</span> <span class='ocrx_word' id='word_1_202' title='bbox 290 2825 332 2903; x_wconf 80' lang='lat' dir='ltr'>de</span> <span class='ocrx_word' id='word_1_203' title='bbox 352 2824 541 2902; x_wconf 84' lang='lat' dir='ltr'>extaricos</span> <span class='ocrx_word' id='word_1_204' title='bbox 562 2818 642 2898; x_wconf 85' lang='lat' dir='ltr'>haec</span> <span class='ocrx_word' id='word_1_205' title='bbox 664 2816 718 2898; x_wconf 84' lang='lat' dir='ltr'>eli</span> <span class='ocrx_word' id='word_1_206' title='bbox 748 2807 986 2907; x_wconf 86' lang='lat' dir='ltr'>differentia,</span> <span class='ocrx_word' id='word_1_207' title='bbox 1017 2811 1131 2923; x_wconf 89' lang='lat' dir='ltr'>quod</span> <span class='ocrx_word' id='word_1_208' title='bbox 1153 2807 1209 2896; x_wconf 87' lang='lat' dir='ltr'>illi</span> <span class='ocrx_word' id='word_1_209' title='bbox 1224 2819 1262 2897; x_wconf 94' lang='lat' dir='ltr'>in</span> <span class='ocrx_word' id='word_1_210' title='bbox 1287 2811 1438 2915; x_wconf 87' lang='lat' dir='ltr'>somno,</span> <span class='ocrx_word' id='word_1_211' title='bbox 1462 2823 1520 2904; x_wconf 85' lang='lat' dir='ltr'>ilii</span> <span class='ocrx_word' id='word_1_212' title='bbox 1541 2824 1581 2905; x_wconf 92' lang='lat' dir='ltr'>in</span> <span class='ocrx_word' id='word_1_213' title='bbox 1603 2827 1661 2908; x_wconf 87' lang='lat' dir='ltr'>vi-</span> 
     </span>
     <span class='ocr_line' id='line_1_24' title="bbox 220 2923 1660 3047; baseline 0.003 -28"><span class='ocrx_word' id='word_1_214' title='bbox 220 2932 303 3047; x_wconf 72' lang='lat' dir='ltr'>gilia</span> <span class='ocrx_word' id='word_1_215' title='bbox 329 2930 467 3017; x_wconf 75' lang='lat' dir='ltr'>sonti</span> <span class='ocrx_word' id='word_1_216' title='bbox 495 2929 659 3015; x_wconf 89' lang='lat' dir='ltr'>senfibus</span> <span class='ocrx_word' id='word_1_217' title='bbox 696 2923 863 3011; x_wconf 89' lang='lat' dir='ltr'>alienati.</span> <span class='ocrx_word' id='word_1_218' title='bbox 930 2925 1168 3039; x_wconf 80' lang='lat' dir='ltr'>Augustinus</span> <span class='ocrx_word' id='word_1_219' title='bbox 1197 2927 1316 3013; x_wconf 86' lang='lat' dir='ltr'>refert</span> <span class='ocrx_word' id='word_1_220' title='bbox 1349 2929 1569 3045; x_wconf 80' lang='lat' dir='ltr'>exemplum</span> <span class='ocrx_word' id='word_1_221' title='bbox 1607 2940 1660 3026; x_wconf 87' lang='lat' dir='ltr'>de</span> 
     </span>
     <span class='ocr_line' id='line_1_25' title="bbox 222 3039 1796 3163; baseline 0.003 -30"><span class='ocrx_word' id='word_1_222' title='bbox 222 3051 394 3163; x_wconf 89' lang='lat' dir='ltr'>quodam</span> <span class='ocrx_word' id='word_1_223' title='bbox 416 3044 655 3158; x_wconf 81' lang='lat' dir='ltr'>presbitero,</span> <span class='ocrx_word' id='word_1_224' title='bbox 685 3049 755 3157; x_wconf 90' lang='lat' dir='ltr'>qui</span> <span class='ocrx_word' id='word_1_225' title='bbox 785 3045 944 3156; x_wconf 83' lang='lat' dir='ltr'>quoties</span> <span class='ocrx_word' id='word_1_226' title='bbox 972 3039 1156 3139; x_wconf 88' lang='lat' dir='ltr'>volebat,</span> <span class='ocrx_word' id='word_1_227' title='bbox 1176 3043 1316 3127; x_wconf 85' lang='lat' dir='ltr'>extafin</span> <span class='ocrx_word' id='word_1_228' title='bbox 1340 3051 1379 3129; x_wconf 91' lang='lat' dir='ltr'>in</span> <span class='ocrx_word' id='word_1_229' title='bbox 1404 3041 1442 3129; x_wconf 88' lang='lat' dir='ltr'>se</span> <span class='ocrx_word' id='word_1_230' title='bbox 1467 3048 1658 3151; x_wconf 61' lang='lat' dir='ltr'>causabam·</span> <span class='ocrx_word' id='word_1_231' title='bbox 1792 3060 1796 3067; x_wconf 84' lang='grc'><strong>’</strong></span> 
     </span>
     <span class='ocr_line' id='line_1_26' title="bbox 222 3152 1659 3272; baseline -0.001 -21"><span class='ocrx_word' id='word_1_232' title='bbox 222 3162 515 3251; x_wconf 80' lang='lat' dir='ltr'>&amp;efficiebatur</span> <span class='ocrx_word' id='word_1_233' title='bbox 537 3154 740 3242; x_wconf 88' lang='lat' dir='ltr'>insensatus</span> <span class='ocrx_word' id='word_1_234' title='bbox 764 3152 870 3241; x_wconf 87' lang='lat' dir='ltr'>velut</span> <span class='ocrx_word' id='word_1_235' title='bbox 895 3183 1085 3242; x_wconf 78' lang='lat' dir='ltr'>mortuus.</span> <span class='ocrx_word' id='word_1_236' title='bbox 1139 3156 1196 3241; x_wconf 81' lang='lat' dir='ltr'>At</span> <span class='ocrx_word' id='word_1_237' title='bbox 1219 3160 1416 3272; x_wconf 86' lang='lat' dir='ltr'>quidquid</span> <span class='ocrx_word' id='word_1_238' title='bbox 1438 3160 1481 3246; x_wconf 87' lang='lat' dir='ltr'>fit</span> <span class='ocrx_word' id='word_1_239' title='bbox 1496 3166 1547 3251; x_wconf 88' lang='lat' dir='ltr'>de</span> <span class='ocrx_word' id='word_1_240' title='bbox 1566 3167 1659 3265; x_wconf 91' lang='lat' dir='ltr'>hoc,</span> 
     </span>
     <span class='ocr_line' id='line_1_27' title="bbox 220 3273 1662 3395; baseline 0.001 -31"><span class='ocrx_word' id='word_1_241' title='bbox 220 3282 324 3395; x_wconf 85' lang='lat' dir='ltr'>quod</span> <span class='ocrx_word' id='word_1_242' title='bbox 347 3277 455 3364; x_wconf 87' lang='lat' dir='ltr'>forte</span> <span class='ocrx_word' id='word_1_243' title='bbox 473 3276 763 3358; x_wconf 87' lang='lat' dir='ltr'>doemoniacum</span> <span class='ocrx_word' id='word_1_244' title='bbox 782 3299 876 3368; x_wconf 90' lang='lat' dir='ltr'>erar,</span> <span class='ocrx_word' id='word_1_245' title='bbox 904 3273 983 3353; x_wconf 91' lang='lat' dir='ltr'>hoc</span> <span class='ocrx_word' id='word_1_246' title='bbox 997 3298 1071 3382; x_wconf 91' lang='lat' dir='ltr'>pro</span> <span class='ocrx_word' id='word_1_247' title='bbox 1089 3298 1132 3356; x_wconf 93' lang='lat' dir='ltr'>re</span> <span class='ocrx_word' id='word_1_248' title='bbox 1149 3274 1274 3356; x_wconf 89' lang='lat' dir='ltr'>nostra</span> <span class='ocrx_word' id='word_1_249' title='bbox 1291 3300 1435 3358; x_wconf 89' lang='lat' dir='ltr'>certum</span> <span class='ocrx_word' id='word_1_250' title='bbox 1459 3280 1527 3375; x_wconf 89' lang='lat' dir='ltr'>est,</span> <span class='ocrx_word' id='word_1_251' title='bbox 1546 3282 1662 3393; x_wconf 86' lang='lat' dir='ltr'>quod</span> 
     </span>
     <span class='ocr_line' id='line_1_28' title="bbox 222 3381 1662 3499; baseline 0 -19"><span class='ocrx_word' id='word_1_252' title='bbox 222 3392 435 3480; x_wconf 84' lang='lat' dir='ltr'>mturaliter</span> <span class='ocrx_word' id='word_1_253' title='bbox 460 3417 510 3477; x_wconf 89' lang='lat' dir='ltr'>ex</span> <span class='ocrx_word' id='word_1_254' title='bbox 527 3390 746 3471; x_wconf 87' lang='lat' dir='ltr'>vehementi</span> <span class='ocrx_word' id='word_1_255' title='bbox 771 3382 1074 3499; x_wconf 78' lang='lat' dir='ltr'>apprehensione</span> <span class='ocrx_word' id='word_1_256' title='bbox 1103 3381 1261 3492; x_wconf 89' lang='lat' dir='ltr'>alicujus</span> <span class='ocrx_word' id='word_1_257' title='bbox 1293 3397 1346 3472; x_wconf 86' lang='lat' dir='ltr'>rei</span> <span class='ocrx_word' id='word_1_258' title='bbox 1372 3392 1537 3479; x_wconf 70' lang='lat' dir='ltr'>manime</span> <span class='ocrx_word' id='word_1_259' title='bbox 1561 3389 1662 3480; x_wconf 55' lang='lat' dir='ltr'>voliss</span> 
     </span>
     <span class='ocr_line' id='line_1_29' title="bbox 221 3493 1660 3615; baseline 0.001 -22"><span class='ocrx_word' id='word_1_260' title='bbox 221 3534 258 3593; x_wconf 77' lang='lat' dir='ltr'>ta</span> <span class='ocrx_word' id='word_1_261' title='bbox 274 3509 335 3597; x_wconf 84' lang='lat' dir='ltr'>vel</span> <span class='ocrx_word' id='word_1_262' title='bbox 357 3504 492 3594; x_wconf 80' lang='lat' dir='ltr'>nolitae</span> <span class='ocrx_word' id='word_1_263' title='bbox 516 3497 580 3585; x_wconf 88' lang='lat' dir='ltr'>vel</span> <span class='ocrx_word' id='word_1_264' title='bbox 597 3500 813 3615; x_wconf 81' lang='lat' dir='ltr'>gravissimae</span> <span class='ocrx_word' id='word_1_265' title='bbox 829 3507 868 3584; x_wconf 81' lang='grc' dir='ltr'><strong>δι</strong></span> <span class='ocrx_word' id='word_1_266' title='bbox 891 3493 1051 3584; x_wconf 85' lang='lat' dir='ltr'>insolitae</span> <span class='ocrx_word' id='word_1_267' title='bbox 1070 3504 1162 3584; x_wconf 90' lang='lat' dir='ltr'>oriri</span> <span class='ocrx_word' id='word_1_268' title='bbox 1183 3504 1313 3612; x_wconf 89' lang='lat' dir='ltr'>potest</span> <span class='ocrx_word' id='word_1_269' title='bbox 1330 3497 1514 3591; x_wconf 84' lang='lat' dir='ltr'>alienatio</span> <span class='ocrx_word' id='word_1_270' title='bbox 1533 3507 1557 3594; x_wconf 78' lang='grc' dir='ltr'>ι</span> <span class='ocrx_word' id='word_1_271' title='bbox 1575 3504 1660 3595; x_wconf 67' lang='lat' dir='ltr'>sen⁴</span> 
     </span>
     <span class='ocr_line' id='line_1_30' title="bbox 221 3606 1660 3729; baseline 0.001 -21"><span class='ocrx_word' id='word_1_272' title='bbox 221 3606 317 3711; x_wconf 81' lang='lat' dir='ltr'>llius.</span> <span class='ocrx_word' id='word_1_273' title='bbox 374 3627 443 3708; x_wconf 91' lang='lat' dir='ltr'>De</span> <span class='ocrx_word' id='word_1_274' title='bbox 455 3619 608 3729; x_wconf 86' lang='lat' dir='ltr'>Regina</span> <span class='ocrx_word' id='word_1_275' title='bbox 624 3616 725 3700; x_wconf 85' lang='lat' dir='ltr'>Saba</span> <span class='ocrx_word' id='word_1_276' title='bbox 747 3611 1483 3724; x_wconf 62' lang='lat' dir='ltr'>vidente‘magiiificentiamSalomonis</span> <span class='ocrx_word' id='word_1_277' title='bbox 1502 3622 1660 3712; x_wconf 79' lang='lat' dir='ltr'>diciturt</span> 
     </span>
     <span class='ocr_line' id='line_1_31' title="bbox 220 3724 1660 3851; baseline 0 -30"><span class='ocrx_word' id='word_1_278' title='bbox 220 3739 301 3826; x_wconf 81' lang='lat' dir='ltr'>Non</span> <span class='ocrx_word' id='word_1_279' title='bbox 328 3768 408 3826; x_wconf 86' lang='lat' dir='ltr'>erat</span> <span class='ocrx_word' id='word_1_280' title='bbox 438 3763 522 3849; x_wconf 85' lang='lat' dir='ltr'>prae</span> <span class='ocrx_word' id='word_1_281' title='bbox 553 3733 706 3841; x_wconf 91' lang='lat' dir='ltr'>stupore</span> <span class='ocrx_word' id='word_1_282' title='bbox 734 3726 831 3813; x_wconf 91' lang='lat' dir='ltr'>ultra</span> <span class='ocrx_word' id='word_1_283' title='bbox 858 3736 896 3813; x_wconf 90' lang='lat' dir='ltr'>in</span> <span class='ocrx_word' id='word_1_284' title='bbox 923 3755 967 3810; x_wconf 90' lang='lat' dir='ltr'>ea</span> <span class='ocrx_word' id='word_1_285' title='bbox 994 3724 1153 3839; x_wconf 85' lang='lat' dir='ltr'>spiritus.</span> <span class='ocrx_word' id='word_1_286' title='bbox 1210 3733 1258 3812; x_wconf 88' lang='lat' dir='ltr'>Et</span> <span class='ocrx_word' id='word_1_287' title='bbox 1283 3730 1334 3812; x_wconf 91' lang='lat' dir='ltr'>de</span> <span class='ocrx_word' id='word_1_288' title='bbox 1353 3732 1484 3818; x_wconf 87' lang='lat' dir='ltr'>Nabal</span> <span class='ocrx_word' id='word_1_289' title='bbox 1509 3765 1544 3822; x_wconf 86' lang='lat' dir='ltr'>i.</span> <span class='ocrx_word' id='word_1_290' title='bbox 1563 3733 1660 3851; x_wconf 84' lang='lat' dir='ltr'>Reg.</span> 
     </span>
     <span class='ocr_line' id='line_1_32' title="bbox 221 3838 1661 3954; baseline 0.001 -19"><span class='ocrx_word' id='word_1_291' title='bbox 221 3880 273 3954; x_wconf 66' lang='grc' dir='ltr'><strong>ις.</strong></span> <span class='ocrx_word' id='word_1_292' title='bbox 291 3884 333 3942; x_wconf 93' lang='lat' dir='ltr'>ut</span> <span class='ocrx_word' id='word_1_293' title='bbox 352 3855 540 3942; x_wconf 85' lang='lat' dir='ltr'>andierat</span> <span class='ocrx_word' id='word_1_294' title='bbox 549 3845 746 3928; x_wconf 83' lang='lat' dir='ltr'>Davidem</span> <span class='ocrx_word' id='word_1_295' title='bbox 772 3871 905 3927; x_wconf 87' lang='lat' dir='ltr'>contra</span> <span class='ocrx_word' id='word_1_296' title='bbox 927 3838 968 3925; x_wconf 87' lang='lat' dir='ltr'>se</span> <span class='ocrx_word' id='word_1_297' title='bbox 986 3838 1060 3924; x_wconf 88' lang='lat' dir='ltr'>esse</span> <span class='ocrx_word' id='word_1_298' title='bbox 1080 3846 1237 3931; x_wconf 82' lang='lat' dir='ltr'>iratumi</span> <span class='ocrx_word' id='word_1_299' title='bbox 1266 3847 1496 3933; x_wconf 80' lang='lat' dir='ltr'>Emortuom</span> <span class='ocrx_word' id='word_1_300' title='bbox 1517 3853 1570 3934; x_wconf 88' lang='lat' dir='ltr'>est</span> <span class='ocrx_word' id='word_1_301' title='bbox 1591 3867 1661 3938; x_wconf 80' lang='lat' dir='ltr'>cor</span> 
     </span>
     <span class='ocr_line' id='line_1_33' title="bbox 219 3952 1660 4074; baseline 0.003 -29"><span class='ocrx_word' id='word_1_302' title='bbox 219 3975 280 4069; x_wconf 76' lang='lat' dir='ltr'>ejus</span> <span class='ocrx_word' id='word_1_303' title='bbox 294 3967 543 4059; x_wconf 67' lang='lat' dir='ltr'>intrinsecus,</span> <span class='ocrx_word' id='word_1_304' title='bbox 578 3965 618 4041; x_wconf 77' lang='lat' dir='ltr'>de</span> <span class='ocrx_word' id='word_1_305' title='bbox 641 3956 782 4041; x_wconf 79' lang='lat' dir='ltr'>latium</span> <span class='ocrx_word' id='word_1_306' title='bbox 807 3954 986 4071; x_wconf 69' lang='lat' dir='ltr'>eliquasi</span> <span class='ocrx_word' id='word_1_307' title='bbox 1004 3952 1110 4067; x_wconf 83' lang='lat' dir='ltr'>lapis.</span> <span class='ocrx_word' id='word_1_308' title='bbox 1167 3953 1289 4042; x_wconf 86' lang='lat' dir='ltr'>Aliud</span> <span class='ocrx_word' id='word_1_309' title='bbox 1308 3955 1529 4074; x_wconf 80' lang='lat' dir='ltr'>exemplum</span> <span class='ocrx_word' id='word_1_310' title='bbox 1553 3969 1660 4050; x_wconf 76' lang='lat' dir='ltr'>fieta·</span> 
     </span>
     <span class='ocr_line' id='line_1_34' title="bbox 215 4066 1662 4270; baseline -0.01 -97"><span class='ocrx_word' id='word_1_311' title='bbox 215 4083 448 4179; x_wconf 73' lang='lat' dir='ltr'>libanii-alis</span> <span class='ocrx_word' id='word_1_312' title='bbox 478 4072 658 4167; x_wconf 82' lang='lat' dir='ltr'>adducit</span> <span class='ocrx_word' id='word_1_313' title='bbox 680 4066 913 4162; x_wconf 82' lang='lat' dir='ltr'>Plutarchus</span> <span class='ocrx_word' id='word_1_314' title='bbox 943 4074 982 4160; x_wconf 82' lang='grc' dir='ltr'><strong>ιη</strong></span> <span class='ocrx_word' id='word_1_315' title='bbox 1012 4071 1139 4160; x_wconf 83' lang='lat' dir='ltr'>Bruto</span> <span class='ocrx_word' id='word_1_316' title='bbox 1166 4071 1218 4160; x_wconf 81' lang='lat' dir='ltr'>de</span> <span class='ocrx_word' id='word_1_317' title='bbox 1244 4076 1375 4187; x_wconf 81' lang='lat' dir='ltr'>Portia</span> <span class='ocrx_word' id='word_1_318' title='bbox 1402 4100 1525 4164; x_wconf 83' lang='lat' dir='ltr'>uxore</span> <span class='ocrx_word' id='word_1_319' title='bbox 1552 4081 1662 4270; x_wconf 64' lang='lat' dir='ltr'>Bsruti</span> 
     </span>
     <span class='ocr_line' id='line_1_35' title="bbox 1416 4211 1662 4301; baseline -0.008 -27"><span class='ocrx_word' id='word_1_320' title='bbox 1416 4240 1422 4249; x_wconf 95' lang='lat'>-</span> <span class='ocrx_word' id='word_1_321' title='bbox 1529 4211 1576 4274; x_wconf 83' lang='lat' dir='ltr'>err</span> <span class='ocrx_word' id='word_1_322' title='bbox 1591 4217 1662 4301; x_wconf 85' lang='lat' dir='ltr'>pe·</span> 
     </span>
    </p>
   </div>
   <div class='ocr_carea' id='block_1_7' title="bbox 0 0 1909 4994">
    <p class='ocr_par' dir='ltr' id='par_1_7' title="bbox 0 0 1909 4994">
     <span class='ocr_line' id='line_1_36' title="bbox 0 0 1909 4994; baseline 0 0"><span class='ocrx_word' id='word_1_323' title='bbox 0 0 1909 4994; x_wconf 95' lang='lat' dir='ltr'> </span> 
     </span>
    </p>
   </div>
  </div>
 </body>
</html>
