3796 4994
224 295 323 424 362
599 288 801 391 neverat.
819 283 871 385 de
886 284 1073 420 Agreda.
1091 292 1273 384 Parrll.

225 493 506 608 redemptionis
515 524 532 592 ·‚
551 495 709 604 quoties
721 480 808 575 'erat
829 487 975 578 absens.
1048 493 1104 576 Ea
1120 489 1220 576 verb
1241 512 1372 573 coram
1395 491 1514 577 Patre
1535 515 1676 593 eterno

222 609 381 698 suerunt
403 632 480 692 tarn
502 602 680 708 efficacia,
707 628 933 717 utpropter
958 608 1093 689 merita
1116 609 1163 689 B.
1188 608 1235 690 V.
1258 600 1375 687 fucrit
1396 602 1674 717 quafioblitru

220 748 473 839 peccatorum
497 724 671 803 omniurn
689 721 908 816 hominum,
934 723 1005 832 qui
1030 742 1124 803 tuuc
1145 717 1409 829 predicationi
1427 719 1578 804 Christi
1596 717 1674 804 fue·

220 863 311 927 runt
329 832 553 949 praesentes.
633 839 723 916 Hoc
764 833 1085 941 impedimentum
1119 828 1193 918 suis
1228 828 1407 942 precibus
1438 836 1481 916 ἃ
1508 828 1672 918 feruenti

222 977 359 1036 amore
383 943 525 1032 sustulit
544 952 590 1032 B.
613 949 750 1059 Virgo.
804 942 886 1056 Ipsa
902 948 975 1029 init
995 971 1084 1032 vera
1103 945 1319 1043 mediatrix,
1345 970 1434 1056 quae
1459 945 1583 1030 nobis
1602 942 1673 1029 obss

218 1070 347 1158 tinuit,
376 1060 461 1145 uta
485 1062 641 1145 Christo
673 1061 966 1161 instrueremur,
988 1063 1028 1142 δι
1052 1085 1100 1144 cx
1128 1066 1208 1164 ejus
1234 1085 1304 1143 ore
1323 1051 1453 1172 legem
1477 1055 1671 1175 evaugeli-

221 1203 307 1261 cam
331 1181 604 1286 acciperemus.

339 1303 435 1385 967.
460 1292 559 1371 Non
580 1283 762 1398 potuisset
781 1290 824 1371 B.
841 1289 889 1370 V.
906 1289 944 1369 in
965 1288 1081 1371 rantis
1099 1281 1304 1372 doloribus
1320 1287 1468 1384 vivere,
1488 1281 1560 1373 nifi
1581 1283 1670 1374 suis·

219 1398 276 1488 set
297 1397 623 1514 supernaturaliter
641 1397 873 1511 conservata.

339 1531 434 1611 968.
464 1520 516 1598 Ur
533 1509 668 1597 leniret
687 1509 822 1624 aliquo
841 1513 965 1596 modo
987 1509 1094 1598 suum
1116 1509 1314 1610 dolorem,
1339 1507 1530 1603 conversa
1547 1515 1601 1600 esi
1619 1515 1668 1601 ad

219 1627 308 1714 suos
334 1625 496 1738 angelos
519 1629 672 1731 dicens:
709 1625 866 1725 Dicite,
897 1624 964 1714 ubi
987 1626 1165 1740 versetur
1194 1624 1346 1712 diieb‘ur
1373 1623 1510 1712 neus?
1542 1625 1667 1726 dicite,

219 1737 324 1853 quud
342 1745 486 1825 moriar
507 1739 553 1826 ob
575 1737 781 1854 austrinam
801 1744 893 1826 vita
913 1767 1010 1825 mea.
1091 1749 1130 1824 0
1156 1736 1272 1823 dulce
1293 1738 1472 1823 bonum!
1504 1740 1576 1827 ubi
1594 1749 1666 1842 iam

55 1886 59 1890 “
218 1851 420 1941 reclinabit
435 1857 575 1965 caput?
604 1855 670 1936 ubi
690 1851 782 1937 fella
803 1853 978 1938 membra
997 1853 1107 1938 dabis
1128 1856 1279 1966 quieti?
1306 1902 1323 1917 ·
1353 1853 1421 1936 ubi
1437 1877 1479 1938 re
1496 1858 1666 1941 inveniet

218 1969 302 2052 hac
325 1963 509 2051 columba
531 1993 597 2053 rua
618 1964 812 2050 solitaria?
837 1971 950 2076 quod
970 1962 1075 2051 littus
1098 1971 1263 2077 reperiet
1285 1967 1366 2051 nac
1382 1963 1542 2079 ¹fragilis
1564 1972 1666 2055 navi·

219 2076 307 2165 cula
329 2085 468 2191 agitata
493 2079 697 2162 hincinde
720 2083 859 2161 amoris
880 2078 1089 2164 fluctibus?
1118 2080 1185 2164 ubi
1209 2079 1364 2164 dabitur
1383 2077 1585 2167 malacia?
1623 2130 1641 2150 ·

213 2191 762 2389 ·pp{dappacppipppi5ugppig>me
788 2189 1078 2280 consolabitur?
1108 2199 1147 2276 dr
1176 2198 1263 2308 quir
1277 2188 1316 2278 se
1334 2188 1501 2280 sociabit
1515 2198 1662 2284 milriin

335 2429 432 2513 969.
486 2421 601 2502 Tunc
627 2370 753 2533 angeli
783 2444 869 2503 eam
898 2419 1020 2503 statim
1051 2414 1238 2505 consolati
1263 2413 1370 2508 suntr
1410 2392 1556 2535 &per
1582 2421 1664 2510 illu·

217 2534 441 2667 strationem
480 2534 671 2620 internam
710 2530 923 2620 retulerunt
962 2537 998 2619 ei
1028 2539 1173 2632 omnia,
1200 2559 1287 2648 quae
1312 2537 1462 2621 interea
1490 2539 1661 2625 Christus

216 2674 311 2762 lgm
335 2788 433 2894 979·
477 2755 701 2895 Aliquoties
728 2759 827 2845 milit
853 2757 904 2845 ad
923 2756 1047 2877 lilium
1074 2753 1309 2875 legationem
1338 2755 1660 2874 angelorum&

217 2872 337 2959 dabat
356 2869 430 3004 rlirr
448 2869 679 3006 sudariolum
706 2877 727 2957 i
754 2873 792 3002 se
816 2871 1059 2971 consenum,
1085 2903 1128 2960 ut
1150 2872 1205 2958 illi
1226 2877 1476 3006 detergerent
1500 2879 1659 2977 vultum,

216 2982 1259 3212 annnaumannsusurru?
1280 2984 1549 3125 mm.
1605 2997 1660 3079 ¹¹*

333 3243 429 3313 971·
455 3215 567 3324 Saepe
594 3212 813 3325 composuit
832 3215 1008 3298 Cantica.

214 3326 644 3554 grabslnl‘erlnrl‘tll.
657 3356 721 3411 me
737 3329 853 3411 dixitz
880 3324 1034 3412 Lucifer
1054 3353 1189 3415 contra
1213 3354 1253 3416 te
1272 3324 1457 3446 insurget,
1478 3339 1521 3420 δι
1538 3339 1658 3452 impu-

214 3664 292 3752 deb
332 3568 428 3748 za.
457 3556 632 3684 Joanner
650 3546 688 3635 se
707 3557 871 3665 projecit
892 3552 944 3638 ad
968 3551 1090 3666 pedes
1109 3558 1243 3662 Jsssu,
1265 3557 1427 3649 -dicenn
1467 3561 1600 3678 Egoi
1621 3589 1659 3651 re

245 3763 269 3912 ὀ
297 3689 662 3911 εἶεὲῗῃῗέζαῃάο
706 3778 878 3882 Christus
918 3773 1075 3894 suscepit
1109 3779 1369 3915 baptismum,
1408 3785 1523 3876 simul
1561 3790 1657 3876 inlli-

212 3915 290 4017 turr
316 3887 490 4004 baptismi
528 3894 837 4027 Sacramentumr
891 3902 940 4028 'dr'
968 3921 1062 3981 tunc
1087 3923 1201 4029 enam
1237 3906 1349 4010 periit
1385 3901 1410 3988 ai
1444 3911 1561 3990 Patre
1590 3933 1654 4019 gc·

212 4001 380 4116 aculem
407 4005 552 4094 Ectasrn
579 4033 653 4120 pro
680 4009 861 4096 omnibus
888 4005 975 4113 rllrs,
1002 4016 1072 4123 qui
1095 4008 1322 4124 baptismum
1336 4012 1547 4132 suscepturi
1566 4017 1653 4104 sunt

1465 4210 1472 4223 .
1567 4155 1652 4244 981.
