3796 4994
233 334 331 447 148
559 446 567 453 ῃ
666 301 850 447 Regula*
875 332 939 410 εκ·
955 320 1013 412 P.
1028 304 1241 448 saslelasess
1306 238 1313 250 ·

229 517 412 622 sulatum,
435 523 475 602 δι
498 546 629 604 earnm
645 505 746 633 'quae
773 515 911 605 volunt
934 522 1022 604 viris
1047 509 1262 618 dominari,
1292 523 1330 602 ἃ
1356 517 1442 604 sunt
1468 515 1593 609 laudis
1621 548 1685 606 cu-

232 637 348 750 pide,
373 661 440 720 aut
467 629 687 722 cervicosus
721 640 760 719 dt
847 636 975 749 ¹'cipud
994 631 1024 718 fi
1040 638 1201 719 interior
1221 630 1422 749 spiritualis
1448 629 1687 747 superbiam

233 747 308 838 ill'ti
329 746 464 834 latitet.
518 744 652 835 Plures
670 745 734 856 alti
755 663 1018 858 cffiLibani
1038 730 1379 853 revelatidnibusf
1455 755 1465 853 j
1497 778 1603 834 arunt
1627 774 1688 834 ce·

166 898 170 909 ·
234 866 425 966 eidelunt,
452 890 494 948 ut
512 858 779 949 Tertullianus.
847 871 1029 975 Quantos
1059 859 1294 949 literatos&
1319 780 1622 976 pidffsuculares
1647 869 1686 950 δι

228 975 514 1069 Ecclestasticos
541 1004 706 1062 traxerat
728 973 795 1063 illa
812 982 935 1062 Soror
950 975 1050 1082 Julia
1069 973 1358 1101 Neapolitana,
1381 981 1607 1092 praedicans,
1634 975 1688 1064 se-

226 1122 325 1179 cum
345 1119 545 1194 coeuntes,
568 1102 660 1206 quia
680 1119 760 1184 erat
781 1099 820 1179 in
845 1096 939 1177 statu
968 1089 1236 1205 perfeetionis,
1267 1119 1347 1177 non
1377 1100 1560 1205 peccate!
1583 1103 1687 1204 cujus

235 1205 459 1321 exemplum
486 1203 604 1290 simile
628 1210 762 1318 prodit
784 1210 837 1292 D.
859 1209 1034 1291 Thomas
1054 1205 1197 1321 Opusc.
1219 1227 1284 1313 64.
1308 1209 1402 1294 sicut
1423 1215 1459 1292 dt
1481 1205 1609 1295 similis
1631 1215 1688 1295 lii·

124 1390 135 1419 .
234 1326 351 1433 liotia
389 1319 555 1441 sucgelsit
585 1318 786 1409 Florentiae
812 1323 871 1406 liis
903 1328 1010 1407 annis
1039 1327 1079 1431 de
1105 1318 1199 1409 alibi
1219 1330 1258 1408 in
1288 1326 1367 1407 hoc
1390 1326 1522 1407 nostro
1541 1321 1689 1410 saeculo.

235 1446 420 1548 Quantos
451 1442 650 1550 deceperit
679 1433 914 1551 Magdalena
954 1439 1006 1520 de
1035 1440 1167 1523 Cruce
1204 1432 1469 1525 Cordubensis
1500 1435 1575 1523 suis
1601 1439 1688 1525 doe·

233 1559 423 1640 moniacis
451 1550 779 1649 revelationibus,
809 1558 847 1634 ἃ
872 1545 1097 1664 Ulylfipone
1127 1557 1250 1637 Maria
1290 1552 1341 1636 de
1377 1561 1687 1651 annuntiatione,

86 1688 88 1692 ’
231 1671 353 1755 Anna
375 1656 664 1781 liodriquez&
692 1664 829 1754 fimiles
853 1662 932 1751 alive
950 1668 1080 1750 dicant
1113 1673 1183 1780 qui
1210 1665 1456 1780 inspexerunt
1476 1670 1607 1754 adbuc
1634 1676 1686 1754 vi·

234 1811 385 1871 ventes.
444 1779 674 1980 Exemplum
703 1778 811 1868 aliud
839 1783 970 1894 prodit
995 1785 1047 1866 de
1073 1779 1109 1864 la
1137 1788 1263 1867 Torre
1285 1788 1343 1868 liis
1370 1784 1614 1896 temporibus
1638 1785 1688 1871 dc

235 1899 408 2012 quadam
439 1896 562 2007 soeme
577 1898 635 1995 la,
662 1899 882 2009 decipiente
898 1893 969 1981 suis
996 1892 1094 1980 falsis
1114 1894 1322 1982 visionibus
1347 1898 1548 2010 insignem,
1565 1906 1688 1987 virum

232 2016 388 2102 Litteris
412 2020 451 2096 δι
480 2017 696 2096 Sanditatis
722 2015 912 2124 opinione
933 2006 1159 2126 fulgentem.
1215 2017 1256 2095 ln
1276 2040 1400 2124 tegno
1419 2015 1617 2112 Peruenfi,
1632 2021 1687 2099 iii·

97 2200 100 2205 .
229 2135 338 2242 quit,
363 2132 486 2212 extitit
506 2128 666 2243 quidam
685 2123 899 2211 Franciscus
924 2128 976 2210 de
998 2131 1155 2224 Cruee,
1178 2129 1423 2213 Douiffimus
1442 2127 1688 2247 Theologus,

231 2270 283 2351 ac
305 2269 423 2340 ante,
458 2269 500 2327 ut
530 2242 757 2339 videbatur,
784 2245 946 2354 egregiis
975 2246 1159 2328 virtutum
1184 2268 1342 2327 ornatus
1368 2243 1541 2331 dotibus.
1612 2251 1687 2330 llic

207 2352 571 2464 ‘'sadusfamiliaris
598 2352 954 2457 cuidamfoeminae,
976 2354 1119 2469 quaese
1141 2359 1298 2444 edoceri
1320 2359 1372 2442 ab
1387 2355 1529 2473 angelo
1548 2388 1688 2475 magna

235 2474 414 2584 i'ny'lletia
435 2470 651 2578 jactitabat,
675 2498 843 2587 quaque
866 2493 971 2554 extra
1006 2467 1044 2555 se
1069 2473 1265 2560 interdurn
1290 2474 1523 2587 rapiebatur,
1545 2501 1613 2560 aut
1631 2503 1688 2560 ra·

235 2593 277 2694 pi
302 2581 525 2685 stinulabat,
550 2586 601 2671 fic
629 2592 667 2671 ei
690 2587 904 2686 devinclus,
931 2585 983 2669 sic
1011 2583 1212 2684 credulus,
1241 2612 1285 2672 ut
1305 2590 1357 2672 de
1384 2582 1532 2703 magnis
1553 2594 1689 2675 Theo-

232 2697 419 2816 logorum
449 2702 724 2814 quaestionibus
745 2699 998 2786 confilium&
1025 2702 1259 2787 decisionem
1277 2730 1447 2817 peteret,
1462 2707 1688 2818 praedicatis,

236 2845 325 2901 eain
348 2819 439 2900 Deo
460 2813 575 2899 valde
607 2820 782 2913 charam,
804 2822 843 2898 δε
865 2821 939 2899 Dei
967 2811 1269 2904 revelationibus
1293 2815 1463 2929 plenam.
1520 2823 1583 2904 Ac
1606 2847 1687 2905 tati-
1735 2859 1741 2869 ¹

228 2931 329 3017 'dein
355 2930 423 3015 vel
454 2934 617 3017 credens
644 2925 947 3014 revelationibus
978 2933 1070 3015 accb
1099 2937 1147 3014 tis
1177 2935 1229 3017 ab
1259 2930 1325 3016 illa
1357 2933 1417 3017 sua
1439 2933 1688 3046 prophetissa,

234 3041 301 3132 vel
323 3043 402 3159 ipse
422 3046 729 3158 apparitionibus
754 3045 1009 3130 doemoniacis
1035 2960 1163 3130 ‘illlisus
1196 3052 1235 3132 in
1265 3052 1381 3160 impia
1405 3054 1443 3131 δι
1467 3050 1690 3137 insaniffima

238 3163 424 3274 dogmata
443 3156 641 3272 prolapsus
667 3161 733 3265 est,
790 3162 930 3261 Aiebat
951 3157 989 3243 se
1012 3163 1158 3273 Regem
1179 3161 1365 3261 fututum,
1393 3171 1430 3246 dt
1453 3166 1690 3251 Pontificem

234 3273 426 3379 summum
443 3282 518 3385 dcc.
547 3271 680 3360 Simile
706 3276 805 3387 quid
830 3301 959 3358 evenit
983 3277 1039 3358 his
1062 3283 1170 3361 annis
1188 3283 1228 3361 in
1247 3280 1352 3362 Urbe
1374 3283 1517 3381 buia.
1579 3287 1689 3366 Pres-

235 3389 337 3474 biter
362 3388 544 3503 quidam,
574 3392 788 3475 borbonius
813 3387 1027 3500 appellatus
1038 3449 1051 3488 ,
1084 3402 1133 3475 eo
1165 3396 1277 3505 quod
1310 3395 1502 3479 nutriebat
1525 3399 1687 3482 barbam

233 3500 444 3616 longam,l
462 3505 632 3619 quadani
642 3510 827 3589 Tettiaria
842 3510 893 3590 D.
907 3502 1088 3589 Francisci
1108 3502 1205 3590 falsis
1220 3506 1427 3591 visionibus
1443 3514 1494 3592 ita
1509 3508 1686 3596 seductus

233 3615 374 3714 fverat,
405 3645 448 3703 ut
471 3621 644 3704 ctffletet
664 3624 707 3707 ⁴dt
734 3617 951 3728 publicaret
969 3619 1147 3706 universo
1167 3620 1255 3705 orbi
1275 3651 1362 3711 cuni
1384 3629 1550 3709 maxima
1578 3655 1688 3709 coiti-

232 3738 413 3820 motione
435 3741 643 3818 Procerum
659 3732 843 3836 Ecclesiae,
858 3733 1087 3847 Pontificem
1107 3739 1305 3821 Urbanum
1323 3743 1420 3824 intra
1433 3766 1582 3852 paucos
1601 3741 1688 3825 dios

174 3854 179 3873 '
235 3853 480 3951 moriturum,
513 3853 733 3967 quittamen
750 3846 956 3964 supervixit
980 3845 1154 3963 pluribus
1177 3857 1298 3944 annis.

1269 4222 1308 4339 ¹.
1456 4202 1459 4207 Ι
1536 4250 1687 4380 Regu-
