3796 4994
602 335 803 428 revelat.
826 332 878 424 de
906 329 1093 465 Agredae.
1116 331 1227 424 Pars
1240 328 1300 425 ΙΙ.
1561 363 1656 463 ²9³

286 565 403 646 24¹·
433 541 593 646 Quarto¹
607 533 673 618 die
689 537 894 643 Novennae
919 537 962 620 B.
984 535 1033 619 V.
1053 530 1161 647 vidit,
1186 527 1399 648 quomodo
1421 530 1539 614 DEus
1565 561 1658 643 pro·

215 650 422 736 duxeritin
445 642 550 732 coelo
575 652 719 737 octavo
743 645 893 747 stelias,
923 674 965 731 ut
991 644 1061 731 suo
1097 651 1240 730 influxu
1276 647 1405 728 omnia
1429 671 1665 755 recrearent,

214 794 285 868 42·
320 768 364 849 B.
395 767 445 847 V.
472 763 661 874 cognovit
691 758 927 873 singularum
951 754 1140 844 stellarum
1176 754 1373 872 proprium
1405 762 1590 843 induxum
1620 766 1660 847 &

216 872 429 965 effectum:
447 881 487 958 dt
507 904 575 975 43·
602 872 782 984 proprios
805 870 1006 972 cuiuslibet
1037 868 1286 956 characteres.
1342 870 1488 969 Habuit
1511 878 1550 955 in
1574 872 1659 961 stel-

214 988 270 1074 las
305 1017 450 1085 tantam
479 991 737 1097 potestatem,
775 1014 817 1071 ut
847 987 873 1071 st
906 982 1151 1098 imperasset,
1186 1013 1250 1067 eas
1277 990 1425 1068 moveri
1460 984 1511 1066 de
1540 985 1659 1088 coelo,
1803 1050 1815 1058 -

215 1107 337 1188 statim
367 1097 579 1214 patuissent.
634 1104 681 1183 Et
704 1094 771 1186 'usa
801 1103 854 1184 est
882 1103 952 1184 hac
980 1102 1169 1210 potestate
1191 1096 1340 1209 sapius,
1365 1125 1402 1181 v.
1420 1125 1457 1209 g.
1474 1102 1513 1181 in
1536 1105 1661 1216 AEgy·

214 1242 301 1330 pto,
327 1216 394 1301 ubi
417 1217 620 1327 imperavit
644 1209 713 1299 soli
744 1243 793 1298 ne
815 1209 944 1297 calore
963 1212 1030 1296 suo
1056 1217 1108 1297 ita
1129 1218 1314 1296 cruciaret
1335 1205 1470 1294 filium.

177 1362 184 1369 ’
334 1380 403 1451 44.
445 1328 529 1459 Suis
556 1350 698 1430 meritis
727 1343 952 1431 acceleravit
975 1345 1091 1430 nobis
1119 1347 1439 1430 lucarnationem.

331 1493 398 1580 46.
426 1484 468 1561 Β.
492 1481 541 1558 V.
560 1477 610 1560 ad
630 1504 693 1560 me
717 1479 835 1561 dixit:
861 1477 1021 1588 Cogita,
1046 1501 1215 1591 quantos
1238 1471 1399 1560 dolores
1418 1497 1493 1588 pro
1514 1503 1659 1590 genere
1747 1446 1761 1471 ’

215 1593 388 1678 humano
415 1588 657 1674 sustinuerim.
1035 1639 1040 1650 ·
1743 1600 1747 1606 ’

330 1743 398 1826 48.
422 1751 491 1824 49.
526 1749 589 1822 53·
633 1723 751 1804 DEus
774 1722 871 1805 dixit
892 1725 932 1804 in
954 1721 1101 1806 vifione
1124 1722 1175 1807 ad
1202 1730 1243 1805 Β.
1275 1727 1323 1807 V.
1349 1727 1514 1807 Peccata
1530 1726 1662 1812 horni-
1792 1788 1805 1800 -

215 1867 306 1924 num
332 1840 361 1934 fa
397 1865 460 1920 me
496 1829 671 1946 pravisa,
707 1861 752 1917 ac
786 1833 957 1918 secutura
994 1841 1160 1919 retinent
1187 1862 1313 1918 meam
1345 1834 1690 1949 misericordiam..¹

215 1961 258 2038 Β.
282 1958 401 2064 Virgo
418 1979 467 2034 ex
490 1954 568 2032 hoc
587 1953 748 2061 agnovit
766 1974 948 2060 magnum
966 1977 1166 2032 numerum
1184 1950 1455 2058 reproborum,
1476 1958 1514 2032 δι
1535 1980 1662 2063 quan·¹

215 2094 297 2151 tum
319 2067 639 2176 impedimentum
659 2088 821 2173 peccata·
840 2062 991 2172 praeviia
1025 2069 1064 2145 in
1087 2086 1219 2145 mente
1244 2064 1334 2145 DEI
1362 2059 1579 2160 causarent,
1606 2093 1665 2148 ne·
1734 2084 1747 2109 ·

216 2181 389 2266 Verbum
411 2183 640 2260 incarnetur.
708 2182 819 2258 Tunc
842 2182 885 2259 Β.
908 2181 956 2260 V.
978 2180 1104 2259 oravit
1122 2176 1274 2258 dicens:
1301 2179 1342 2259 Si
1364 2178 1550 2286 praevides
1566 2206 1662 2289 pec·

216 2319 297 2378 cata
316 2319 467 2390 eorum,
497 2296 566 2400 qui
592 2312 640 2375 te·
659 2285 839 2372 ostensuri
862 2287 974 2377 sunta
1000 2294 1115 2374 ctiam
1142 2289 1328 2400 pravidet
1348 2310 1469 2400 opera
1499 2293 1655 2391 Christi,

216 2402 494 2520 quo-superant
508 2399 572 2485 :lla
589 2427 768 2511 peccatur
806 2404 855 2485 ab
881 2404 939 2485 his
964 2424 1060 2512 ergo
1086 2403 1225 2486 fincte
1248 2409 1396 2485 moveri
1423 2405 1475 2486 ad
1508 2402 1661 2489 accelee

215 2519 375 2604 randum
400 2520 728 2611 incarnationem,
762 2543 843 2597 non
875 2514 934 2598 ab.
953 2510 1026 2598 illis
1052 2516 1111 2597 -ad
1132 2541 1218 2597 earn
1246 2516 1529 2601 retardandum.
1591 2547 1661 2619 54.

214 2635 334 2717 DEus
366 2631 487 2715 dixit:
534 2633 714 2713 Permitte
733 2653 818 2726 me,
850 2652 892 2711 ut
915 2627 1119 2711 retribuam
1144 2628 1367 2715 horninibus
1388 2635 1492 2732 juxta
1517 2658 1657 2716 eorum

215 2749 415 2832 demerita.
498 2748 539 2825 B.
572 2746 621 2828 V.
648 2737 877 2854 respondit:
917 2743 1042 2842 Non,
1077 2743 1282 2841 Domine,
1314 2768 1396 2826 non
1436 2749 1661 2854 permittam

214 2887 267 2953 te·
293 2908 314 2926 ·
435 2898 438 2903 '
555 2938 560 2949 .

334 3011 399 3091 55.
428 2988 480 3081 {in
505 2986 586 3076 hoc
607 2989 751 3069 amori:
780 2986 988 3071 certamine
1015 2984 1132 3067 DEtu
1164 2986 1210 3067 Β.
1243 2976 1465 3095 Vir'ginem,
1487 3009 1531 3070 ur
1559 2982 1661 3072 olim

211 3100 419 3204 Jacobum,
442 3101 709 3209 interrogavitr
747 3098 950 3208 quodnam
979 3095 1138 3179 haberet
1160 3096 1338 3179 nomen?
1365 3105 1409 3182 B.
1430 3096 1665 3209 V.·respon·;

214 3216 294 3298 dit:
328 3219 413 3324 Ego
444 3215 523 3296 ium
548 3208 626 3295 fin:
651 3211 747 3296 Adae
769 3216 844 3295 &e
897 3210 1017 3292 DEut
1040 3210 1158 3293 dixit:
1198 3212 1255 3293 Ex
1276 3211 1355 3293 hoc
1376 3237 1522 3308 nornen
1545 3236 1656 3295 tuum
1693 3317 1696 3321 ἵ

214 3335 304 3411 crit:
341 3324 470 3410 electa
489 3331 527 3408 in
545 3350 705 3408 matrem
728 3326 914 3434 unigeniti
931 3317 1000 3404 iiiii
1020 3325 1121 3406 DEI.
1190 3324 1270 3406 Sed
1289 3327 1371 3407 hat'
1394 3324 1511 3406 verba
1529 3320 1662 3409 solium?

213 3428 484 3551 intellexerunt
505 3434 646 3550 angeli,
671 3443 710 3520 dc
734 3431 949 3538 manserunt
972 3435 1100 3519 adhuc
1124 3433 1304 3518 absconsa
1321 3443 1365 3522 B.
1386 3441 1547 3548 Virgini,
1568 3465 1655 3548 quoe

215 3555 361 3635 audivit
384 3554 464 3635 hoc
485 3548 605 3634 solum
627 3563 795 3633 nomen:
846 3547 986 3633 Electa.
1043 3548 1223 3631 Tandem
1240 3552 1308 3634 SS.
1327 3554 1494 3644 Trinitas,
1510 3558 1553 3636 Β.
1568 3555 1655 3635 Vir·

215 3662 296 3776 gini
329 3667 438 3749 dedit
470 3660 723 3774 promissum,
757 3662 934 3749 mittendi
971 3663 1174 3746 Christum
1269 3666 1438 3748 Videant
1479 3664 1657 3748 homines
1740 3725 1756 3741 .

215 3807 336 3888 ergo,
357 3781 484 3891 {quod
511 3787 553 3861 Β.
575 3783 697 3888 Virgo
719 3778 806 3888 post
832 3778 913 3881 'eius
942 3768 1064 3860 filiurn
1094 3773 1215 3862 fucrit
1231 3771 1360 3861 totalis
1379 3775 1487 3861 causa
1518 3804 1655 3862 eorum
1770 3842 1774 3847 -

215 3889 402 3976 salunt&
421 3894 710 4002 redemptionis.

910 4141 994 4282 Op
1025 4161 1045 4237 3
1450 4135 1658 4242 56.Quin·
