3796 4994
449 462 454 466 ὑ
608 332 810 432 Revelat.
833 324 886 428 de
914 326 1101 468 Agredae.
1124 338 1237 432 Pars
1250 337 1308 436 ΙΙ.
1551 253 1664 472 ξςς

229 578 234 589 ·
313 503 439 643 ,ἶςγξ
479 532 517 622 8.
530 530 713 734 έοῖεριιο
733 560 877 632 tamen,
899 532 1077 649 quemvis
1096 561 1180 621 non
1196 535 1311 623 fuerit
1334 534 1460 636 senex,
1476 542 1577 626 vires
1590 550 1666 654 janu

220 674 315 735 tunc
337 674 448 736 eram
472 646 528 733 fra
568 667 639 738 aer⁵
663 651 719 735 ob
736 650 851 762 quod
868 652 1006 734 incidit
1024 654 1064 733 in
1088 650 1295 741 morbumr
1329 677 1423 735 tunc
1441 658 1485 736 B.
1504 661 1552 738 V.
1574 683 1664 742 eum

218 764 271 848 stc
294 761 462 849 allocuta
496 765 561 848 est.
598 810 617 830 -
693 758 862 874 Quiesce
893 769 996 865 iam,
1027 767 1068 846 δι
1092 766 1133 844 in
1159 759 1332 858 futurum
1357 763 1455 848 cessa
1473 764 1498 850 i
1517 763 1666 857 labore.

220 894 319 976 858.
348 879 387 961 S.
406 873 597 986 Josephus
615 871 746 987 sepius
769 879 921 988 rogavit
935 881 982 960 B.
1003 879 1218 988 Virginem,
1239 901 1283 962 ut
1301 882 1553 989 permitteret,
1576 909 1666 966 eum
1783 888 1789 898 ·

217 988 385 1076 insistere
405 985 557 1078 laboris
584 985 650 1072 sed
674 1015 762 1073 cum
785 1015 869 1072 non
891 985 1141 1085 consentiret,
1167 991 1415 1074 instrumenta
1441 997 1530 1075 artis
1551 992 1662 1080 dedit

216 1102 453 1215 pauperibus
467 1106 508 1186 in
535 1098 820 1202 eleemosinam,
839 1105 878 1183 dc
904 1103 1159 1210 inposterum
1180 1103 1311 1186 institit
1328 1099 1664 1216 contemplationi.

221 1237 318 1314 859.
346 1218 402 1298 Ex
422 1242 473 1299 eo
497 1236 677 1324 tempore
698 1219 741 1296 B.
765 1217 813 1299 V.
835 1209 1051 1326 proposuit,
1077 1209 1149 1299 luo
1168 1209 1307 1299 labore
1329 1214 1532 1304 sustentare
1552 1213 1663 1306 suun

216 1324 403 1525 filiumd&
429 1322 618 1440 sponsum.
683 1331 787 1413 Hinc
815 1334 938 1439 magis
972 1329 1103 1412 institit
1129 1323 1257 1416 labori
1284 1323 1350 1415 fila
1381 1329 1567 1418 ducendo
1580 1394 1608 1434 ,
1621 1337 1663 1418 dc

216 1462 336 1529 texen
366 1469 407 1528 o.
639 1500 643 1507 -

172 1649 175 1653 ,
251 1626 297 1649 ,.,
337 1568 432 1648 36ο.
470 1553 643 1639 Christus
664 1557 704 1636 δι
726 1559 768 1639 Β.
792 1555 842 1638 V.
862 1578 1063 1665 nunquam
1084 1532 1348 1643 comedebant
1377 1581 1557 1649 carnemt
1596 1546 1664 1648 sed

217 1663 467 1756 vescebantur
487 1663 663 1776 piscibus,
680 1663 887 1767 frutribus,
909 1671 950 1748 δι
973 1666 1113 1752 herbis.
1196 1730 1203 1769 ,
1656 1748 1663 1777 ἑ

242 1790 246 1794 ’
306 1796 431 1882 363.
459 1779 662 1868 Debemus
681 1776 789 1890 sequi
806 1780 999 1864 Christum
1018 1784 1062 1862 in
1083 1781 1145 1862 via
1170 1783 1304 1867 crucis.
1356 1781 1422 1866 Sic
1439 1782 1547 1883 dicis,
1570 1809 1662 1869 eum

217 1888 327 1981 fuisse
350 1887 460 1979 fimul
482 1893 639 1988 Deum,
664 1916 710 1975 ac
728 1915 937 2002 propterea
962 1898 1043 1994 ejus
1062 1889 1273 2005 pasfionem
1301 1886 1410 1979 fuisse
1431 1897 1562 2009 potius
1591 1896 1662 1980 ad·

216 2007 579 2215 pistationirfibanc
596 2004 860 2112 objedioncm
882 2000 1023 2089 refutat
1057 2008 1136 2091 vita
1167 2012 1212 2094 B.
1241 2010 1438 2120 Virginis,
1464 2034 1552 2122 quar
1580 2031 1661 2097 crat

247 2149 273 2205 o
317 2147 345 2204 o
367 2142 449 2204 tant
477 2147 528 2203 m.

276 2147 316 2206 m
345 2210 465 2326 366.Ι
495 2231 530 2312 8.
564 2223 755 2342 Josephus
784 2223 880 2342 saepe
907 2223 1003 2333 tales
1030 2225 1166 2316 babuit
1191 2225 1355 2332 librales,
1383 2228 1426 2317 in
1451 2231 1661 2355 qurbussess

213 2356 289 2551 isus.
302 2338 613 2473 animasrupisset
649 2338 801 2431 vincula
836 2343 1059 2479 corporis,
1075 2341 1142 2430 nifi
1175 2340 1301 2439 ferisset
1332 2342 1662 2463 supernaturaliter
1740 2348 1747 2355 ’

234 2484 396 2548 erratus.

288 2566 292 2575 '
337 2564 433 2672 8'67.
462 2576 506 2654 Β.
526 2571 578 2655 V.
600 2564 749 2655 solebat
765 2573 825 2654 uti¹
841 2566 905 2654 sua
925 2568 1129 2681 potestate,
1152 2589 1337 2685 tanquam
1357 2570 1532 2656 Domina
1548 2598 1663 2658 mun·

219 2687 287 2789 di,
308 2689 348 2769 δι
376 2687 580 2799 precipere
606 2679 814 2798 aliquoties
845 2683 939 2767 cibis
966 2677 1051 2771 ise
1108 2708 1154 2765 ro
1176 2707 1286 2797 -aegro
1307 2687 1348 2769 8.
1367 2679 1543 2797 Josepho
1569 2711 1663 2799 pre·

219 2800 384 2915 piratis,
402 2818 446 2881 ut
464 2803 500 2880 ci
527 2794 748 2880 conferrent
768 2800 866 2881 vires
882 2790 1072 2880 lis'resoc'
1089 2790 1288 2907 lationem.
1445 2828 1452 2841 ·
1526 2827 1532 2834 ·

233 2924 241 3015 ξ
276 2904 295 2937 “
316 2924 433 3023 (8982
462 2904 627 3021 Sicuti.
646 2914 695 2996 V.
710 2907 808 3021 cibis
823 2932 923 3022 praec
972 2910 1082 3005 it,·'ita
1097 2904 1329 3021 fabiumests
1349 2891 1473 3023 ‘quod
1489 2907 1557 2996 ubi
1577 2909 1660 2996 sen·
1751 2916 1777 2945 '

217 3020 265 3131 fit
280 3024 319 3112 S.
336 3022 538 3139 Iosephus,
560 3022 676 3106 dixit:
701 3024 721 3090 ὲ
775 3025 944 3107 Ministra
973 3034 1013 3106 at
1026 3020 1287 3139 aut'em'B.'V.
1308 3025 1345 3105 ei
1361 3020 1659 3224 cibppffipie·

217 3146 281 3240 ria,
299 3142 340 3222 dt
358 3138 524 3222 irruebat
543 3130 600 3220 illi
620 3131 785 3221 calceos.
811 3181 831 3202 ·
882 3132 1025 3222 Tribus
1043 3129 1187 3222 ultimis
1205 3126 1314 3223 annis
1328 3139 1409 3244 ejus
1436 3138 1445 3155 '
1563 3140 1572 3159 ⁰
1610 3140 1660 3222 tis

216 3251 444 3343 inserviebat
459 3253 496 3332 ei
517 3248 582 3334 die
598 3275 643 3331 ac
666 3254 797 3345 nodie.
1319 3352 1322 3357 Ι
1591 3247 1617 3258 “’

314 3371 431 3463 370.
471 3366 516 3448 Β.
537 3366 587 3448 V.
607 3365 789 3475 ptaecepit
804 3355 878 3446 suis
902 3355 1069 3474 angelis,
1085 3382 1130 3445 nt
1146 3354 1356 3448 solarentur
1376 3359 1417 3447 S.
1435 3356 1657 3474 Josephum.

216 3482 331 3565 Tune
348 3477 403 3561 ad
420 3483 501 3586 ejus
520 3479 722 3588 imperium
748 3479 789 3559 in
807 3469 942 3558 vifibili
961 3470 1088 3558 fotura
1106 3473 1331 3560 adstiterunt
1351 3486 1479 3588 egro,
1493 3480 1533 3558 dr
1553 3471 1658 3560 fece*-

211 3595 367 3697 ‘nmt'ei
391 3589 588 3674 Muscam.
674 3608 768 3692 374.
795 3581 951 3672 Ultimis
974 3595 1125 3671 'novem
1155 3587 1313 3674 diebus.
1336 3595 1417 3699 elus
1445 3593 1533 3675 viti
1561 3583 1679 3699 jussu·

213 3706 296 3792 Dei
313 3726 373 3790 ter
398 3726 469 3816 per
489 3702 592 3786 diem
614 3697 789 3785 fecerunt
811 3695 938 3815 angeli
958 3724 1062 3812 agro
1084 3699 1282 3786 Musicam.
1642 3736 1646 3745 ·

222 3846 226 3851 ·
335 3840 430 3917 373.
470 3810 600 3901 Semel
626 3822 667 3898 in
693 3812 813 3899 nursi
840 3817 879 3897 8.
907 3809 1099 3923 Joscplrus
1123 3813 1222 3899 vidit
1238 3813 1461 3900 immediate
1483 3814 1659 3907 inruisse

215 3931 364 4027 Deum,
381 3935 420 4012 dc
439 3953 532 4013 tunc
548 3933 708 4041 agnovit
723 3930 899 4039 mysteria
921 3923 1026 4022 fidei,
1047 3929 1087 4006 δι
1107 3953 1197 4041 quae
1211 3931 1405 4043 pertinent
1424 3922 1657 4017 adnisum
1709 3990 1712 3994 ι

214 4068 298 4133 tem
320 4039 525 4131 Ecdefiam
549 4069 637 4128 cum
663 4042 846 4153 omuibus
867 4041 1133 4129 sacramentis.

961 4157 1038 4266 Yy
1070 4177 1093 4237 s
1348 4218 1352 4223 -
1559 4167 1660 4253 877.
