3796 4994
212 296 313 401 206
528 292 800 434 Reg.'Prasi.
818 329 875 400 ex
897 302 942 401 S.
952 303 1096 441 joan.
1115 298 1169 402 de
1186 307 1332 406 (iace.

20 608 26 631 ,
317 511 488 641 Regula
529 545 573 614 2.
646 506 1001 648 Appatitiones
1048 540 1108 617 ac
1156 513 1398 633 visiones,
1433 512 1533 618 five
1569 512 1663 619 fint

212 655 265 753 iii
302 646 515 754 sensibus
553 661 802 772 externis,
850 653 948 759 sive
989 660 1044 763 in
1078 651 1362 792 phantasia,
1398 687 1510 776 non
1545 655 1661 761 ideo

204 791 243 896 d
278 789 427 896 Dio
466 789 678 912 dantur,
727 804 879 900 utin
918 803 976 900 iis
1036 806 1222 905 animae
1265 794 1463 907 affeiiio
1517 799 1664 915 sistat,

211 932 290 1040 sed
327 958 386 1037 ut
421 930 500 1039 his
535 937 680 1074 fignis
717 959 808 1042 aut
841 933 994 1042 illiciis
1033 935 1063 1045 ὲ
1099 939 1382 1049 carnalibus
1420 938 1661 1048 abstrasta

201 1074 278 1181 ad
312 1075 634 1216 intelligibilia
666 1078 978 1184 traducatur.
1047 1105 1095 1187 in
1130 1100 1300 1217 afaru
1346 1101 1510 1190 tamaii
1550 1106 1665 1191 uu.

214 1215 268 1302 C.
295 1244 360 1316 ιχ.
380 1222 459 1303 ait:
488 1220 606 1304 Dicet
628 1215 782 1334 aliquis,
797 1217 825 1304 si
842 1223 884 1304 in
899 1220 959 1304 his
979 1216 1286 1332 apparitionibus
1308 1221 1498 1329 repetitur
1515 1242 1665 1305 tantuin

200 1329 426 1445 periculi&
446 1334 715 1446 impedimenti
742 1335 794 1418 ad
821 1337 1011 1417 unionem
1036 1358 1124 1418 cum
1149 1332 1268 1428 Deo,
1293 1358 1361 1416 cur
1381 1359 1479 1448 ergo
1503 1329 1664 1446 ipsemet

200 1447 323 1532 ‘Deus
342 1452 456 1558 ponit
475 1451 550 1533 hos
566 1450 733 1563 laqueos
755 1445 924 1533 animat?
951 1453 1006 1534 Ut
1021 1446 1073 1532 ad
1096 1448 1195 1530 hanc
1212 1447 1477 1548 obiediioncm
1502 1444 1666 1560 respon·

211 1559 353 1658 deam,
388 1568 460 1648 tria
494 1558 827 1676 ptaesupponenda
856 1556 943 1646 sunt
978 1564 1177 1674 principia.
1245 1561 1406 1661 Primd,
1468 1568 1665 1669 uia'juxta

209 1676 265 1760 D.
289 1671 450 1761 Paulum
471 1677 525 1762 ad
543 1679 658 1765 Rom.
680 1703 745 1780 13.
804 1677 902 1801 Qa
921 1673 947 1761 i
964 1672 1092 1764 DEO
1102 1672 1222 1788 fimi,
1240 1590 1540 1789 ordinaiaflmt.
1595 1679 1665 1762 Se·

72 1822 74 1827 ·
210 1789 361 1889 cundd,
381 1794 473 1906 quia
487 1792 600 1878 Deus
621 1788 803 1911 Disponit
827 1793 955 1880 omnia
970 1789 1154 1906 suaviter
1180 1791 1228 1872 Sa
1257 1799 1274 1876 .’
1297 1799 1336 1876 i.
1394 1793 1547 1890 Tertio,
1572 1794 1666 1906 quit

204 1901 563 2020 iuxta'rheologos
581 1904 698 1995 Deus
716 1908 842 1996 omnia
864 1914 994 1993 movet
1003 1907 1129 2023 juxta
1148 1931 1207 1989 mo
1234 1930 1296 1989 itm
1316 1930 1459 1992 eorum.
1519 1909 1577 1992 Ex
1605 1909 1664 1991 iiis

205 2014 395 2139 sequitur,
425 2019 541 2134 quod
571 2021 707 2118 Deus,
736 2023 831 2106 dum
860 2023 1028 2106 animam
1054 2020 1103 2105 ab
1131 2017 1267 2105 infimo
1301 2045 1477 2105 extremo
1513 2016 1666 2107 summa

208 2131 515 2245 imperfectionis
540 2130 624 2219 vult
648 2133 854 2221 traducere=
873 2135 924 2220 ad
961 2130 1123 2220 alterum
1156 2158 1370 2220 extremum
1394 2132 1551 2221 sumnia
1581 2151 1666 2250 per'·

208 2243 404 2346 fedionis,
433 2248 578 2334 debeat
603 2250 820 2363 procedere
850 2248 1061 2364 gradatim,
1091 2248 1278 2364 adeoque
1305 2255 1474 2336 animani
1503 2251 1664 2364 perfice·

148 2393 157 2400 ·
210 2386 256 2448 te
274 2365 315 2447 in
338 2387 390 2449 eo
408 2388 554 2477 genere
580 2391 629 2449 co
659 2366 831 2462 titionis,
851 2363 967 2480 quod
988 2360 1209 2451 naturaliter
1233 2366 1288 2450 est
1314 2368 1499 2477 primum,
1523 2389 1666 2481 netnpe

208 2473 251 2562 in
276 2482 506 2595 cognitione
526 2506 597 2592 pet
618 2390 744 2565 Ιξῐιῖιις
773 2504 968 2565 externos.
1038 2484 1143 2567 Hinc
1162 2477 1236 2581 fit,
1269 2480 1384 2594 quod
1412 2480 1508 2568 dum
1538 2482 1666 2567 aniina

209 2589 397 2703 paulatim
420 2595 556 2708 incipit
571 2593 778 2681 moderati
798 2601 853 2680 uti
874 2591 1040 2680 sensibus
1064 2597 1252 2693 extemis,
1280 2622 1435 2710 eosque
1453 2594 1666 2683 refraenare

82 2731 86 2737 ’
209 2731 334 2820 atque
356 2708 572 2794 abstrahere
597 2708 621 2796 ai
643 2707 881 2796 sensibilibus
912 2715 1078 2803 externit
1109 2713 1230 2822 magis
1260 2706 1509 2822 periculosi,
1536 2712 1666 2798 eidem

209 2816 333 2907 soleat
357 2819 535 2909 conserte
554 2824 745 2939 quasdam
767 2828 1028 2939 apparitiones
1052 2853 1098 2910 ac
1118 2819 1349 2911 sensationes
1370 2820 1503 2911 suaves
1526 2829 1569 2911 in
1584 2824 1666 2913 sen·

211 2934 324 3051 libus,
346 2943 512 3025 extemis
569 2937 645 3024 uasi
675 2945 715 3023 in
732 2945 944 3055 proemium
970 2944 1139 3026 vidioriae
1166 2966 1218 3024 eo
1240 2938 1332 3041 fine,
1355 2962 1399 3024 ut
1418 2944 1541 3054 magis
1571 2968 1667 3026 con-

210 3049 387 3139 firmetur
418 3057 461 3140 in
497 3052 548 3140 ab
622 3058 752 3139 dione
776 3055 827 3139 ab
851 3050 935 3141 aliis
967 3055 1131 3163 objedlis
1167 3050 1404 3140 sensibilibus
1430 3052 1690 3168 periculosis.-

211 3168 390 3282 Quando
411 3191 542 3256 autem
564 3175 673 3257 Deus
694 3171 874 3269 advertit,
900 3173 1065 3255 animam
1087 3176 1161 3277 jani
1181 3166 1266 3255 satis
1283 3164 1359 3256 esse
1383 3165 1665 3257 consolidatam
1704 3198 1708 3207 ·

210 3285 253 3366 in
276 3310 321 3371 ea
341 3282 645 3372 abstraiiione'd
678 3281 914 3370 smsibilibus
955 3286 1118 3391 objedis
1155 3290 1346 3385 externis,
1381 3288 1516 3398 incipit
1550 3291 1677 3373 etiam

209 3397 398 3511 perficere
421 3396 544 3487 sensus
564 3405 737 3487 internos
759 3397 824 3486 seu
853 3398 1084 3515 phantasiam
1136 3427 1177 3485 ct
1204 3398 1433 3484 visiones&
1459 3395 1675 3487 allocutio?

209 3539 280 3598 nes
295 3518 534 3628 imaginarias
552 3518 733 3615 internas,
759 3513 909 3630 semper
931 3511 1040 3600 fimul
1059 3429 1280 3626 inspirando
1304 3514 1495 3628 quasdam
1517 3521 1666 3602 motio·

64 3682 70 3695 ι
205 3653 280 3713 nes
305 3624 370 3714 seu
401 3625 626 3717 affediiones
658 3631 808 3731 bonas,
838 3628 983 3745 quibus
1012 3633 1148 3715 animat
1167 3625 1324 3715 effodio
1345 3629 1396 3715 ab
1419 3629 1479 3712 liis
1500 3629 1668 3736 abietis.

11 3780 40 3853 ῃ
207 3736 383 3829 sensuum
405 3769 471 3830 aut
491 3745 695 3860 phantafiae
721 3747 772 3831 ad
794 3750 892 3860 puri:
919 3739 1174 3859 intelligibilia
1198 3745 1432 3829 traducatur.
1487 3749 1585 3830 Ha‘c
1613 3738 1690 3832 eu'

208 3862 273 3946 via
287 3860 491 3964 ordinaria,
512 3865 691 3976 quamvis
711 3863 823 3947 Deus
845 3888 930 3946 non
948 3858 1043 3954 finat
1060 3856 1097 3944 se
1113 3856 1263 3973 semper
1281 3854 1428 3972 alligari
1449 3858 1545 3945 huic
1559 3862 1664 3948 ordi·

181 3979 274 4076 ·ni;
317 3972 384 4060 sed
405 3979 652 4091 quandoque
680 4000 864 4088 operetur
891 3973 1102 4061 secundum
1124 3999 1191 4060 aut
1221 3977 1378 4061 tertium
1405 3974 1566 4062 tiansito
1586 3978 1662 4092 pri·

98 4091 104 4100 ’
206 4117 291 4191 ino,
307 4116 426 4206 prout
447 4096 580 4178 anima
600 4093 785 4207 expedire
804 4093 961 4200 judicat.
1706 4190 1708 4217 ζ

1521 4219 1661 4348 Regu·
