3796 4994
600 208 914 361 Revelatio‘ner
939 263 984 357 S.
1024 255 1268 362 Gertrudis.
1549 291 1645 394 141-

210 466 252 561 8.
267 466 485 564 Gertrudis,
500 467 687 579 probatur
706 493 753 549 ex
770 493 834 565 ro,
851 467 943 579 quia
958 463 1103 548 habent
1124 456 1262 547 similes
1276 456 1418 560 causas,
1443 457 1673 579 'concomiq

215 592 353 681 tantia,
393 608 584 680 connexa,
603 581 840 674 trudemus,
860 587 899 660 dr
923 574 1222 691 consequentia,
1251 603 1338 689 quae
1361 574 1484 664 solent
1509 580 1646 667 haberi

211 704 253 786 ‘m
274 699 525 810 imaginariis,
555 719 599 777 ut
620 701 694 800 jam
718 694 917 776 ostendam
932 691 983 774 ab
1004 692 1232 775 inductione

327 813 366 893 8.
406 807 620 893 Gerttudes
659 807 792 890 habuit
829 810 1077 916 capacitatem
1116 809 1156 888 &
1192 801 1457 917 dispositiones
1483 808 1534 891 ad
1562 805 1647 893 for·

216 925 356 1013 manda
376 922 444 1006 sabi
470 948 601 1004 earum
625 924 905 1030 apparitionum
926 920 1148 1030 systemata,
1177 946 1264 1031 quae
1286 923 1527 1032 reperiuntur
1543 925 1583 1004 in
1608 948 1652 1005 e·

216 1050 273 1152 jus
304 1033 432 1123 librisa
469 1033 536 1118 ubi
570 1059 666 1144 ergo
693 1028 877 1116 sufficiunt
901 1036 1000 1115 vites
1025 1048 1165 1115 natura
1187 1030 1276 1117 cuni
1308 1043 1429 1145 gratia
1448 1032 1661 1139 ‘directrice-

217 1159 290 1268 piis
311 1148 492 1234 omnibus
511 1149 729 1242 communi,
752 1173 835 1234 non
862 1147 915 1229 cst
933 1143 1204 1229 recurrendum
1225 1147 1567 1259 adopetationem
1593 1148 1654 1235 di·

219 1274 349 1352 vinam
387 1265 734 1346 extraordinariam.
790 1260 889 1344 Ant.
916 1254 1027 1369 prob.
1060 1260 1100 1342 8.
1140 1260 1376 1358 Gertrudes‚
1413 1284 1458 1343 ut
1494 1282 1652 1373 apparet

219 1409 268 1466 err
296 1385 375 1482 eius
403 1380 493 1469 vita,
517 1399 597 1457 erat
618 1376 767 1482 optime
793 1375 956 1455 instituta
975 1375 1017 1454 in
1039 1367 1171 1484 lingua
1196 1368 1333 1475 latina,
1359 1379 1400 1458 8.
1423 1376 1654 1486 Scripturam

220 1489 405 1578 volvebat
426 1490 628 1583 continuo,
654 1480 775 1570 libros
795 1487 860 1568 88.
886 1490 1040 1568 Patrum
1060 1491 1097 1567 u
1120 1481 1282 1571 aliorum
1309 1491 1463 1600 piorum
1481 1491 1653 1601 Scripto-

223 1634 308 1691 rurn
325 1599 568 1715 perlegebat,
594 1624 796 1712 quotquot
812 1599 984 1683 invenite
1005 1623 1179 1708 potetate
1214 1605 1337 1684 immo
1363 1602 1430 1684 diu
1455 1606 1570 1685 etiam
1591 1607 1652 1688 in-
1708 1604 1719 1637 ⁸

211 1718 360 1831 'cubuit
383 1714 543 1799 scientiis
574 1710 767 1826 profanisr
807 1736 936 1795 totum
969 1735 1122 1821 tempus
1158 1714 1413 1824 impendebat
1444 1718 1576 1825 postea
1613 1721 1654 1802 in

223 1833 410 1920 exercitiis
432 1833 517 1939 piis,
543 1832 582 1909 &
606 1826 887 1936 compositione
904 1828 1057 1935 piorum
1077 1822 1290 1926 librorum,
1314 1853 1482 1942 quotum
1511 1823 1658 1914 multos

225 1976 274 2033 ex
312 1939 455 2027 selectis
502 1945 655 2024 Parrum
694 1943 900 2022 Sententiis
940 1934 1236 2049 compilaveratr
1284 1941 1507 2054 frequenter
1540 1948 1656 2026 etiam

225 2059 403 2143 vertebat
422 2059 509 2164 pios
527 2052 647 2137 libros
662 2057 700 2134 in
720 2049 890 2164 linguam
913 2048 1154 2136 vernaculam
1172 2050 1236 2138 seu
1257 2059 1549 2142 Germanicamr
1575 2056 1657 2139 hac
1740 2050 1746 2061 “

208 2174 360 2259 omnia
390 2168 594 2267 ostendunt
627 2171 864 2249 vivacitatem
883 2171 1284 2279 memoriar,·ingenii‚
1313 2172 1657 2280 &imaginationis

226 2310 358 2397 aptam
385 2281 435 2366 ad
461 2280 691 2364 invenienda
718 2285 757 2361 dc
795 2279 966 2390 congrue
998 2279 1202 2365 formanda
1232 2283 1490 2365 doctrinarum
1524 2286 1565 2364 dt
1601 2308 1661 2367 re·

228 2427 316 2486 rum
333 2401 373 2479 in
390 2399 665 2504 imaginatione
694 2400 959 2503 apparentium
984 2391 1191 2505 systemata.
1256 2400 1439 2481 Praetcrea
1467 2393 1491 2478 ai
1520 2400 1661 2479 teneris

228 2514 339 2601 annis
356 2533 436 2592 erat
458 2509 622 2590 instituta
642 2508 829 2588 advitam
853 2502 1202 2616 contemplativam.
1285 2509 1370 2609 Jam
1399 2513 1661 2621 quinquennis

230 2652 312 2711 erar
339 2616 470 2704 oblata
502 2623 540 2700 in
562 2623 829 2702 monasterium
854 2616 1110 2707 Monialiums
1154 2625 1194 2702 &
1216 2621 1376 2733 quidem
1397 2650 1448 2705 co
1470 2645 1662 2732 tempore,

265 2763 319 2820 uo
342 2738 570 2835 Germania,
589 2738 628 2814 dc
650 2731 768 2842 ipsum
792 2735 1066 2816 Monasletium
1086 2734 1127 2819 S.
1146 2736 1348 2819 Gertrudis
1367 2735 1589 2819 abundabat
1606 2739 1664 2819 vi·

231 2769 501 2936 llonariisesrc
521 2872 563 2929 ut
586 2851 844 2957 apparitiones
865 2842 979 2929 facile
997 2845 1048 2929 ab
1064 2842 1127 2928 illa
1149 2849 1329 2948 estimari,
1350 2854 1489 2960 optari,
1511 2844 1533 2930 s
1552 2853 1661 2945 erari,

233 2992 282 3051 ac
314 2958 383 3045 exs
405 2963 518 3043 eciari
543 2964 768 3069 potuerinta
827 2955 1027 3068 presertim
1057 2961 1210 3044 inhoc
1245 2988 1388 3074 genere
1417 2877 1607 3071 excelluit,
1623 2968 1665 3048 Β.

233 2993 466 3191 Mecptildes
488 3070 594 3157 soror
613 3077 654 3155 8.
679 3074 893 3172 Gertrudis‚
920 3077 961 3153 δι
988 3071 1244 3184 comprofeila
1260 3082 1299 3159 in
1320 3077 1460 3160 eodem
1478 3078 1668 3159 monaste·

234 3196 312 3287 rio,
331 3193 371 3271 dt
397 3194 518 3292 major
536 3209 659 3281 atate,
677 3210 815 3295 utpote
837 3191 876 3267 in
899 3182 1004 3268 senio
1026 3210 1117 3268 ante
1143 3190 1376 3272 Gettrudem
1398 3211 1568 3275 mortuas
1596 3216 1668 3272 eo·
1689 3260 1707 3293 ,

237 3307 331 3389 dem
351 3327 528 3412 tempore
550 3305 625 3404 jam
650 3324 756 3393 erant
774 3295 944 3381 celebres
971 3294 1223 3385 revelationes
1255 3299 1524 3416 Hildrgatdis,
1555 3295 1670 3386 filisa

208 3426 211 3431 ’
238 3419 366 3502 betha
386 3411 703 3522 schonaugiensis
717 3417 768 3499 dc
798 3408 952 3495 aliarum
981 3408 1233 3524 Beguinarum
1256 3421 1297 3498 in
1319 3420 1527 3501 Germania
1549 3417 1672 3500 abun*

240 3533 428 3614 dantium.
507 3527 576 3609 lsta
602 3520 777 3634 exempla
795 3550 972 3636 poterant
992 3524 1158 3612 formare
1179 3535 1345 3613 animum
1368 3537 1407 3615 in
1424 3526 1559 3616 similes
1583 3557 1672 3614 mo-

242 3640 357 3727 dulos
379 3645 418 3721 &
432 3637 588 3722 formas.
641 3643 729 3724 Nec
750 3643 826 3722 vita
844 3639 1026 3722 inidonea
1041 3662 1120 3721 erat
1138 3644 1188 3725 ad
1206 3640 1496 3753 supernaturalia
1513 3640 1672 3741 lumina,

246 3755 390 3868 quibus
423 3749 543 3835 multa
574 3755 757 3863 principia
780 3749 880 3835 sacra
908 3747 1198 3863 intelliguntur,
1223 3781 1310 3866 apta
1339 3758 1390 3840 ad
1420 3758 1671 3842 dirediioncm

246 3863 462 3980 phantasia,
482 3892 532 3949 ne
549 3869 591 3947 in
614 3865 728 3948 rebus
746 3867 1022 3975 pertinentibus
1043 3867 1096 3949 ad
1118 3865 1273 3952 salutem
1302 3866 1464 3954 multum
1485 3892 1676 3965 exerrarrt

244 3982 298 4067 ad
333 3985 519 4092 dogmata
552 3982 686 4091 pietati
719 3977 886 4066 adversa
964 3983 1053 4063 Erat
1080 3986 1235 4068 castitati
1265 3980 1496 4070 excellenter
1521 3980 1702 4070 deditas‘

672 4146 676 4153 ·
958 4096 986 4179 S
1017 4123 1036 4197 3
1553 4097 1676 4178 virum
