3796 4994
534 220 641 408 Reg.
663 260 815 369 Prasi.
836 294 897 418 ‘ex
924 271 968 366 S.
980 265 1123 406 joun.
1140 265 1193 365 de
1212 271 1356 372 Cruce.
1581 309 1642 378 ιο
1652 306 1677 407 5
1731 361 1734 365 ,

218 470 298 562 isles
320 469 525 574 subtrahit,
552 475 605 561 eb
619 475 745 589 -quod
767 478 894 559 anima
913 479 1025 559 nimis
1044 468 1118 560 illis
1141 474 1357 587 adhaereat,
1380 479 1420 557 dt
1449 502 1584 564 amore
1610 508 1678 595 ag·
1793 465 1804 479 κ

220 589 444 705 glutinetur,
466 596 506 674 δι
530 594 788 674 communiter
811 619 894 673 nou
914 589 977 686 stc,
999 616 1118 700 prout
1134 588 1310 688 deberet,
1334 595 1376 674 in
1398 594 1538 674 virtute
1557 598 1679 707 profi.

218 730 311 794 ctatt
359 711 486 789 immo
506 700 585 817 ipse
605 708 719 788 etiam
741 705 905 789 doemon
932 701 1015 786 suas
1037 709 1296 814 apparitiones
1322 698 1532 789 immisceat
1550 711 1590 792 u
1608 737 1678 797 au·

217 843 319 935 gem,
341 824 406 904 ei>
438 820 555 932 quod
574 823 702 902 anima
734 813 789 900 issi
819 813 953 900 sotum
986 817 1169 920 dederit,
1202 825 1678 931 januamqueapeructit.

217 940 390 1021 Econtta
415 933 443 1017 st
471 938 598 1018 anima
626 928 910 1016 tales'visrones
940 933 1076 1043 recipit
1099 925 1180 1014 sola
1220 927 1422 1015 voluntate
1444 932 1524 1016 sme
1548 937 1677 1024 adhae-
1819 988 1822 996 ·

215 1048 326 1134 fiune
346 1051 507 1145 amoris,
525 1049 690 1133 doemon
715 1043 826 1129 cessat
845 1047 868 1131 a
893 1044 964 1130 suis
983 1045 1290 1156 operationibus,
1314 1047 1365 1128 eb
1390 1048 1504 1158 quod
1527 1052 1696 1154 videats

215 1164 249 1248 se
273 1167 419 1247 animae
445 1157 595 1246 nullum
623 1156 731 1272 posse
758 1155 901 1245 inferre
928 1184 1234 1248 nocumentumt
1277 1161 1388 1244 Deus
1412 1185 1543 1247 aurem
1570 1169 1611 1249 in
1632 1194 1676 1253 a·
1697 1202 1700 1207 ·

213 1284 315 1363 nima
336 1301 420 1361 tatu
440 1273 605 1362 alienata
636 1279 660 1359 i
685 1268 918 1359 sensibilrbus
939 1301 985 1358 ac
1008 1298 1088 1359 tam
1107 1268 1246 1358 humili
1270 1297 1388 1386 auget
1413 1271 1497 1360 suas
1519 1284 1673 1390 gratias.
1719 1302 1722 1307 ’

215 1394 319 1479 Nam
338 1391 393 1478 iic
419 1393 530 1475 Deus
555 1413 677 1475 tentat
695 1394 876 1486 animam,
896 1415 1014 1502 quam
1030 1388 1081 1471 ab
1101 1392 1214 1472 initio
1238 1393 1359 1500 magis
1383 1384 1504 1476 visitat
1563 1422 1606 1479 er
1623 1423 1673 1481 o·

214 1513 461 1619 perationem
480 1510 522 1589 in
540 1510 621 1608 eius
642 1501 821 1605 sensibus,
842 1507 1041 1616 capacitati
1062 1499 1126 1587 seu
1158 1498 1395 1615 dispofitioni
1416 1511 1497 1611 ejus
1518 1422 1673 1596 Iseon·

215 1619 468 1710 sonnanss‘fi
491 1625 594 1704 enim
617 1619 744 1702 modo
765 1618 1009 1702 condecente
1036 1616 1075 1702 se
1104 1617 1270 1716 habeat,
1291 1623 1328 1701 dt
1353 1623 1495 1729 primas
1516 1618 1671 1710 blandi·
1818 1654 1822 1658 ’

216 1740 282 1822 tias
306 1736 490 1819 modeste
517 1737 676 1845 recipiat
699 1760 749 1816 eo
767 1730 858 1829 fine,
886 1759 930 1817 ut
963 1732 1105 1818 exinde
1131 1736 1231 1816 vires
1259 1757 1305 1815 ac
1330 1733 1454 1817 robur
1475 1732 1666 1839 obtineat,

217 1852 349 1962 postea
371 1850 587 1934 admittitur
605 1849 655 1931 ad
680 1848 810 1931 cibum
834 1843 1081 1948 solidiorem3
1112 1851 1150 1930 δι
1171 1845 1197 1931 st
1217 1846 1447 1935 doemonem
1472 1854 1512 1932 in
1538 1857 1668 1962 ptimo

220 1965 336 2078 gndu
363 1967 513 2063 vicerit,
530 1963 751 2046 admittatur
769 1961 821 2046 ad
839 1961 1061 2048 secundum.
1118 1959 1286 2045 Persona
1306 1964 1441 2073 itaque
1464 1957 1666 2076 spiritualis

221 2084 357 2182 rejiciat
372 2084 413 2162 ἃ
441 2079 610 2191 abneget
632 2104 775 2177 omnes
789 2075 1052 2190 impteffiones
1069 2081 1108 2159 dt
1129 2070 1414 2161 obsediationes
1439 2106 1663 2191 corporeas,

223 2219 301 2305 que
325 2188 486 2306 possunt
514 2195 721 2306 obtingere
747 2189 915 2303 sensrbtrs
935 2195 1124 2290 externis,
1148 2218 1222 2275 nec
1249 2182 1467 2302 implicetur
1500 2197 1559 2279 his
1586 2199 1663 2282 ob·
1731 2285 1735 2291 ,

224 2310 333 2413 joae,
364 2333 455 2422 quae
476 2301 643 2391 sensibus
667 2311 833 2391 externis
859 2302 1098 2402 offeruntur,
1123 2311 1216 2420 quia
1238 2306 1282 2388 id
1302 2306 1468 2390 maxime
1495 2310 1662 2423 impedit

224 2418 485 2513 obserentem
505 2419 611 2506 fidei.
664 2425 776 2506 Patet
807 2449 902 2535 ergo
930 2415 1140 2521 manifeste,
1166 2419 1280 2534 quod
1313 2422 1372 2504 hae
1397 2428 1662 2535 apparitione}

226 2534 441 2623 &visiones
462 2564 546 2622 non
575 2530 716 2648 poffint
748 2532 823 2622 esse
852 2536 981 2620 media
1007 2530 1044 2620 se
1067 2534 1228 2620 uniendi
1265 2563 1352 2619 cum
1378 2534 1496 2633 Deo,
1520 2562 1661 2652 utpote
1788 2604 1790 2609 -

227 2673 299 2734 oun
349 2678 405 2735 uo
420 2645 563 2736 nullam
581 2650 728 2735 habent
748 2645 1046 2737 stmilitudinem.
1107 2652 1301 2734 Doemoni
1317 2648 1560 2764 summopere
1578 2651 1661 2767 pla·

229 2787 290 2862 ttt,
314 2681 347 2850 s
371 2766 494 2865 videt,
523 2766 635 2879 quod
663 2769 790 2849 anima
815 2760 945 2878 aliqua
974 2760 1068 2848 velit
1095 2765 1297 2848 admittere
1317 2762 1587 2865 revelationes,
1617 2774 1658 2868 dc

229 2874 439 2979 fiadvertir,
492 2880 575 2963 uod
593 2879 645 2964 ad
661 2874 743 2964 illas
761 2874 1008 2965 affectionem
1024 2878 1189 2967 habeatr
1216 2903 1310 2963 tunc
1333 2883 1435 2964 enim
1455 2882 1659 2991 haberoef
1775 2965 1777 2974 .

168 3050 170 3055 -
229 2991 407 3080 cabonem
432 2909 550 3081 udde
578 3019 843 3107 opportunam
870 2989 1112 3108 inspergendi
1139 3022 1310 3096 errores,
1339 2996 1662 3101 &imminuendi

173 3118 180 3159 '-
225 3102 329 3194 idem
365 3132 557 3224 quantum
582 3107 665 3195 fieti
690 3113 831 3222 potest.
898 3113 1004 3194 Nam
1041 3117 1191 3206 anima,
1216 3137 1303 3221 quae
1332 3109 1382 3193 ad
1403 3104 1486 3194 illas
1510 3112 1659 3223 aspirat,

223 3216 374 3331 bbjedia
396 3226 450 3310 esi
468 3248 617 3336 magnae
632 3227 881 3337 ignorantia,
916 3231 954 3306 ἃ
987 3227 1231 3338 quandoque
1253 3228 1366 3308 etiam
1388 3218 1516 3308 multis
1536 3249 1661 3310 teuta·

199 3338 379 3448 aonium
400 3345 441 3423 dc
460 3337 611 3424 casibus
637 3334 820 3424 absurdis.
878 3336 1014 3426 Paucis
1043 3339 1215 3453 denique
1246 3340 1373 3422 dicam
1402 3343 1553 3439 omnia,
1578 3367 1661 3424 ma·

222 3473 284 3560 gua
305 3448 648 3566 circumspectione
670 3453 863 3560 ejusmodi
896 3482 957 3538 tes
989 3455 1202 3561 rejicienda
1220 3451 1327 3554 sunt,
1355 3481 1429 3537 nec
1451 3454 1660 3540 admitten·
1690 3454 1693 3459 ’

222 3570 282 3666 de,
297 3567 418 3674 nifiin
437 3567 728 3653 circumstantiis
753 3564 989 3684 stngulariter
1017 3573 1130 3666 ratis,
1155 3573 1196 3651 dt
1221 3573 1262 3652 in
1283 3563 1367 3650 casu
1384 3568 1562 3653 accurate
1584 3565 1658 3655 dis-

221 3676 541 3797 offoipersonis
561 3682 701 3777 doctu,
720 3677 997 3796 spiritualibus,
1025 3685 1064 3784 dt
1090 3677 1207 3767 valde
1238 3686 1424 3793 expertisr
1469 3688 1508 3763 dt
1540 3690 1658 3769 etiam

211 3814 293 3882 unc
310 3799 569 3888 admittenda
591 3823 675 3883 non
693 3791 803 3901 sunt,
825 3797 893 3910 nist
917 3796 1012 3882 abst
1042 3824 1162 3883 omne
1195 3822 1325 3883 earum
1355 3793 1586 3882 desiderium
1615 3802 1656 3883 &

187 3948 195 3991 „
219 3909 379 4067 Q

1761 779 1778 820 Χ

867 4268 870 4273 ,
915 4165 1007 4286 Cc
1045 4162 1074 4308 3
1510 4176 1655 4306 Regu·
1706 4190 1709 4196 ’
