3796 4994
112 328 119 337 ·
217 351 321 455 214
517 324 626 459 neg.
645 315 804 427 'ono
826 352 883 424 ex
906 327 951 431 o.
971 310 1117 464 joar
1141 320 1194 422 ae
1219 278 1422 430 crore..

214 528 384 629 malum,
410 529 503 645 quia
522 533 621 642 justo
641 536 718 619 Dei
737 531 886 641 judicio
911 528 1130 619 intelteous
1149 538 1224 636 iam
1247 534 1287 615 in
1311 525 1543 648 vertiginem
1570 529 1673 622 'aliut

2 683 18 688 v<
143 718 145 722 .
217 648 286 744 est,
315 671 434 759 prout
456 652 619 762 contigit
645 653 850 763 prophetis
876 644 981 735 falsis
1005 652 1121 763 Regis
1138 649 1291 756 Achab.
1325 679 1362 754 3.
1382 651 1477 764 Reg.
1505 679 1574 736 η.
1606 655 1673 739 ubi

216 763 329 847 Deus
347 763 528 850 doemoni
552 765 668 873 dixit:
694 765 890 880 Decipies.
947 754 1133 885 Egledere
1158 759 1218 860 ὅ
1234 765 1306 875 foc
1330 767 1400 851 iia.
1459 767 1509 850 Et
1532 769 1674 856 Ezech.

218 907 286 980 14.
304 879 466 964 dicitur:
496 876 689 994 Propheta
719 910 802 969 cum
824 888 1036 981 erraverit,
1060 905 1125 998 ego
1147 877 1342 965 Dominus
1364 875 1489 994 decepi
1506 878 1677 996 Prophe·

214 1001 294 1082 iam
317 991 435 1080 illum.
491 999 548 1080 Ex
572 1000 631 1080 his
660 999 846 1082 omnibus
875 990 1091 1111 colligitur,
1120 997 1213 1078 Deo
1234 1019 1315 1077 non
1334 995 1502 1108 placete,
1531 995 1677 1083 fidesi-

53 1198 57 1203 ,
189 1107 401 1196 ,ἀεῐεῑηιπ
427 1106 711 1212 revelationes,
746 1141 835 1197 cum
872 1117 1093 1225 permittat,
1130 1133 1340 1222 propterea
1376 1111 1582 1196 hominem
1614 1136 1678 1200 tot

67 1256 69 1264 ’
215 1225 348 1310 modis
365 1226 506 1336 decipi.
563 1228 603 1310 Si
629 1231 718 1340 quis
734 1254 863 1313 autem
884 1227 1071 1331 obiiciat,
1090 1221 1204 1336 quod
1224 1228 1267 1309 in
1283 1227 1418 1311 Veteri
1438 1228 1547 1341 Lege
1565 1230 1677 1314 Deus

214 1337 378 1454 ipsemet
403 1339 544 1448 jufferit
567 1340 605 1425 se
639 1339 901 1457 interrogari?
944 1336 1189 1453 respondeo,
1218 1337 1262 1422 id
1286 1366 1493 1452 propterea
1516 1339 1676 1444 farctum,

216 1460 312 1570 quia
344 1483 396 1540 eo
428 1480 609 1568 tempore
645 1455 744 1542 fides
774 1461 902 1543 nostra
939 1484 1023 1540 non
1056 1478 1138 1540 etat
1166 1479 1244 1538 tam
1274 1453 1379 1539 bene
1403 1451 1609 1570 explicata,
1631 1482 1676 1544 ut

212 1576 330 1686 proin
356 1573 537 1665 homines
560 1569 711 1658 neceffe
730 1574 951 1669 habuerint,
978 1567 1143 1656 oraculis
1164 1570 1303 1653 divinis
1326 1560 1451 1684 dirigi.
1506 1577 1613 1658 Hinc
1636 1580 1690 1663 &-

47 1712 52 1724 ·
214 1686 382 1801 quando
399 1691 538 1772 erravit
554 1692 709 1775 Petrus.
735 1716 769 1773 ι.
793 1685 884 1774 Gal
911 1714 996 1771 non
1017 1687 1191 1771 instruxit
1214 1710 1304 1768 eum
1328 1683 1676 1802 persemetipsum,

214 1805 309 1915 quia
325 1804 366 1887 in
386 1806 609 1912 camateria
626 1806 758 1889 instrui
779 1828 937 1917 poterat
949 1806 1012 1887 via
1032 1802 1231 1888 communi
1245 1823 1292 1882 ac
1309 1800 1515 1893 ordinaria.
1575 1808 1698 1892 Hine

212 1917 328 2002 Deus
356 1919 398 2002 in
426 1911 556 2002 multis
581 1915 756 2031 personis
784 1925 825 2003 in
856 1944 1033 2004 extremo
1062 1914 1208 2025 judicio
1234 1902 1371 2028 puniet
1397 1911 1547 2003 multos
1569 1918 1679 2007 defe-

47 2048 51 2065 ’
123 2126 125 2130 ,
216 2036 302 2119 otus
324 2037 365 2115 δι
385 2056 560 2146 peccata,
588 2061 678 2119 cum
742 2035 856 2118 uibus
881 2060 1013 2119 tamen
1038 2036 1080 2116 in
1102 2030 1174 2115 hac
1193 2054 1333 2144 magna
1356 2027 1615 2121 familiaritate
1635 2063 1678 2123 u·

217 2142 280 2234 sus
307 2148 385 2245 est,
413 2154 453 2231 δι
488 2149 633 2262 quibus
665 2063 833 2233 mtlltum
864 2144 1086 2234 luminis&
1118 2149 1268 2231 virtutis
1304 2141 1495 2237 contulitt
1534 2153 1575 2233 δι
1600 2152 1679 2237 hoc

35 2360 41 2365 ,
119 2278 122 2283 “
215 2261 340 2358 ideo,
368 2266 461 2376 quia
487 2260 636 2348 confisae
663 2268 704 2348 in
730 2259 988 2349 familiaritate
1019 2291 1109 2347 cum
1132 2260 1229 2346 Deo
1258 2256 1390 2347 oblitae
1411 2258 1497 2349 sunt
1521 2268 1678 2354 aliatum

41 2404 44 2413 '
214 2373 517 2494 obligationum,
536 2371 714 2495 alioquin
740 2377 845 2466 bene
860 2377 1156 2494 perspeilatttm.
1664 2418 1667 2423 -

320 2602 492 2733 Regula
530 2631 576 2722 7.
637 2589 809 2701 Etiam
855 2595 1081 2733 personae
1136 2590 1384 2703 habentes
1424 2623 1677 2739 magnam

216 2758 346 2846 cum
392 2736 543 2845 DEO
564 2733 980 2846 ‚familiaritatem
1031 2735 1227 2847 habent
1246 2854 1249 2863 ,
1270 2743 1402 2865 suos·
1430 2737 1690 2864 defetlusa

212 2881 308 3115 gg
329 2914 473 3113 (Ῑιὲιοε1
496 2891 826 3111 {omittente
859 2880 1012 2992 DEO
1050 2884 1413 3021 decipiuntut.'
1479 2913 1595 2998 Patet
1623 2934 1678 2996 ex

215 3123 220 3133 ,
296 3054 328 3116 ts
384 3053 497 3143 egua
543 3086 555 3112 .
1108 3055 1109 3059 κ
1434 3082 1437 3089 .

230 3264 235 3272 ’
322 3229 494 3362 Regula
532 3243 579 3336 Β.
648 3220 784 3327 Vifio
818 3216 1160 3348 intelletiualis
1198 3240 1433 3330 vocatur,
1471 3251 1588 3359 quae
1622 3215 1679 3326 fit

219 3361 287 3475 ab
324 3376 500 3484 anima
531 3367 631 3472 fine
676 3376 1054 3502 cooperatione
1093 3368 1326 3472 sensuum
1357 3375 1679 3470 internorum

216 3533 312 3617 aut
357 3522 711 3617 externorum.'
794 3511 1202 3647 *Apparitionem
1260 3529 1440 3614 autem
1490 3506 1677 3614 intelle·

166 3734 168 3739 ,
219 3651 439 3760 &nalem
500 3684 671 3776 voco,
721 3685 824 3795 qua
875 3651 1114 3759 videntur
1158 3683 1220 3758 ea
1268 3649 1677 3771 intelleiwalitet,

2 3860 22 3908 x
92 3930 94 3934 Α
190 3828 335 3935 ,ηυω
380 3796 457 3906 ab.
492 3799 653 3907 oculis
712 3798 867 3906 videti
924 3793 1133 3934 poffunt
1187 3794 1358 3901 modo
1407 3792 1721 3935 corporali-

214 3934 608 4084 Perceptionem
641 3973 816 4050 retum
863 3971 1128 4046 novarum
1177 3963 1328 4046 antea
1371 3948 1672 4186 ignotarum
1719 3938 1721 3943 ’

1427 4092 1671 4221 erceptio
1706 4091 1721 4231 t

101 4117 103 4121 ’
214 4114 353 4192 voco
415 4086 782 4197 revelationem
856 4081 1258 4190 intelleiiualem.

1050 4288 1053 4295 ·
1553 4255 1674 4333 nem
