3796 4994
61 355 65 363 ,
227 284 299 413 42'
607 262 825 402 Eamnpla
855 254 1012 379 Revel.
1038 218 1297 402 difficilium.

231 482 321 575 suit.
403 477 474 569 Ad
496 473 739 594 refrigerium
777 476 873 563 veri)
905 478 1179 565 damnatorum
1212 474 1366 562 addunt
1394 476 1498 564 hanc
1531 480 1702 569 Noram.
1775 493 1778 497 ’

229 605 301 693 De
319 593 456 713 aliquo
474 593 678 711 refrigerio
699 595 892 683 damnatis
920 594 1016 679 dato
1052 593 1103 679 ad
1133 621 1269 707 preces
1297 594 1443 679 nostras
1467 592 1631 684 refertur
1660 604 1705 686 in

235 718 337 807 Vitis
354 720 527 814 Parrum,
552 716 591 796 dt
614 713 769 795 in'Vita
792 712 831 797 S.
850 710 1012 795 Macarii
1036 712 1229 907 AEgpptii,
1254 711 1505 812 15.Jtnuarii
1531 716 1576 800 C.
1597 728 1637 799 6.
1658 740 1705 800 u·

237 833 281 920 bi
310 835 349 918 in
384 830 503 913 Notis
539 821 616 911 lati
647 827 798 939 egimus
843 824 895 909 de
920 819 1030 909 fimili
1061 853 1104 910 re
1122 828 1264 938 rigerio
1293 826 1470 910 adduciis
1509 823 1707 917 sententiis

237 951 280 1039 S.
301 947 465 1052 Joannis
490 934 733 1039 Damasceni,
755 944 795 1024 dt
815 939 856 1024 S.
873 941 1037 1025 Thomae
1053 935 1291 1025 &aliorum
1347 938 1407 1024 lbi
1420 943 1515 1069 vepp
1532 950 1582 1028 D.
1593 949 1705 1031 Tho·

67 1114 69 1119 ·
242 1065 385 1149 masin
409 1091 449 1160 4.
472 1058 568 1143 Dist
593 1081 664 1162 45.
686 1054 774 1145 Art.
797 1085 835 1140 a.
859 1082 944 1140 non
972 1057 1154 1140 concedit
1180 1081 1318 1140 verum
1347 1052 1610 1171 refrigerium,
1636 1059 1705 1146 sed

243 1174 396 1263 tantum
423 1167 601 1259 solatium
628 1170 921 1284 phantasticum,
942 1159 1039 1256 sicut
1066 1175 1106 1254 δι
1132 1171 1342 1255 doemones
1365 1167 1581 1287 aliquando
1609 1203 1706 1290 gau·

246 1291 342 1379 dere
370 1289 551 1374 dicuntur
571 1284 736 1402 quando
759 1286 938 1370 homines
958 1284 1009 1369 ad
1034 1310 1193 1399 peccata
1214 1287 1452 1398 pertrahunt.
1510 1292 1589 1375 Sed
1612 1318 1708 1404 pos·

220 1404 301 1496 ‘set
322 1402 433 1492 aliter
450 1397 674 1517 responderi
707 1399 898 1500 dicendo,
921 1403 1036 1515 quod
1058 1396 1158 1499 illud
1176 1405 1323 1485 Manna
1347 1404 1496 1488 tantum
1522 1405 1712 1519 fignificet

246 1526 289 1611 in
316 1520 506 1607 damnatis
530 1511 706 1619 solatium
735 1515 941 1631 quoddam
968 1527 1192 1630 negativum
1214 1545 1263 1601 ex
1284 1523 1395 1629 perio
1427 1525 1486 1605 ica
1513 1519 1585 1606 suis
1607 1525 1708 1609 statis

181 1664 186 1669 ·
222 1634 493 1750 temporibus
527 1631 719 1719 redeunte
753 1632 1029 1718 recordatione
1069 1632 1121 1718 de
1150 1637 1313 1745 perusiis
1345 1633 1371 1717 b
1403 1640 1482 1720 nis'
1505 1640 1706 1750 operibuS,

242 1778 336 1867 quae
357 1746 480 1835 sciunt
503 1746 580 1834 esse
599 1742 763 1845 causam,
792 1746 907 1862 quod
926 1740 1065 1835 minus
1077 1770 1347 1864 torqueantur,
1363 1749 1484 1866 quim
1501 1753 1530 1840 fi
1547 1748 1707 1842 illorum

244 1862 342 1956 loco
362 1859 572 1984 posuissent
589 1888 711 1979 opera
726 1859 979 1979 peccaminos
994 1923 1008 1951 .

392 2055 438 2206 ξ.
471 2076 533 2182 ln
567 2077 687 2184 Vita
722 2077 849 2187 Ven.
887 2074 988 2181 ldae
1024 2098 1076 2187 ad
1110 2126 1174 2204 η.
1203 2096 1348 2215 Aprilis
1373 2105 1438 2191 C.
1472 2134 1508 2208 5.
1527 2134 1531 2144 ’
1551 2104 1707 2193 dicitur:

250 2219 409 2311 Eodem
429 2244 609 2332 tempore
630 2244 818 2332 magnum
851 2221 1021 2303 nimis&
1048 2217 1261 2301 vehemens
1286 2219 1515 2305 destderium
1538 2249 1608 2307 cor
1628 2219 1707 2307 san·

255 2343 325 2425 aa
348 2330 517 2421 mulieris
542 2334 800 2432 accenderat,
840 2334 999 2418 Infantis
1029 2330 1171 2415 Christi
1199 2330 1445 2452 corporalem
1474 2333 1709 2447 presentiam

255 2444 526 2650 corporalibus
551 2443 676 2647 oculiis
691 2442 1410 2649 mfflenffihlfmhlffdqu{ilesssmdclff
1429 2454 1571 2647 diligis,
1598 2448 1708 2587 obla.

237 2592 304 2769 des
323 2591 755 2786 rdrlrneanmtiltnmerlnudjus'
777 2591 1076 2764 orselte'filum'
1096 2589 1310 2763 duraverat.
1326 2593 1347 2649 e
1362 2592 1633 2794 ¹<Destint¹lgilllr
1651 2596 1710 2766 ll-

251 2708 347 2913 'gila
367 2795 590 2909 Epiphaniae
617 2788 795 2927 puellam·
818 2794 1018 2927 quandam
1042 2795 1230 2876 devotam
1256 2798 1344 2877 cum
1365 2789 1443 2908 ipsa
1497 2804 1712 2899 ernoeiate,

119 2988 122 2992 ,
255 2934 451 3029 quatenus
483 2909 534 2993 ad
562 2904 711 3023 vigilias
734 2932 940 2994 matunnas
970 2912 1012 2992 in
1041 2906 1166 2991 vicina
1193 2903 1359 2993 Ecclesia
1390 2825 1642 2998 celelrandas
1668 2939 1714 3001 ea

204 3024 208 3033 ’
256 3033 378 3113 node
400 3025 673 3139 procederent.
729 3026 873 3111 Nostis
901 3019 1195 3137 superveniente
1222 3019 1445 3136 crepusculo
1478 3029 1713 3114 constratum

256 3135 442 3231 sedulum
462 3139 652 3226 ambabus
670 3142 812 3253 pariter
830 3136 1113 3337 occupantibus
1129 3132 1195 3223 illa
1215 3139 1379 3252 quidem
1401 3140 1453 3225 ad
1476 3140 1715 3255 pausandum

257 3252 434 3361 membra
451 3251 683 3369 composuit.
739 3253 931 3342 Venerab'
954 3260 960 3270 '
983 3277 1114 3337 autem
1138 3252 1207 3337 Ida
1227 3260 1268 3336 in
1296 3254 1552 3344 meditatione
1576 3257 1630 3345 de
1654 3263 1716 3344 in·

253 3368 381 3459 sanna
404 3365 613 3457 Salvatoris
635 3363 903 3482 perseverante
922 3392 1027 3454 tanta
1048 3363 1246 3481 spititualis
1275 3366 1492 3458 dulcedinis
1512 3373 1716 3460 abundan-

255 3489 313 3575 tia
340 3490 422 3592 ejus
446 3512 557 3571 mens
575 3484 722 3597 repleta
746 3486 837 3599 est,
852 3509 917 3585 ut,
948 3511 1037 3569 cum
1062 3483 1193 3569 cordis
1222 3486 1393 3599 augustia
1414 3511 1538 3573 totam
1574 3514 1715 3603 capere

256 3598 344 3691 non
366 3593 537 3699 valeret,
573 3595 719 3712 singula
741 3605 917 3713 corporis
939 3597 1114 3686 membra
1134 3600 1274 3683 mirum
1298 3606 1340 3686 in
1359 3602 1526 3689 modum
1548 3606 1716 3719 grande·

257 3710 420 3815 scerent,
449 3721 488 3800 ἃ
516 3710 594 3802 sese
622 3741 702 3801 tarn
728 3709 941 3801 monstrosa
960 3712 1209 3830 grossitudine
1233 3709 1449 3820 dilatarent,
1478 3742 1521 3804 ut
1542 3747 1642 3807 unus
1665 3747 1715 3806 ex

212 3922 215 3927 ,
258 3829 429 3951 pedibus
467 3833 677 3936 inflationis
711 3830 935 3942 hujusmodi
963 3830 1124 3944 pondus
1156 3826 1258 3915 serre
1284 3861 1368 3918 non
1407 3829 1540 3919 valens
1567 3836 1714 3922 eodem

257 3965 439 4060 tempore
463 3974 534 4060 per
550 3947 724 4032 medium
744 3971 932 4059 creparet,
959 3972 1004 4031 ac
1022 3973 1092 4061 per
1113 3940 1234 4031 multa
1253 3949 1389 4059 postea
1406 3972 1629 4060 temporum
1652 3956 1714 4047 in,-

258 4056 419 4157 tervalla
444 4058 517 4171 sun
544 4055 707 4151 lesionis
725 4105 729 4113 ·
746 4064 935 4163 indicium
964 4088 1013 4148 ex
1041 4055 1203 4149 vulnere
1230 4063 1520 4152 demonstraret.
1589 4066 1714 4152 Vide·

1023 4224 1032 4248 κ
1648 4204 1711 4266 res
