3796 4994
608 255 912 355 Revelatiories
946 260 992 355 S.
1031 255 1274 357 Gertrudr'r.
1315 357 1342 387 χ
1558 288 1649 361 121

213 460 270 549 'est
298 454 400 546 lilius
421 483 531 544 meus
553 455 745 559 diledius,
773 466 813 545 in
837 488 922 575 quo
947 463 1042 550 mihi
1080 461 1186 547 bene
1209 454 1442 573 complacui.
1527 461 1655 570 Quod

210 583 251 662 8.
279 575 495 662 Gertrudes
529 574 618 657 vere
642 572 855 687 glorificata
877 573 993 660 fuerit
1019 583 1059 659 in
1087 603 1266 687 corpore,
1287 575 1458 686 &quod
1483 570 1548 658 illa
1564 572 1655 686 glo·

213 693 271 775 ria
293 688 443 772 tantiam
467 697 684 797 apparuerit
706 691 883 785 Christo,
908 717 991 772 non
1017 713 1147 772 autem
1176 688 1293 781 fuerit
1315 684 1467 772 visibilis
1492 684 1655 773 aliorum

216 797 518 907 oculis2videtur
533 804 712 886 otiosum.
741 801 819 886 Sed
832 803 958 912 potest
977 798 1213 914 responderi,
1227 812 1312 890 eam
1331 799 1654 995 glorificationem

214 912 324 1002 fuisse
340 912 488 998 tannim
504 919 544 997 in
566 915 706 1012 radice,
727 913 953 998 consistente
977 920 1138 1020 injure,
1162 913 1224 998 vel
1252 943 1331 1028 qua
1345 922 1438 999 itate
1467 914 1535 999 suo
1557 939 1656 997 tent·
1767 1006 1773 1034 ‚

212 1056 315 1228 [pre
333 1052 535 1137 operatura
550 1022 867 1138 glorificationem
883 1025 1083 1113 actualem.
1142 1027 1214 1114 Vel
1239 1031 1370 1141 potuit
1394 1032 1507 1112 etiam
1529 1035 1656 1110 abitra-

285 1137 514 1254 glorificatio
534 1144 680 1227 Sandae
697 1138 834 1226 servire
861 1143 1087 1229 humarutati
1109 1144 1250 1231 Christi
1272 1169 1346 1256 pro
1370 1142 1529 1251 objedto
1551 1136 1658 1226 dele·

214 1259 405 1343 diationis.

331 1439 383 1522 V.
441 1437 484 1520 L.
512 1464 553 1539 4.
582 1437 633 1522 C.
663 1444 700 1522 a.
754 1438 953 1547 Quoniam
982 1459 1024 1520 tu
1061 1434 1176 1522 ime
1212 1438 1450 1548 Imperatore
1487 1436 1657 1547 impera-

214 1552 289 1638 trix
314 1545 453 1634 effena
473 1551 527 1648 esi
550 1579 685 1634 omnes
703 1553 824 1663 princi
855 1577 895 1633 es
919 1554 997 1633 mei
1020 1546 1192 1636 coelestes
1214 1553 1267 1640 ita
1293 1550 1567 1662 obtemperant
1582 1574 1657 1634 tuae

215 1658 410 1773 voluntati
422 1719 436 1760 ‚
457 1665 570 1778 quod
592 1665 618 1747 st
637 1690 679 1747 tu
706 1691 776 1748 eos
800 1580 929 1776 abqua
948 1659 1076 1748 facere
1103 1667 1281 1772 juberes,
1311 1665 1434 1748 statim
1457 1664 1508 1747 ad
1529 1661 1658 1748 verisi-

218 1778 381 1862 candum
399 1776 516 1861 verba
538 1801 603 1860 tua
625 1773 867 1889 summopere
891 1777 1086 1861 studerent
1102 1805 1149 1862 ea
1171 1805 1258 1862 cum
1284 1772 1425 1859 summa
1445 1746 1657 1861 fesinario·

216 1917 269 1976 ne
287 1886 496 2004 complere.
582 1888 807 1976 Verostmile
831 1892 905 1988 est,
931 1887 1091 2002 angelos
1121 1916 1255 2004 praeter
1275 1883 1541 1974 inclinationes
1577 1886 1659 1979 suas

218 1999 405 2089 naturales
426 2032 508 2088 non
539 2004 682 2089 habere
713 2000 1002 2089 inclinationem
1028 2001 1190 2089 elicitam
1225 2001 1289 2089 seu
1318 2000 1479 2087 liberam
1505 2000 1571 2086 nist
1592 2027 1657 2085 eut

218 2113 437 2231 generalem
461 2117 511 2200 ad
530 2127 635 2202 adius
654 2120 898 2229 obedientiae,
915 2142 981 2202 aut
998 2114 1241 2230 particulares
1259 2119 1312 2202 ad
1329 2123 1435 2199 adius
1450 2113 1658 2199 substantes

217 2229 358 2430 {singnis
391 2232 555 2428 dedecens
578 2237 753 2347 cognitis.
836 2232 918 2318 Sed
947 2257 1111 2347 uterque
1147 2233 1288 2319 modus
1316 2231 1370 2317 est
1402 2223 1586 2345 possibilis
1617 2229 1660 2311 in

247 2405 259 2432 .
325 2368 426 2430 ertru
459 2372 492 2430 e.

332 2501 402 2584 VI.
454 2501 497 2583 1.
527 2526 566 2599 4.
595 2500 643 2585 C.
674 2528 713 2597 7.
752 2499 920 2585 christus
946 2495 1093 2586 elevata
1115 2524 1231 2584 manu
1259 2497 1369 2586 dedit
1386 2501 1571 2586 Geruudi
1589 2501 1661 2583 be-

193 2613 483 2721 mediationem
510 2618 550 2697 in
573 2615 652 2697 haec
675 2613 808 2698 verba:
845 2611 1131 2728 ¹Indulgentiam
1147 2619 1187 2696 δι
1209 2613 1461 2698 remissionem
1486 2618 1662 2700 omniurn
1702 2680 1707 2687 .

219 2751 468 2840 peccatorum
490 2727 621 2809 tribuo
640 2729 710 2810 tibi
735 2755 783 2811 ex
801 2725 1005 2815 visceribus
1030 2755 1123 2812 meae
1145 2730 1316 2840 gratuitae
1345 2731 1519 2838 pietatiss
1556 2731 1596 2811 δι
1620 2731 1662 2810 in

220 2869 349 2927 veram
375 2840 688 2925 emendationem
720 2846 894 2925 omnium
931 2836 1157 2926 deliciorum
1189 2864 1348 2927 tuorum
1380 2839 1567 2953 susciped
1598 2864 1663 2925 me

220 2956 322 3038 hanc
352 2956 424 3037 tibi
439 2959 648 3055 iniundam
672 2949 976 3051 satisfactionem,
1003 2979 1045 3040 ut
1074 2954 1254 3041 videlicet
1278 2981 1347 3067 per
1367 2979 1494 3040 torum
1518 2979 1660 3038 annum

219 3063 374 3180 lingulis
405 3067 544 3150 diebus
567 3065 738 3177 perficias
766 3064 931 3180 aliquod
963 3068 1112 3152 bonum
1138 3096 1238 3178 opus
1259 3071 1300 3151 in
1335 3073 1480 3154 unione
1510 3069 1661 3176 pietatis

221 3177 334 3280 illius,
354 3208 432 3293 qua
455 3208 531 3292 ego
549 3181 621 3264 ribi
639 3180 761 3264 remifi
782 3188 914 3264 omnia
930 3207 1105 3291 peccaras
1134 3187 1174 3263 δι
1193 3209 1342 3282 omnes,
1360 3185 1431 3294 qui
1447 3177 1584 3265 volunt
1604 3203 1661 3264 te·

222 3322 311 3378 curn
342 3291 557 3402 persolvere
583 3292 877 3382 satisfactionem
897 3297 969 3378 tibi
996 3300 1200 3398 infundam
1219 3291 1327 3378 fimul
1348 3322 1476 3380 recum
1494 3295 1663 3378 babeant
1691 3301 1694 3305 ’

222 3407 478 3495 remissionem
505 3413 682 3491 omnium
709 3434 955 3518 peccatorum
989 3404 1143 3494 suorum
1171 3434 1220 3490 eu
1260 3411 1333 3493 bac
1372 3436 1460 3493 mea
1500 3406 1662 3492 benedi·

223 3527 377 3609 &iones
418 3526 458 3603 δι
482 3520 533 3604 stc
553 3525 689 3606 iterum
721 3518 843 3635 longe
868 3519 1021 3606 extensa
1057 3546 1172 3606 manu
1200 3522 1311 3606 dedit
1332 3521 1663 3627 benedictionem.

223 3637 296 3719 lste
313 3631 457 3727 modus
483 3635 536 3718 est
555 3631 682 3719 multo
699 3641 886 3720 remotior
914 3632 1103 3749 ilegibus
1137 3635 1275 3721 divina
1304 3632 1491 3749 sapientire
1498 3697 1512 3738 ‚
1541 3634 1663 3748 quim

224 3753 395 3859 ptiorcsr
423 3753 516 3860 quia
541 3751 649 3832 Deus
670 3776 752 3832 non
780 3745 877 3833 solet
900 3744 994 3833 tales
1027 3743 1290 3834 absolutiones
1317 3775 1384 3834 aut
1405 3745 1664 3861 indulgentias

227 3857 424 3972 generales
459 3863 677 3951 concedere
704 3889 839 3974 prater
882 3863 1060 3948 ordinem
1095 3858 1296 3951 Ecclefiaer
1342 3861 1393 3948 stc
1426 3872 1530 3946 enim
1555 3864 1665 3946 lieret
1726 3857 1731 3865 ’

231 3970 477 4077 confusions!
501 3977 678 4059 homines
700 3972 851 4086 possent
877 3976 1032 4077 dicere,
1056 3975 1096 4064 se
1124 3977 1270 4063 babere
1294 3971 1576 4064 absolutionem
1600 3993 1668 4104 aut

329 4085 388 4172 D.
402 4087 447 4172 Ε.
458 4091 516 4175 A.
534 4085 578 4175 de
595 4085 770 4176 Reatini.
795 4089 899 4176 Pars
916 4089 972 4182 11.
1163 4096 1226 4205 Q
1604 4110 1665 4190 ¹1¹2
1697 4114 1732 4136 ·“
