3796 4994
354 301 456 431 246
738 255 1407 446 limichchgreduePars‘l.

354 530 486 595 autem
506 511 546 592 in
573 505 730 597 inferno
758 511 943 613 fuctum,
969 512 1123 601 Lucifer
1153 513 1312 630 collegit
1346 509 1555 599 concilium
1589 504 1805 624 plenarlut'n

357 628 531 707 omnium
551 624 798 729 doemonum,
823 656 993 742 cumque
1014 633 1059 712 iis
1086 625 1316 716 deliberavit
1339 628 1534 741 usquead
1552 624 1657 709 diem
1680 624 1807 726 Jovis,

337 737 654 849 ¹quibusmodis
675 735 713 824 se
729 738 880 853 possent
897 745 1092 849 vindicare
1107 746 1159 828 de
1176 741 1321 830 DEO?
1350 749 1389 825 &
1410 735 1634 824 conclusum
1648 736 1811 821 tandem

279 892 284 897 ·
333 848 435 959 ,ests
463 878 546 935 uon
569 848 657 937 fore
679 850 881 941 meliorem
903 858 1070 942 modum
1089 856 1292 959 injuriandi
1315 858 1471 952 DEum,
1490 851 1658 966 quamsi
1681 850 1813 933 homi·

357 964 497 1076 nesab
522 971 601 1066 ejus
622 993 768 1066 amore,
788 997 833 1054 ac
849 966 955 1055 finali
972 971 1157 1057 fruitione
1180 971 1497 1056 abstraherentur.
1575 965 1624 1051 ln
1646 959 1730 1061 boc,
1752 968 1811 1047 iu·

343 1156 361 1179 ,.
391 1075 524 1160 uiebat
542 1078 716 1183 Lucifer,
738 1079 951 1173 allaborare
982 1078 1176 1181 debemus,
1205 1110 1248 1169 ut
1279 1084 1542 1169 abstrahamus
1570 1081 1754 1165 homines
1785 1073 1810 1160 a

345 1292 351 1303 ι
407 1191 492 1272 ΕΟ.
511 1196 587 1276 διε.
624 1198 773 1281 Faciam
793 1194 1022 1283 disseminari
1040 1194 1194 1293 hareses
1216 1204 1289 1282 &c
1320 1199 1505 1281 thronum
1524 1219 1657 1278 meum
1682 1185 1812 1274 eleva-

360 1294 420 1383 bo
448 1297 558 1413 supra
585 1307 769 1394 thronum
790 1311 931 1397 Christi
954 1317 1029 1397 &o
1058 1316 1224 1397 Matrem
1253 1318 1334 1416 ejus
1358 1305 1509 1423 prorsus
1530 1306 1721 1394 destruam
1739 1309 1815 1388 &o

362 1412 433 1519 Eia
453 1414 659 1506 infernales
680 1417 793 1508 socii!
819 1419 1020 1538 sequimini
1036 1454 1101 1509 me
1118 1428 1312 1511 audimur.
1330 1430 1407 1525 δίς.
1586 1437 1590 1442 ’

485 1578 578 1652 125·
606 1554 734 1637 Finito
747 1555 828 1640 hoc
849 1554 1017 1641 concilio
1037 1556 1273 1641 doemonum
1290 1552 1444 1641 Lucifer
1463 1554 1575 1664 petiit
1592 1547 1707 1665 loqui
1727 1574 1817 1633 cum

304 1710 306 1715 -
347 1655 495 1756 ΒΕΘ,
518 1667 631 1774 quod
654 1670 693 1748 δι
711 1668 781 1780 ipli
799 1670 866 1754 die
888 1675 1001 1775 Jovis
1027 1669 1246 1755 concellum
1275 1672 1342 1754 cib
1425 1670 1490 1753 Sic
1517 1691 1648 1751 autem
1672 1659 1818 1748 allocu-

362 1794 429 1855 rus
452 1775 505 1857 est
527 1781 682 1864 DEum:
724 1783 817 1867 Cum
840 1794 919 1871 iam
947 1781 1109 1871 crudelis
1130 1788 1172 1872 t'n
1207 1810 1264 1870 me
1294 1785 1443 1895 fueris,
1481 1805 1651 1865 attamen
1689 1779 1819 1863 homi·

226 1994 231 2023 Ι
278 1966 285 1972 ,
367 1910 438 1987 nes
481 1894 657 1977 tentandi
699 1897 795 1981 mihi
845 1893 1040 1983 licentiam
1093 1906 1169 2003 lam
1212 1895 1468 1991 concesseris,
1515 1900 1728 2006 permitte,
1779 1911 1820 1974 ut

352 1999 525 2192 ‚tussim
579 2011 697 2095 etiarn
738 2033 890 2099 tentare
938 2014 1136 2099 Christum
1183 2019 1223 2097 δι
1272 2018 1353 2120 ejus
1390 2015 1557 2098 Matrem
1596 2010 1693 2129 totis
1732 2005 1820 2089 viri·

399 2139 456 2198 us.

361 2300 371 2343 z
498 2260 594 2331 126.
621 2250 819 2352 Dominus
837 2207 911 2368 ipfi
933 2192 1154 2367 respondit:
1189 2253 1332 2357 suan,
1351 2281 1428 2342 non
1449 2201 1560 2339 debu
1582 2246 1654 2338 boc
1675 2253 1824 2367 exigere

371 2356 478 2466 quast
486 2359 580 2472 jure
601 2363 674 2453 sibi
692 2366 882 2454 debitum.
909 2371 1084 2457 Christus
1104 2374 1207 2455 enim
1230 2374 1284 2454 cst
1303 2363 1566 2483 impeccabilis
1581 2369 1656 2451 διε.
1680 2370 1720 2448 &
1743 2368 1824 2471 ejus

359 2468 967 2702 affilgratuptmtgecregibpraeservare
992 2484 1043 2571 ab
1065 2489 1176 2573 omni
1196 2508 1385 2600 peccator
1420 2506 1465 2569 ut
1488 2477 1634 2567 nullam
1651 2503 1827 2593 unquam

354 2666 365 2679 ..
591 2621 654 2681 em
702 2623 723 2681 a
754 2624 831 2684 eas.

375 2788 379 2793 ·
483 2749 592 2839 't·e7.
621 2744 739 2827 Satan
756 2742 943 2856 reposuit:
972 2753 1075 2857 Quae
1094 2748 1149 2831 est
1166 2746 1249 2831 haec
1267 2741 1367 2830 illius
1396 2741 1566 2830 mulieris
1586 2739 1775 2837 sandius,
1803 2735 1831 2821 fi

362 2876 464 2936 non
482 2852 606 2938 habet
624 2862 890 2943 tentatorem?
918 2862 1036 2945 DEus
1056 2857 1273 2971 respondit:
1313 2866 1381 2942 Do
1409 2886 1507 2972 ergo
1530 2858 1604 2942 tibi
1630 2852 1827 2939 licentiam

323 3027 332 3033 -
380 2965 578 3052 Christum
604 2973 644 3052 &
666 2976 746 3077 ejus
764 2975 931 3058 Matrem
948 2975 1143 3064 tentandis
1182 2973 1249 3056 sed
1274 2975 1314 3057 in
1339 2976 1458 3058 vitam
1479 2997 1617 3056 eorum
1642 2964 1697 3053 nil
1721 2994 1832 3052 cotn-

312 3121 316 3129 ·
359 3082 524 3171 amittas»
604 3086 692 3167 Hac
715 3079 872 3172 licentii
889 3085 1044 3174 Lucifer
1070 3093 1191 3203 magis
1222 3081 1369 3199 gavisus
1402 3089 1478 3183 est,
1523 3111 1644 3199 quam
1677 3080 1831 3165 licentia

382 3192 558 3280 tentandi
577 3221 716 3281 omnes
739 3200 917 3286 homines
937 3198 1124 3316 reliquos.
1211 3208 1316 3287 ilinc
1334 3201 1406 3287 srbi
1428 3195 1500 3288 soli
1521 3195 1726 3285 reservavit
1748 3201 1833 3281 teh-

380 3312 574 3394 rationem
589 3310 732 3398 Christi
753 3318 795 3397 δι
814 3319 895 3420 ejus
916 3319 1064 3403 Matris.

506 3489 600 3563 1²8·
628 3470 681 3555 Er
708 3464 805 3556 date
835 3467 929 3581 fimi
960 3467 1106 3557 mulieri
1144 3466 1214 3555 usu
1240 3467 1322 3555 dua
1352 3465 1483 3582 apulsa
1512 3491 1665 3665 mrigera.
1751 3469 1836 3551 Una

384 3574 445 3666 ala
467 3574 542 3662 fuit
561 3582 729 3669 scientia
745 3589 790 3670 B.
817 3587 970 3698 Virgini
991 3580 1136 3675 infusas
1177 3583 1296 3668 altera
1316 3609 1445 3670 autern
1475 3578 1534 3667 ala
1575 3586 1629 3665 uit
1651 3586 1734 3683 eius
1759 3581 1830 3662 hu·

202 3780 208 3789 ,
239 3750 245 3764 ,
387 3688 541 3779 militas.
560 3788 563 3795 ¹
600 3700 671 3782 His
690 3698 842 3783 duabus
861 3701 929 3782 alis
948 3696 1109 3789 volabat
1125 3723 1313 3813 tanquam
1338 3695 1469 3811 aquila
1492 3696 1544 3780 ad
1565 3698 1721 3792 DEum‚
1746 3718 1834 3777 cum

161 4064 167 4076 ·
257 4042 259 4047 ’
362 4056 481 4129 'toto
509 4048 595 4128 vitae
616 4062 821 4159 tempore,
856 4041 1059 4154 praesertim
1087 4036 1238 4127 ultimo.
1321 4047 1370 4128 Et
1403 4045 1484 4125 hoc
1517 4038 1750 4150 fignificutur
1772 4063 1838 4148 per

369 3836 475 3924 'quo
495 3813 694 3923 perpetub'
713 3813 912 3898 habitabat
932 3839 1118 3929 tanquam
1147 3809 1325 3910 solitaria,
1350 3813 1519 3924 separata
1542 3810 1591 3894 ab
1618 3815 1727 3895 omni
1746 3804 1838 3892 affe·

381 3934 455 4012 bru
475 3950 644 4026 terreno,
669 3933 709 4012 δι
735 3929 852 4014 rebus
880 3933 1025 4013 creatis
1111 3930 1252 4012 ln'hac
1272 3923 1480 4012 solitudini
1504 3922 1636 4009 cordis
1655 3924 1838 4008 habitavit

1779 4146 1840 4233 illa
