3796 4994
580 332 779 479 Revelat.
799 330 852 428 de
875 326 1063 464 Agreda.
1080 336 1192 428 Pars
1212 338 1292 434 III.
1370 407 1373 412 -
1470 462 1473 475 Ι
1549 361 1653 464 429

223 572 228 578 ’
334 566 428 636 192.
467 533 763 648 Quamprimum
789 539 835 621 B.
859 537 928 622 Vir
955 562 982 619 o
1015 538 1202 647 cognovit
1230 537 1488 647 captivitatem
1508 534 1547 620 8.
1569 536 1656 618 Ste·

213 657 350 767 phani,
363 656 482 736 statim
501 647 557 734 illi
576 649 673 735 misit
694 646 799 732 snum
826 559 1020 762 angelum,
1041 674 1082 733 ut
1100 675 1189 732 eum
1210 655 1407 733 animaret.
1465 654 1539 733 Per
1560 674 1656 731 eun·

215 771 307 865 dem
329 760 507 878 angelum
535 760 590 848 illi
614 761 810 874 respondit
829 765 869 847 8.
890 762 1119 874 Stephanus.

249 881 252 884 ’
334 911 425 982 ¹93·
453 885 497 962 B.
519 882 640 990 Virgo
668 881 869 988 genuflexa
886 871 1087 988 proposuit
1105 878 1198 960 Deo
1216 871 1324 960 suum
1347 876 1573 965 desiderium
1597 908 1657 965 as·
1727 905 1734 916 ’

213 993 366 1082 srstendi
390 996 428 1078 8.
447 992 646 1104 Stephano
663 995 703 1074 in
725 1014 895 1075 extrema
914 991 1024 1103 hora.
1080 996 1193 1074 Tunc
1230 993 1342 1078 Deus
1376 991 1476 1077 mifit
1505 1019 1527 1075 e
1551 991 1655 1080 coelo
1779 1044 1786 1051 ·

170 1211 171 1215 p
215 1103 389 1221 angelos,
414 1110 543 1219 quiin
568 1103 675 1188 nube
701 1099 900 1214 splendida
920 1087 1041 1189 slatsm
1064 1127 1314 1215 portaverunt
1335 1112 1377 1189 Β.
1398 1111 1599 1218 Virginem
1615 1112 1657 1193 itt
1810 1144 1815 1153 ·

215 1217 450 1320 Concilium,
471 1220 538 1305 ubi
560 1222 599 1303 8.
619 1220 834 1328 Stephanus
855 1216 974 1303 stabat
997 1244 1126 1302 coram
1147 1212 1219 1302 suis
1242 1218 1445 1321 iudicibus.
1505 1229 1657 1331 Quam·

218 1343 274 1421 vis
293 1360 420 1421 autem
444 1333 468 1419 a
487 1331 677 1440 judicibus
698 1357 777 1414 non
796 1326 910 1413 fuerit
930 1331 1006 1414 visa
1024 1337 1068 1418 B.
1092 1335 1242 1444 Virgo,
1265 1328 1332 1416 sed
1354 1334 1378 1418 a
1405 1330 1491 1420 solo
1511 1337 1551 1418 8.
1568 1338 1655 1421 Ste-

216 1453 369 1647 phanos
398 1445 500 1532 visus
513 1471 642 1532 tamen
663 1443 712 1527 ab
732 1447 778 1528 iis
803 1446 855 1528 est
872 1440 1066 1557 splendor,
1088 1449 1159 1561 qui
1176 1471 1224 1530 ex
1243 1449 1285 1533 B.
1300 1451 1461 1563 Virgine
1485 1451 1658 1536 reflecle·
1711 1580 1718 1588 ἡ
1874 1492 1881 1507 ·

246 1589 330 1648 atur
348 1567 387 1648 in
416 1557 564 1646 vultum
588 1562 627 1644 8.
652 1559 853 1671 Stephani.

336 1705 428 1777 195·
472 1673 647 1780 Quando
665 1675 715 1758 8.
739 1673 958 1785 Stephanus
987 1677 1108 1785 coepit
1138 1673 1254 1759 educi
1275 1675 1324 1759 ad
1342 1670 1487 1778 locum,
1506 1685 1547 1765 in
1569 1710 1655 1796 quo

218 1787 309 1876 esset
332 1787 588 1901 lapidandus,
615 1793 660 1872 Β.
686 1789 809 1899 Virgo
835 1787 924 1872 data
951 1811 1123 1872 materna
1144 1786 1420 1875 benedictione
1450 1799 1485 1876 ei
1512 1793 1658 1882 valedi-

215 1908 295 1991 xir;
321 1898 466 2013 angelis
485 1925 613 1984 autern
636 1898 707 1984 suis
733 1899 913 1986 omnibus
965 1905 1131 2012 racepit,
1155 1926 1196 1985 ut
1213 1905 1252 1985 8.
1271 1905 1507 2015 Stephanum
1534 1913 1660 1996 corni·
1738 1993 1742 1997 ,

215 2015 449 2132 tarenturad
464 2019 703 2126 Martyrium.
761 2015 867 2100 Cum
891 1930 967 2125 ipsa
988 2038 1082 2108 tunc
1095 2013 1228 2100 mansit
1243 2020 1375 2102 unicus
1399 2047 1445 2103 an
1476 2018 1572 2120 elus,
1589 2028 1659 2138 qui

219 2156 304 2215 earn
326 2156 413 2214 cum
437 2123 580 2242 angelis
603 2129 625 2213 ὲ
646 2121 751 2212 coelo
776 2123 954 2214 submissis
976 2135 1187 2241 reportavit
1212 2135 1251 2212 in
1275 2049 1549 2221 Coenaculum.
1642 2114 1665 2189 ,¹

340 2273 429 2344 197.
476 2245 615 2326 Anima
642 2244 681 2324 8.
703 2242 888 2354 Stephani
910 2243 1083 2327 manibus
1111 2237 1336 2355 angelorum
1359 2272 1512 2358 portata
1543 2251 1661 2338 estin

216 2354 350 2442 locum
374 2352 504 2469 gloriae
533 2358 701 2439 vicinum
734 2356 958 2440 humanitati
990 2356 1143 2459 Christi.
1224 2359 1278 2440 Ea
1298 2364 1341 2445 Β.
1360 2366 1482 2475 Virgo
1505 2365 1601 2451 vidit
1619 2370 1661 2451 in

217 2469 367 2584 spiritur
401 2475 440 2553 dr
467 2493 675 2585 propterea
693 2473 856 2552 cantavit
879 2495 966 2552 cum
988 2464 1134 2580 angelis
1155 2471 1329 2553 Cantica.
1783 2474 1789 2482 ’

339 2605 431 2688 198.
459 2585 498 2665 8.
517 2584 733 2692 Stephanus
755 2577 945 2691 lapidatus
966 2578 1039 2666 fuit
1065 2594 1129 2666 26.
1147 2583 1397 2682 Decembris,
1419 2608 1522 2671 anno
1543 2594 1661 2676 artatis

218 2699 292 2786 suae
320 2725 384 2800 34·
403 2702 441 2778 δι
467 2721 571 2778 anno
600 2725 650 2798 34
670 2695 757 2805 posi
781 2696 1032 2780 Nativitatem
1051 2695 1217 2795 Christi3
1253 2720 1372 2781 natus
1394 2695 1468 2782 'firit
1488 2720 1569 2787 uno
1593 2707 1661 2790 die

219 2814 309 2926 post
326 2809 489 2895 eandem
510 2811 774 2906 Nativitatem.
841 2812 978 2894 Preces
998 2815 1039 2894 B.
1063 2812 1228 2923 Virginis
1251 2815 1290 2894 δι
1310 2811 1350 2897 8.
1374 2815 1562 2924 Stephani
1584 2819 1660 2903 ob·

219 2932 416 3012 tinuerunt
443 2928 557 3008 etiam
577 2918 866 3006 conversionem
887 2918 1005 3006 Sauli.

339 3067 434 3138 203.
461 3065 556 3135 204.
586 3033 739 3119 Lucifer
757 3032 904 3137 videns,
916 3036 1029 3146 quod
1044 3044 1086 3121 Β.
1105 3039 1229 3150 Virgo
1245 3037 1427 3123 adstiterit
1443 3033 1481 3124 8.
1498 3044 1661 3155 Stepha-

218 3180 291 3249 no,
316 3175 510 3236 convocat
531 3151 750 3244 doemones,
770 3172 921 3260 eosque
939 3147 1243 3262 src'alloquitur:
1267 3156 1389 3236 Totus
1410 3150 1488 3237 sum
1512 3183 1662 3267 peruu-

220 3268 332 3350 batus
359 3312 377 3331 ·
432 3265 499 3349 Ad
524 3288 641 3357 arma,
663 3261 714 3345 ad
737 3282 853 3357 arma,
884 3288 911 3344 o
939 3263 1059 3358 Socii,
1083 3269 1293 3350 excitemus
1305 3265 1463 3366 Judaeos
1488 3316 1508 3334 -

338 3408 432 3481 205.
460 3384 657 3487 Tempore
676 3378 787 3481 hujus
809 3369 1082 3486 persecutionis
1106 3404 1157 3476 72
1186 3376 1370 3489 Discipuli
1386 3377 1594 3492 sugeruntr
1623 3412 1664 3472 a·

219 3489 364 3687 postpli
391 3517 518 3575 tamen
546 3485 831 3603 permanserunt
848 3485 1085 3589 Jerosolr'mis
1112 3518 1201 3576 cum
1226 3499 1268 3578 Β.
1291 3497 1463 3606 Virgine,
1483 3506 1663 3612 quamvis
1790 3502 1797 3517 ’

166 3653 171 3673 ·
220 3609 388 3694 occure.
1074 3676 1081 3682 .
1195 3683 1201 3692 .

339 3731 435 3803 206.
483 3715 671 3828 lapidato
694 3719 734 3801 Β.
753 3715 953 3827 Stephano
980 3718 1023 3798 Β.
1041 3720 1162 3829 Virgo
1182 3716 1278 3825 jusit
1302 3731 1393 3805 eum
1421 3719 1587 3834 sepeliri,
1620 3732 1662 3819 Βι

221 3831 292 3919 srbi
316 3835 510 3945 apportari
539 3838 619 3935 ejus
643 3856 818 3925 crucem,
856 3856 974 3941 quant
1011 3856 1120 3916 more
1143 3836 1320 3917 omnium
1340 3830 1513 3919 fidelium
1532 3834 1664 3925 secum

219 3946 418 4030 habuerat.
490 3948 722 4031 Nominavit
741 3971 830 4029 eum
850 3948 963 4031 etiarn
984 3944 1178 4065 Sanctum,
1200 3952 1240 4031 δι
1257 3945 1354 4054 iussit
1373 3949 1508 4034 cicadis
1529 3948 1664 4066 colligi

222 4066 306 4166 ejus
335 4057 567 4173 sangtunem.
1208 4162 1213 4168 ι
1470 4139 1475 4147 ,

941 4164 1069 4255 osihh
1098 4195 1119 4273 3
1303 4240 1309 4250 .
1566 4207 1664 4285 ²07·
1779 4202 1782 4208 ·
