3796 4994
594 343 793 452 Revelat.
814 315 867 441 dc
881 342 1070 478 Agreda.
1090 350 1202 493 Pars
1222 349 1280 442 11.
1492 347 1521 416 θ
1556 371 1651 471 401

209 540 271 644 la,
294 540 436 658 quibus
456 542 617 631 durante
636 546 805 660 passione
831 543 1051 641 conseruata
1071 547 1159 635 fuit.
1231 538 1374 633 Omnia
1398 570 1548 640 aurem,
1574 572 1662 657 quae

216 659 308 772 passi
323 656 408 745 suut
425 658 541 747 sandi
559 663 764 774 Martyres,
790 669 829 747 δι
852 661 915 748 alii
932 690 1107 749 extremo
1128 656 1315 774 supplicio
1334 657 1460 745 affecti
1476 660 1526 743 ab
1548 663 1661 745 initio
1721 692 1724 699 ·

218 772 368 906 mundi,
392 801 476 859 uun
494 798 650 890 equant
682 802 750 875 ea,
781 800 870 892 quae
890 783 937 864 B.
961 783 1085 893 Virgo
1114 773 1218 893 passa
1248 777 1361 863 estin
1381 758 1552 890 paffiond
1574 777 1662 858 Do·

215 914 324 973 ιιιιι.
763 924 767 929 ·

339 1027 463 1103 1400.
503 992 598 1087 Sola
628 1003 752 1088 Maria
778 999 965 1089 intellexit
996 1004 1265 1092 testamentum
1294 1001 1435 1090 Christi
1449 1005 1498 1086 ‘in
1517 999 1662 1097 Cruce,

219 1120 314 1227 quia
335 1139 416 1200 erat
436 1120 566 1201 Haeres
592 1144 641 1202 ex
667 1112 764 1214 asse,
790 1122 828 1201 dr
852 1119 1027 1203 Domina
1048 1122 1230 1204 omnium
1254 1141 1485 1203 creatorum.
1540 1114 1589 1198 Et
1617 1113 1663 1198 sr-

223 1249 289 1312 cut
302 1225 375 1312 fuit
394 1230 608 1338 coadjutrix
623 1231 917 1344 redemptionis,
938 1237 992 1317 ita
1015 1235 1129 1319 etiam
1143 1230 1217 1318 fuit
1243 1235 1438 1318 executrir'r
1459 1228 1664 1315 testamen·
1880 1326 1895 1353 θ

222 1345 274 1431 tis
302 1345 342 1427 iu
361 1339 463 1429 illius
479 1368 614 1433 manus
639 1349 771 1430 omnia
796 1342 967 1458 reposuit
982 1342 1105 1450 filius,
1133 1347 1227 1434 ficut
1249 1350 1362 1433 Pater
1394 1347 1525 1430 omnia
1554 1340 1666 1426 dedit
1791 1449 1796 1454 ι

221 1459 264 1540 in
287 1482 423 1541 manus
444 1453 525 1545 filii.
582 1464 657 1544 Per
680 1453 780 1544 illius
802 1487 898 1574 ergo
935 1480 1080 1546 manus*
1094 1463 1231 1547 debuit
1250 1462 1472 1545 executioni
1491 1456 1665 1563 mandari

222 1566 357 1655 ultima
374 1566 556 1657 voluntas
581 1574 804 1669 Christis&
821 1577 871 1657 ab
892 1601 939 1660 ea
958 1573 1161 1688 dispensari
1186 1573 1406 1660 debuerunt
1425 1597 1562 1655 omnes
1581 1569 1665 1653 the·
1754 1678 1757 1683 Ι

221 1679 317 1768 sauri
341 1680 423 1769 filio
442 1685 575 1772 debiti.
662 1690 754 1771 lloc
773 1691 826 1771 ita
842 1690 936 1773 milri
955 1686 1029 1773 suit
1050 1685 1263 1775 revelatum
1282 1712 1465 1798 tanquam
1485 1708 1572 1797 pars
1594 1684 1665 1767 hu·

219 1806 280 1906 jus
303 1799 489 1899 Historiae,
517 1822 560 1883 ut
584 1825 811 1913 peccatores
830 1800 881 1886 ad
907 1828 994 1887 eam
1020 1799 1260 1915 confugiant,
1270 1824 1456 1914 tanquam
1479 1797 1531 1880 ad
1547 1821 1665 1908 gazo·-

221 1906 472 2024 pbylacium‚
491 1915 533 1995 in
557 1940 642 2026 quo
660 1941 800 1999 omnes
835 1910 996 2001 thesauri
1018 1918 1176 2030 reposti
1194 1917 1295 2004 suuts
1323 1918 1418 2028 quia
1439 1913 1569 1994 omnia
1592 1928 1665 1994 noa
1809 2018 1812 2023 Ι

223 2020 460 2109 stra'auxilia
484 2024 510 2112 a
530 2030 653 2112 Maria
670 2027 833 2114 debent
857 2030 1094 2142 ponderari,
1119 2035 1159 2115 dc
1184 2055 1255 2144 per
1272 2032 1361 2138 ejus
1371 2051 1505 2113 manes
1525 2019 1667 2143 libera·

221 2131 279 2224 les
299 2166 346 2224 ac
363 2155 552 2223 maternas
576 2141 762 2228 distribui.

345 2282 465 2352 1401.
508 2254 735 2368 Antequam
773 2257 949 2342 Christus
983 2259 1025 2341 irr
1056 2258 1187 2344 Cruce
1224 2255 1490 2370 pronuntiavit
1521 2247 1667 2367 septem
1802 2356 1805 2361 Δ

223 2365 369 2464 Verba,
391 2365 547 2453 locutus
577 2371 700 2453 estad
722 2375 895 2468 Patrem,
918 2375 958 2453 dc
979 2371 1159 2457 condidit
1175 2376 1266 2456 Hoc
1281 2362 1594 2455 Testament'umr
1620 2413 1640 2431 ·

223 2479 331 2565 Clam
352 2489 427 2585 jam
457 2481 635 2593 aprimo
664 2508 868 2568 momento
895 2510 990 2569 meae
1020 2487 1305 2598 conceptionis
1333 2483 1428 2566 mihi
1459 2474 1669 2565 contuleris

226 2619 434 2680 commune
464 2596 682 2681 dominium
711 2602 753 2682 in
793 2623 931 2681 omnes
959 2596 1148 2684 creaturas
1184 2622 1262 2683 tam
1298 2600 1337 2681 in
1362 2594 1504 2680 ordine
1529 2595 1670 2707 gratia,
1775 2693 1779 2697 .

227 2707 346 2818 quam
361 2715 548 2794 naturae·
575 2714 616 2793 δι
639 2715 732 2823 quia
752 2737 817 2795 me
834 2709 954 2794 fecisti
973 2737 1105 2824 regem
1124 2706 1227 2808 coeli,
1250 2707 1546 2805 elementorum,
1566 2701 1670 2805 solis,

228 2816 341 2919 lune,
360 2829 399 2904 ἃ
422 2819 624 2922 stellarum,
642 2831 681 2908 dr
698 2829 811 2938 ignis,
840 2831 880 2908 dc
900 2829 1011 2925 aeris,
1026 2850 1148 2923 terra,
1170 2851 1358 2937 aquatum
1378 2828 1417 2905 dc
1439 2828 1622 2906 fluduum
1650 2867 1670 2885 ·
1793 2870 1804 2897 ι

229 2936 362 3020 Primb
379 2931 489 3035 volo,
502 2961 545 3021 ut
562 2962 648 3023 mea
669 2964 792 3023 mater
810 2936 853 3023 srt
866 2965 952 3024 mea
965 2945 1077 3026 unica
1094 2933 1336 3054 &generalis
1355 2939 1476 3022 haeres
1494 2937 1671 3019 omniurn

230 3076 410 3134 meorum
433 3050 633 3137 bonorum
656 3077 812 3149 naturae,
834 3057 982 3167 gratiam
1008 3059 1049 3139 dc
1075 3050 1219 3168 gloria,
1241 3076 1284 3137 ut
1307 3077 1353 3135 ea
1375 3047 1567 3137 illimitato
1596 3046 1671 3130 do·

230 3168 352 3248 rninio
371 3162 573 3276 possideat,
594 3190 637 3252 ut
652 3167 839 3254 Domina.
894 3164 967 3280 lpsr
986 3163 1215 3254 transscribo
1238 3167 1383 3275 omnia,
1402 3190 1491 3278 quae
1512 3188 1554 3246 ut
1575 3172 1671 3274 pura

232 3301 405 3362 creatura
422 3278 609 3366 debonis
631 3285 759 3394 gratia
774 3283 946 3394 recipere
972 3283 1112 3394 potest.
1159 3276 1299 3382 .Volo,
1328 3302 1370 3363 ut
1387 3304 1525 3363 omnes
1542 3267 1671 3388 angeli

231 3396 274 3475 dr
294 3393 473 3477 homines
493 3400 575 3493 iure
593 3400 836 3508 proprietatis
854 3395 905 3478 ad
926 3421 1015 3482 cam
1064 3399 1289 3490 estimant,
1306 3391 1358 3477 sic
1378 3414 1421 3475 ut
1446 3393 1498 3476 de
1515 3392 1559 3472 iis
1588 3372 1675 3472 taul

266 3530 354 3590 uarn
376 3501 531 3590 adlualis
556 3513 726 3594 Domina
746 3505 949 3621 disponere
961 3538 1015 3622 po
1044 3532 1087 3616 rr,
1108 3514 1148 3593 dr
1172 3503 1228 3593 illi
1246 3530 1384 3592 omnes
1399 3504 1467 3619 ipsi
1489 3503 1559 3591 srnt
1574 3502 1674 3588 obe·

231 3533 385 3704 dientes
412 3647 458 3704 ac
481 3619 637 3706 subditi.
721 3617 894 3708 Similem
917 3622 1184 3710 obedientiam
1208 3617 1277 3734 ipfi
1300 3618 1506 3705 exhibeant
1536 3635 1675 3704 omnes

232 3728 470 3820 irrationales
488 3758 681 3838 creaturae,
703 3733 808 3832 coeli,
823 3733 1001 3850 planeta,
1021 3741 1061 3820 dc
1083 3732 1274 3822 elementa
1291 3761 1378 3819 cum
1401 3730 1584 3818 omnibus
1600 3757 1676 3816 vo·

233 3843 416 3945 luctibus,
445 3845 609 3962 piscibus
635 3898 653 3917 ·
680 3845 955 3963 pariter-volo,
969 3874 1013 3935 ut
1034 3844 1113 3962 ipsa
1129 3849 1173 3938 fit
1190 3849 1437 3967 gubernatrix
1457 3852 1497 3929 dc
1521 3840 1675 3957 dispen·
1730 3860 1738 3871 “

234 3959 347 4046 latrix
377 3967 572 4069 omnium⁴
586 3963 813 4063 bonorum,
841 3992 929 4078 quar
967 3969 1216 4056 continentur
1245 3966 1288 4046 in
1306 3956 1412 4048 coelo
1435 3963 1680 4045 &interra
1735 3993 1746 4023 ··

234 4075 449 4190 Quidquid
468 4073 544 4190 ipsa
558 4081 599 4161 in
617 4073 782 4164 Ecclesia
804 4084 902 4162 circa
930 4080 1118 4167 homiues·
1134 4078 1391 4178 ordinaverim
1432 4071 1677 4179 confirmabi·

350 4189 413 4281 D.
434 4190 483 4278 Ε.
501 4194 560 4280 A.
579 4188 625 4281 dc
644 4188 821 4283 Revelal.
841 4191 945 4282 Pars
962 4192 1021 4296 ΙΙ,
1214 4193 1321 4293 Bes
1615 4210 1679 4276 tur
