3772 4988
63 841 66 847 1
205 710 322 804 festa.

199 300 310 409 '344
475 242 477 246 Α
583 220 785 386 lieveirt.
802 283 855 384 de
878 284 1067 422 Agreda.
1089 291 1199 384 Part
1214 286 1269 385 is.

206 507 283 584 tur,
307 489 346 572 dt
368 510 409 574 te
431 487 598 578 instruat.
658 494 848 580 Domina
871 489 947 609 ipsa
970 493 1228 578 testimonium
1245 485 1428 603 perhibet
1448 483 1503 573 de
1522 480 1587 572 sua
1604 510 1664 571 ve

205 606 331 701 ritate,
352 609 388 687 ἃ
413 629 555 690 certam
583 630 623 692 te
644 608 774 696 reddit
796 610 848 696 de
872 622 949 719 ey'us
971 611 1148 704 authore,
1176 611 1269 721 quia
1295 607 1349 690 est
1371 600 1500 688 sancta
1522 607 1564 686 ἃ
1587 628 1668 715 pet·

294 940 297 945 .
327 884 423 966 728.
451 873 494 952 li.
514 872 563 956 V.
576 866 679 983 palla
699 872 753 956 est
776 870 854 968 (ob
879 869 1073 972 eiusmodi
1095 862 1380 965 desolationes)
1405 865 1553 951 dururn
1571 867 1670 949 Mat·

136 1070 139 1075 .
208 987 365 1091 tyrium,
391 981 509 1096 quale¹
544 987 751 1101 hucusque
781 1016 856 1070 nec
887 980 1083 1097 angelicus
1124 1011 1197 1067 nec
1235 985 1426 1065 humanus
1456 975 1672 1065 intelledus'

212 1098 526 1207 comprehendit.
608 1106 732 1188 Maria
758 1097 838 1186 sola
869 1106 994 1212 attigit
1025 1097 1216 1183 summum
1249 1102 1457 1192 verticem,
1482 1121 1670 1209 quantum

210 1236 315 1409 purae
340 1240 518 1299 creatura
541 1218 594 1301 est
610 1210 800 1329 poffibile.
886 1218 969 1327 Ipsa
989 1209 1067 1297 sola
1091 1211 1232 1298 sciebat
1256 1216 1295 1294 δι
1322 1234 1482 1324 poterat
1507 1204 1669 1296 tolerare

241 1352 293 1415 oc
319 1333 562 1440 Martyrium,
591 1335 631 1416 in
654 1359 739 1444 quo
767 1327 967 1447 superabat
993 1336 1126 1415 omnia
1149 1322 1332 1442 supplicia
1359 1330 1607 1442 Martyrum,
1633 1328 1669 1409 dt

209 1442 445 1529 austeritates
473 1443 761 1556 Consafforum.

331 1626 427 1696 729.
443 1627 542 1703 730.
565 1599 741 1711 Triginta
762 1589 903 1681 ¹diebus
930 1594 1094 1680 durabat
1122 1596 1206 1679 bac
1230 1587 1424 1678 desolatio
1436 1654 1451 1695 ,
1473 1599 1548 1708 qui
1570 1593 1668 1680 vide·

212 1706 355 1795 bantur
373 1712 442 1821 ipsi
467 1739 624 1799 centurn
648 1717 753 1797 anni.
836 1705 966 1796 Sernes
992 1737 1078 1793 cunt
1104 1704 1297 1794 lachrimis
1321 1710 1516 1822 prostrata
1535 1711 1589 1794 ad
1634 1737 1668 1794 c·

213 1824 285 1910 des
304 1829 422 1930 JESU
449 1827 569 1913 dixit:
617 1830 658 1912 Si
678 1823 825 1940 deliqui
847 1830 889 1910 in
911 1850 983 1910 tuo
1005 1820 1183 1921 servitio,
1208 1825 1296 1936 post
1316 1850 1446 1908 meam
1467 1741 1668 1911 confedo-

214 1967 307 2025 nem
336 1946 430 2052 puni
460 1970 545 2028 eam
575 1938 880 2053 negligentiam,
918 1967 966 2024 ac
1003 1941 1094 2025 dein
1123 1935 1293 2050 ignosce.
1318 1990 1335 2008 ·
1396 1941 1500 2024 Non
1527 1936 1667 2056 surgant

213 2054 337 2143 ituit
354 2058 534 2167 pedibus,
556 2057 686 2140 donec
707 2051 809 2139 clare
833 2054 987 2140 videam
1017 2049 1213 2165 speculum
1245 2056 1382 2138 animae
1409 2079 1521 2140 meae.
1607 2052 1664 2139 Ad

211 2168 295 2267 haec
321 2171 441 2254 verba
458 2166 573 2283 plena
592 2166 774 2283 sapientia
798 2174 839 2251 bc
863 2194 998 2254 amore
1025 2169 1123 2254 dixit
1145 2170 1325 2272 JESUS:
1376 2170 1530 2283 Surge,
1556 2195 1667 2255 mater

211 2308 316 2369 mea.
403 2286 509 2370 Dein
536 2287 660 2370 statim
679 2306 785 2396 rapta
808 2288 849 2367 in
873 2280 1044 2380 Edastn,
1068 2288 1109 2369 in
1132 2309 1214 2396 qua
1245 2283 1345 2369 uidit
1368 2287 1598 2371 immediata
1616 2289 1665 2369 vi·

37 2505 43 2515 ἢ
212 2395 322 2484 sione
344 2396 522 2487 intuitivas
542 2402 686 2484 Deum.
744 2401 812 2484 SS.
833 2401 1000 2482 Trinitas
1028 2396 1205 2512 tuncipfi
1227 2396 1423 2512 promisit,
1446 2400 1569 2514 quod
1586 2394 1667 2485 esstt

213 2510 344 2601 fututa
373 2519 496 2628 prima
517 2509 700 2629 discipula
720 2513 854 2612 Verbi,
876 2517 915 2597 δι
939 2516 1056 2628 quod
1075 2536 1159 2598 tota
1189 2540 1296 2598 nova
1322 2515 1405 2599 Lex
1434 2512 1533 2601 esset
1552 2515 1666 2602 inscri-

211 2626 345 2714 benda
368 2634 408 2714 in
432 2640 514 2736 ejus
547 2631 695 2726 corde,
724 2653 766 2713 ut
795 2623 872 2741 ipsa
896 2624 987 2713 eilet
1008 2631 1230 2743 primarium
1252 2625 1484 2740 Exemplar,
1517 2658 1569 2719 ex
1590 2655 1664 2744 quo

210 2748 353 2828 omnes
370 2740 565 2856 Apostoli,
591 2751 795 2853 Martyres,
815 2748 1028 2841 Dodores,
1040 2738 1310 2841 Confeilores,
1336 2747 1535 2857 Virgines,
1555 2750 1595 2831 δι
1610 2743 1665 2832 alii

212 2861 298 2969 justi
325 2885 439 3057 nyma
465 2861 579 2975 Legis
605 2856 774 2944 sormam
801 2852 873 2944 suae
902 2863 987 2946 vitae
1013 2853 1225 2958 delineare,
1253 2885 1300 2946 ae
1320 2863 1430 2968 iuxta
1457 2886 1550 2949 eam
1575 2866 1669 2949 rive

210 2999 257 3081 te
282 3000 339 3089 po
365 2999 450 3095 ‚ent

332 3153 382 3227 73
395 3153 430 3210 ι.
458 3126 564 3212 Huic
586 3118 784 3224 consonat,
804 3120 918 3238 quod
932 3127 974 3208 B.
992 3123 1044 3208 V.
1061 3117 1222 3236 ipsamet
1239 3121 1337 3210 dixit
1354 3118 1476 3223 dese,
1493 3122 1665 3216 sicutEs·

214 3232 329 3323 'clesra
352 3247 394 3325 in
410 3246 457 3324 c,
476 3269 541 3345 ²4·
558 3234 707 3327 Ecclei-
726 3237 796 3326 sub
818 3236 939 3351 figura
954 3235 1092 3353 diuinae
1109 3240 1313 3354 Sapientiae
1331 3241 1413 3326 hoc
1432 3242 1471 3326 ti
1492 3242 1667 3332 attrdtuit.

215 3354 316 3443 Non
345 3381 409 3441 me
438 3354 628 3441 detinebo
661 3358 702 3440 in
730 3348 990 3468 explicatione
1021 3353 1133 3460 huius
1166 3349 1365 3468 Capitulis
1408 3379 1503 3442 nam
1534 3387 1586 3446 ex
1618 3357 1667 3444 di·

219 3465 447 3583 &recolligi
476 3472 625 3583 potest,
655 3467 870 3583 quomodo
905 3470 1039 3552 omnia
1071 3492 1285 3584 congruant
1311 3474 1355 3554 B.
1375 3473 1557 3585 Virgini,
1592 3497 1668 3590 quat

219 3589 380 3696 Spiritus
401 3592 562 3675 Sanetus
582 3585 639 3668 ibi
660 3590 701 3668 in
726 3592 806 3683 eius
825 3577 988 3697 persona
1008 3578 1197 3699 loquitur.
1250 3578 1437 3685 Sufficiat,
1464 3586 1601 3708 aliqua
1619 3591 1670 3676 lit·

216 3698 388 3787 teralitet
425 3698 635 3785 adducere.
717 3698 827 3816 Ego,
859 3702 987 3812 inquit
1013 3703 1160 3804 Maria,
1192 3699 1351 3814 prodivi
1380 3725 1432 3786 ex
1460 3728 1537 3793 ote
1563 3701 1669 3794 Altis·

215 3817 313 3912 fimi,
342 3819 604 3930 primogenita
625 3838 714 3900 mte
736 3840 899 3900 omnem
922 3837 1148 3903 cretturam.
1202 3816 1290 3930 Ego
1312 3811 1394 3905 feci
1413 3820 1456 3908 in
1481 3816 1615 3926 cocle,
1634 3840 1667 3908 ut

214 3936 385 4039 oriretur
413 3925 548 4021 lumen
578 3926 805 4042 indeficiens
839 3977 860 3999 ·
911 3975 933 4027 ε
986 3972 1005 3997 ·

1593 4221 1671 4304 718·
