3796 4994
619 318 821 419 Revelat.
840 315 893 413 de
912 316 1103 450 Agredu
1127 324 1240 417 Pars
1260 327 1296 416 I.
1439 286 1442 293 Ι
1574 328 1669 459 263

337 548 432 621 294.
482 514 728 608 Undecimum
771 517 1031 636 Hyacinthus.
1115 527 1226 607 Tunc
1259 479 1477 614 concessum
1503 530 1573 644 ipse
1616 542 1671 624 est

216 637 298 720 hoc
320 630 508 746 singulare
530 628 788 746 privilegium,
814 657 856 719 ut
879 629 1005 719 nullus
1031 660 1238 742 peccator,
1262 646 1525 756 cujuscunque
1581 675 1670 736 ene·

215 755 281 846 ris,
306 753 553 861 quantumvis
572 773 734 858 magnus
761 751 990 831 &enormis
1014 744 1142 850 fuerit,
1164 748 1372 835 fiMariam
1395 757 1447 840 de
1468 675 1591 848 corcle
1611 768 1670 849 in-

214 866 426 960 vocaverit,
444 862 500 944 ob
525 866 605 968 ejus
622 859 925 951 intercessionem
951 857 1215 947 excludaturai
1237 859 1365 949 frudu
1387 869 1666 984 redemptionis

214 981 256 1059 de
273 973 558 1074 iustificationer
598 973 666 1057 sed
696 974 893 1058 mediante
922 975 997 1058 hac
1031 974 1235 1062 Advocato
1263 976 1522 1095 consequatur
1548 994 1666 1080 vitam

217 1115 411 1177 aeternam.

333 1232 429 1305 295.
459 1198 738 1289 Duodecimum
770 1196 1022 1317 Ameibyftus.
1075 1205 1152 1287 Hic
1168 1197 1266 1317 lapis
1290 1204 1475 1319 significat
1492 1211 1662 1331 aliquam
1745 1258 1750 1269 ·

215 1319 296 1401 uim
327 1341 533 1404 exeuntem
567 1344 614 1403 cx
639 1321 684 1400 Β.
710 1318 869 1427 Virgine
897 1340 1030 1401 contra
1058 1314 1288 1420 doemones,
1319 1321 1346 1405 st
1372 1319 1428 1409 illi
1453 1338 1664 1444 appropin.

215 1455 354 1543 quant.
438 1437 550 1517 Tunc
570 1427 625 1514 illi
646 1427 822 1514 concessa
845 1430 898 1514 eil
918 1435 1036 1541 gratia
1056 1431 1107 1513 ab
1127 1433 1304 1518 humanis
1326 1442 1558 1550 corporibus
1578 1450 1660 1556 pel-

216 1539 326 1627 lendi
350 1544 559 1632 doemones
584 1571 653 1658 per
674 1547 963 1629 invocationem
983 1551 1064 1650 ejus
1086 1550 1273 1635 nominisr
1302 1547 1353 1633 src
1374 1577 1417 1636 ut
1432 1549 1495 1640 vel
1513 1583 1561 1645 ex
1576 1558 1657 1648 sola

216 1656 419 1743 auditione
444 1661 554 1767 hujus
588 1662 757 1744 nominis
787 1683 926 1743 omnes
960 1655 1165 1745 infernales
1193 1665 1291 1746 vites
1328 1663 1590 1777 debilitentur,
1622 1682 1664 1762 dc

217 1776 498 1884 opprimantur.
685 1786 689 1794 '

335 1902 428 1981 296.
454 1887 508 1974 ur
530 1881 746 1974 Duodecim
770 1891 905 1994 porta.
963 1887 1160 1970 Numerus
1186 1909 1250 1971 tot
1271 1913 1471 2000 portatum
1499 1899 1658 2003 indicat,

217 1999 333 2112 quod
354 2029 423 2114 per
439 2003 614 2097 Mariam,
646 2010 726 2106 ejus
750 2001 977 2112 dignitatern
1003 2003 1041 2081 δι
1064 2004 1200 2087 merita
1224 2001 1351 2089 aditus
1371 2013 1412 2092 in
1432 2007 1574 2097 coelum
1601 2016 1659 2100 fa·

216 2109 298 2196 cilis
317 2115 491 2200 redditus
513 2112 556 2199 stt
573 2121 613 2197 δι
630 2138 777 2225 patens.
864 2114 986 2195 Maria
1004 2119 1180 2225 agnovit,
1203 2116 1320 2229 quod
1342 2125 1543 2209 constituta
1567 2129 1658 2217 stul

218 2228 312 2311 Deo
327 2235 368 2313 in
386 2234 537 2314 unicam
562 2229 824 2315 mediatricem
841 2225 1010 2313 humani
1038 2233 1208 2342 generis,
1229 2234 1271 2315 dr
1292 2237 1335 2317 in
1355 2231 1661 2354 dispensatricem
1797 2268 1803 2279 '

216 2338 478 2428 thesaurorum
505 2345 595 2428 Dei.

337 2486 432 2555 ²97·
473 2453 610 2590 Plasta
627 2456 800 2588 mussulis
820 2478 957 2541 aurum
979 2449 1173 2543 mundum.
1229 2459 1273 2542 ln
1296 2460 1373 2544 hac
1395 2459 1521 2573 platea
1544 2498 1661 2585 repo.

216 2566 292 2710 ste
315 2565 469 2655 suerunt
489 2571 628 2688 drvttrae
651 2565 889 2666 sufficientes,
911 2592 954 2652 ut
980 2592 1109 2653 totum
1130 2595 1252 2685 genus
1272 2573 1485 2663 humanum
1509 2609 1662 2677 eruatur

216 2710 599 2932 apaupoelrmepeges
634 2806 746 2884 terre
780 2794 941 2910 affirenl
962 2790 1121 2912 glorium
1138 2795 1251 2910 sunm
1276 2798 1456 2890 inillam.
1537 2813 1661 2902 Maria

216 2913 323 3139 liis
336 2909 1055 3139 llll‘l‘sslellqlssllisst
1069 2939 1261 3132 esitii
1285 2943 1470 3144 “eliu
1492 2927 1661 3150 lirul:

216 3140 357 3338 fell?
387 3148 425 3225 ἃ
448 3137 998 3338 qnitffiluwrgffiffim
1020 3167 1199 3226 aternam
1221 3140 1448 3246 habebunt3
1475 3175 1565 3312 ‘m
1587 3160 1659 3321 qui

215 3284 258 3341 m
281 3284 320 3368 tp
337 3282 544 3474 {obpllnonn
563 3281 876 3460 abscondlmhic
893 3313 1024 3450 lumen
1038 3363 1168 3479 sapius
1183 3371 1276 3456 mihi
1294 3368 1495 3459 ostensum.
1551 3381 1658 3471 Nam

218 3485 313 3567 mihi
341 3483 613 3569 ostendebatur
633 3485 674 3564 in
700 3484 818 3576 Deo,
844 3481 957 3591 quod
974 3485 1158 3567 omnibus
1180 3482 1466 3573 difficultatibus
1487 3490 1660 3584 Ecclesrae

218 3595 454 3695 Cathohcae,
484 3602 524 3680 δι
558 3595 738 3681 omnibus
764 3590 1078 3724 tribulationibus
1112 3598 1315 3684 Christiani
1343 3601 1480 3714 populi
1509 3603 1659 3722 semper

218 3716 360 3821 quovis
376 3735 554 3822 ternpore
570 3710 685 3794 fuerit
704 3709 920 3792 remedium
936 3702 1091 3792 allatum
1112 3737 1181 3820 pet
1193 3714 1497 3803 intercessionem
1515 3726 1560 3804 B.
1576 3732 1663 3813 Vir.
1749 3796 1755 3809 ,

217 3829 335 3934 ginisr
365 3833 402 3909 dr
424 3828 538 3939 quod
558 3826 616 3908 his
640 3823 791 3911 aminis
820 3823 1073 3934 temporibus,
1097 3825 1239 3936 quibus
1263 3825 1420 3935 hareses
1439 3857 1515 3917 tam
1536 3833 1662 3953 super.

218 3940 269 4021 be
288 3937 493 4053 insurgunt,
513 3944 667 4022 unicum
690 3940 768 4020 hoc
790 3938 1002 4019 remedium
1029 3933 1202 4070 superfit,
1225 3964 1266 4022 ut
1281 3969 1423 4073 nempe
1444 3974 1563 4063 regna
1582 3956 1662 4041 Ca·

216 4048 361 4139 tholica
381 4061 418 4138 dr
439 4049 602 4169 tegerse
627 4075 853 4139 concertant
878 4050 930 4149 ad
944 4055 1110 4138 Matrem
1137 4053 1416 4144 mdeucotdra.

1568 4204 1664 4286 303.
