3796 4994
610 320 781 456 Regula
809 352 867 421 ex
893 315 1016 428 card
1033 321 1086 421 de
1109 327 1301 424 [aaran
1576 354 1671 450 123

213 527 340 621 aliove
360 522 658 628 sacramentali,
685 523 752 615 sed
770 529 1024 615 determinata
1044 528 1220 652 quadam
1245 529 1378 631 veste,
1398 522 1462 615 vel
1483 523 1560 626 iilo,
1579 526 1677 646 liga·

212 671 264 745 ta,
293 640 362 732 vel
392 673 484 730 cum
513 643 755 752 admixtione
789 643 942 729 alterius
971 649 1028 730 rei
1055 648 1302 758 impropriae,
1332 639 1396 729 vel
1433 641 1601 730 sonnata
1633 652 1676 733 in

213 785 426 873 temppre,
455 753 521 843 vel
550 753 664 861 loco,
693 753 757 843 vel
782 754 864 842 aliis
902 756 1164 845 determinatis
1193 760 1492 844 circumstantiis.
1552 764 1592 846 si
1619 758 1678 847 ef·

213 874 341 963 fedius
359 874 555 971 accidant,
577 873 815 958 doemoniaci
837 874 1001 984 putandi
1026 871 1126 960 sunt.
1153 870 1156 875 ’
1183 895 1220 970 3.
1249 875 1366 958 Sia'd
1393 867 1575 959 effectum
1603 874 1677 961 ob·

215 990 427 1075 tinendum
443 993 617 1104 exigatur
633 987 843 1100 dpatiente
860 982 925 1074 seu
943 984 1162 1102 postulante
1178 984 1277 1073 fides
1297 983 1513 1103 aliquarum
1532 984 1679 1089 rerum,

215 1132 303 1218 quae
329 1099 503 1189 revelata
532 1131 615 1188 non
639 1100 833 1201 sunt,-sed
859 1104 1097 1219 apocrypha.
1127 1131 1163 1191 u.
1194 1133 1234 1219 g.
1269 1104 1387 1219 qutid
1417 1105 1589 1190 Christus
1616 1103 1678 1193 se·

216 1218 275 1303 bri
302 1213 565 1308 laboraveritt
608 1219 722 1334 quod
752 1218 882 1304 Adam
911 1213 1086 1328 pluribus
1115 1218 1253 1303 diebus
1279 1224 1322 1302 in
1350 1214 1528 1303 Paradiso
1554 1244 1676 1306 terre·

217 1334 278 1418 stri
299 1331 483 1418 manserit
508 1339 585 1419 dcc.
608 1339 648 1416 δι
679 1329 824 1423 similia.
882 1327 960 1419 Vel
989 1339 1162 1446 exigatur
1178 1335 1226 1417 ab
1251 1334 1394 1417 eodem
1416 1333 1530 1434 fides,
1561 1334 1678 1447 quod

217 1470 437 1560 patraturus
458 1441 567 1532 illum
589 1445 769 1534 effeetum
796 1448 915 1532 habet
947 1456 1175 1560 potestatem
1202 1449 1392 1561 patrandi.
1423 1454 1497 1533 dcc.
1550 1453 1592 1534 Si
1618 1445 1676 1533 ef·

220 1560 347 1647 fectus
376 1568 581 1661 eveniant,
611 1564 851 1649 daemoniaci
886 1560 1068 1649 censendi
1101 1560 1198 1649 sunt.
1257 1592 1298 1660 9.
1323 1565 1368 1648 Si
1397 1559 1515 1649 Milsae
1538 1561 1586 1648 ali
1620 1592 1676 1650 uae

223 1678 470 1764 celebrentur
495 1678 546 1761 ad
571 1673 752 1771 essedum
770 1680 1028 1764 obtinendum
1035 1741 1051 1781 ,
1080 1674 1147 1763 sed
1175 1706 1264 1763 cum
1288 1678 1528 1793 quibusdam
1548 1593 1677 1764 insoli·
1704 1782 1712 1795 „

223 1788 270 1877 ti's
293 1796 534 1877 caeremoniis
547 1794 837 1890 ministrorum,
869 1788 968 1892 loci,
999 1781 1212 1906 temporis,
1250 1789 1522 1895 candelarum,
1558 1799 1597 1878 dc
1631 1792 1710 1878 fi-·

226 1902 378 1992 milium
404 1934 618 1993 vanorumt
647 1913 759 1992 Tunc
779 1904 982 1993 sieffedus
1002 1903 1196 2022 sequatur,
1220 1909 1492 1994 daemoniacus
1516 1913 1586 1993 erit
1601 1914 1677 1992 &o

231 2049 294 2110 to.
325 2024 504 2132 Quando
535 2015 622 2136 quis
648 2027 796 2134 praeviis
816 2023 1052 2136 quibusdam
1087 2023 1362 2124 orationibus,
1392 2029 1553 2129 jeiuniis,
1578 2018 1678 2108 aliis·

229 2165 308 2253 que
332 2130 598 2223 determinatis
621 2137 900 2224 devotionibus
921 2144 960 2223 dc
977 2142 1085 2224 vanis
1108 2133 1444 2223 observationibus
1462 2140 1678 2251 derepente

224 2253 383 2338 uidetur
410 2250 602 2340 scientiam
629 2244 825 2367 aliquam,
852 2277 919 2340 aut
942 2248 1072 2366 plures
1095 2258 1320 2367 acquirere,
1350 2259 1388 2337 ἃ
1419 2254 1471 2338 de
1497 2257 1542 2338 iis
1560 2248 1680 2340 facile

230 2393 277 2453 ae
294 2368 483 2482 prompti
508 2363 714 2456 discurrere
742 2396 830 2453 cum
861 2369 1138 2453 antecedenter
1155 2396 1220 2453 eas
1246 2364 1310 2454 vel
1335 2364 1505 2454 totaliter
1525 2372 1680 2484 ignora·

231 2510 301 2582 ret,
328 2480 395 2597 uel
428 2479 600 2595 perfecta
626 2509 756 2568 earum
779 2488 918 2570 notitia
957 2509 1112 2569 careret
1176 2485 1298 2570 Certe
1326 2483 1564 2571 aidoemone
1598 2481 1683 2571 assi·

218 2601 353 2690 ‚trente
375 2598 420 2685 id
440 2596 499 2684 fit.
557 2596 634 2685 Etsi
659 2603 762 2683 enim
792 2605 901 2684 Deus
929 2590 1043 2711 possit
1077 2595 1249 2683 scientias
1285 2597 1521 2703 infundere,
1549 2624 1681 2685 tamen

233 2741 315 2799 non
333 2716 496 2799 instituit
516 2713 768 2800 detenninata
791 2715 934 2810 media,
954 2719 993 2798 dc
1012 2708 1214 2826 praesertim
1237 2741 1362 2812 vana,
1375 2709 1437 2800 vel
1455 2743 1541 2800 cum
1558 2744 1682 2817 vano·

154 2918 157 2931 ,
232 2857 314 2916 nim
348 2829 594 2915 admixtione
630 2830 681 2913 ad
714 2855 844 2914 earum
878 2826 1110 2915 infusionem
1147 2829 1418 2914 obtinendam.
1483 2860 1548 2916 ιι.
1575 2834 1617 2917 Si
1641 2833 1682 2917 iii
1830 2922 1837 2939 x

154 3030 156 3045 ,
234 2945 374 3031 distans
398 2944 669 3056 producuntur
696 2926 855 3030 estius
881 2944 1078 3029 mediante
1095 2940 1225 3056 aliqua
1247 2972 1310 3043 re,
1331 2941 1395 3031 vel
1415 2943 1519 3032 fauo
1541 2946 1682 3032 distan-

234 3060 321 3147 tei
354 3055 487 3173 palso,
515 3053 581 3143 seu
607 3054 791 3167 subjeelo.
851 3058 926 3145 Etsi
954 3065 1058 3144 enim
1085 3055 1206 3173 aliqui
1235 3057 1363 3147 nescio
1394 3088 1491 3175 quas
1519 3062 1683 3173 sympa-

220 3176 329 3263 thias
366 3174 615 3261 admittentes
647 3173 802 3271 dicant,
832 3171 1052 3260 naturaliter
1083 3175 1287 3272 accidere,
1319 3179 1433 3289 quod
1463 3175 1489 3260 si
1518 3176 1688 3269 absentis·
1778 3259 1783 3265 .

233 3287 421 3377 vulnerati
447 3283 649 3373 frustulum
687 3294 806 3402 panni
832 3285 893 3374 san
923 3294 1015 3374 uine
1043 3283 1212 3376 vulneris
1242 3295 1446 3376 intiuilum
1481 3315 1685 3405 unguento

154 3450 158 3509 ι
235 3400 366 3522 aliquo
395 3401 577 3501 liniatur,
607 3398 743 3489 vulnus
771 3317 994 3490 naturaliter
1021 3430 1196 3521 curetur,
1225 3433 1303 3519 ego
1332 3432 1462 3492 tamen
1493 3407 1685 3510 ejusmodi

154 3512 156 3581 3
235 3518 445 3607 [ιιιιιίοιιει
475 3543 664 3633 tanquam
697 3518 968 3604 doemoniacas
1003 3520 1189 3607 detestor.
1252 3548 1317 3606 aa.
1347 3522 1522 3634 Quando
1550 3517 1685 3608 sanita·

238 3660 291 3721 tes
316 3636 368 3721 ab
394 3632 596 3750 aliquibus
624 3629 859 3731 cfficiuntur,
882 3637 934 3720 de
957 3633 1104 3747 quibus
1135 3663 1220 3720 nou
1243 3638 1392 3723 constat
1423 3635 1570 3723 liabeie
1600 3663 1686 3750 gra·
1783 3636 1787 3643 ’

239 3755 322 3838 tiam
343 3755 460 3868 gratis
483 3750 616 3837 datam
633 3744 834 3835 sanitatum
855 3745 919 3841 seu
937 3755 1134 3836 virtutum.
1264 3794 1269 3801 «

170 3948 173 3953 ’
336 3982 512 4116 Regula
556 4007 636 4113 34,
694 3968 1080 4111 lipparitionee»
1101 3977 1260 4074 etiam
1294 3966 1599 4077 Sindonum
1634 3971 1688 4073 si·

252 4146 304 4226 ie
332 4128 555 4234 extemis
603 4113 762 4260 oculis
815 4113 1048 4227 visibiles,
1097 4113 1195 4219 sive
1239 4114 1433 4223 interne
1479 4110 1687 4222 tantum

1015 4255 1137 4394 oi
1635 4261 1689 4359 in
