3796 4994
52 426 62 433 ·
116 364 122 382 .
210 308 277 416 84
363 356 377 367 -
468 240 481 265 l
568 291 978 425 revelationes.
1018 295 1261 395 Gertrudis.

209 493 267 575 nis
294 493 445 575 omittit
470 487 790 581 sacramentaliter
826 526 967 610 corpus
996 503 1137 587 Christi
1167 496 1372 613 suscipere,
1396 503 1434 581 δι
1466 495 1659 585 desiderio

164 622 255 693 'xac
276 632 410 689 amore
437 612 512 691 Dei
537 613 793 695 inflammatus
823 609 1060 724 spiritualiter
1096 619 1379 713 communicat,
1407 609 1534 711 multo
1567 610 1660 699 effe·

207 718 440 803 dluosrorem
463 718 630 835 fructum
650 723 897 839 consequitur
927 732 1031 839 apud
1063 736 1212 825 Deum,
1236 727 1326 812 licet
1349 730 1428 811 hoc
1447 732 1659 812 humanum

67 906 82 943 κ
205 828 323 932 latent
367 829 617 919 intellectum.
734 844 791 924 lta
836 846 889 925 G.
929 843 1056 951 Quod
1094 839 1218 927 salutis
1251 841 1419 927 frustum
1464 848 1684 951 capiamur·

205 952 321 1029 etiam
341 950 579 1065 incorpore,
602 954 655 1035 est
678 981 898 1051 erroneum,
916 963 1007 1068 quia
1028 962 1270 1042 Sacramenta
1293 960 1459 1041 instituta
1477 951 1562 1039 sunt
1583 980 1658 1066 pro

203 1053 321 1145 salute
345 1065 500 1164 anima,
524 1091 606 1147 non
634 1094 706 1178 pro
736 1065 852 1153 salute
877 1076 1065 1184 corporis.
1152 1073 1256 1155 Dein
1284 1065 1521 1181 spiritualiter
1549 1097 1656 1177 com·

139 1212 149 1227 ·
198 1178 403 1261 municans
429 1202 511 1260 non
534 1186 668 1290 recipit
684 1191 867 1287 majorem
889 1181 1067 1282 fructum,
1091 1185 1117 1277 fi
1138 1179 1453 1269 sacramentaliter
1480 1210 1653 1267 commu·

64 1300 68 1307 '
204 1287 336 1373 nicans
358 1286 546 1400 aequalem
565 1294 707 1378 habeat
731 1296 1009 1395 devotionem,
1033 1327 1077 1382 ac
1094 1295 1173 1397 ille,
1196 1298 1435 1411 quitantiam
1457 1293 1652 1409 spitituali-

203 1426 262 1487 ter
292 1412 563 1490 communicat.
617 1410 698 1492 Sed
727 1409 833 1493 forte
859 1409 923 1494 res
943 1415 1082 1496 onderi
1111 1416 1251 1522 potest,
1282 1440 1351 1522 per
1380 1408 1561 1494 effectum
1585 1414 1651 1494 Sa·
1697 1442 1704 1463 ²

203 1522 386 1609 crementi
402 1520 442 1602 in
462 1542 614 1630 corpore
638 1519 690 1605 nil
710 1519 814 1608 aliud
836 1443 1013 1640 intelligi,
1031 1526 1152 1638 quim
1173 1528 1518 1639 dignificationem,
1535 1520 1652 1608 sacra·

202 1643 353 1717 tionem
378 1635 598 1743 quandam,
628 1635 690 1721 vel
711 1645 769 1741 jus
796 1638 846 1722 ad
870 1636 1185 1725 resurreuionem
1209 1645 1446 1752 proximum.
1526 1641 1651 1746 Majus

200 1747 298 1829 vero
337 1752 516 1831 meritum
559 1777 642 1833 non
679 1750 842 1837 refertur
876 1756 927 1838 ad
970 1783 1052 1840 non
1086 1758 1438 1838 communicantem
1478 1748 1650 1864 respectu

201 1864 523 1945 communicantis
540 1891 628 1948 cum
650 1864 789 1982 aequali
813 1864 1059 1981 dispostione
1075 1876 1249 1966 interna,
1277 1867 1342 1950 sed
1363 1867 1519 1976 precise
1541 1895 1648 1950 com·

133 1974 157 2081 J
191 1998 354 2087 paratur
389 1970 535 2063 nunus
574 2006 623 2065 ex
658 2008 781 2097 opere
818 1989 1014 2096 operantis
1040 1983 1092 2069 ad
1123 1980 1291 2068 fructum
1319 2009 1368 2065 ex
1405 1990 1525 2097 opere
1554 2007 1632 2096 ope

197 2110 299 2176 mo·
1613 2152 1616 2159 ·

341 2329 492 2438 XXV.
548 2331 603 2440 L.
644 2369 687 2462 3.
726 2331 787 2440 C.
823 2371 907 2468 44.
963 2330 1168 2455 Docet,
1217 2329 1361 2472 quod
1404 2329 1510 2452 me,
1560 2339 1647 2471 qui

199 2474 492 2593 condicit,
528 2478 571 2580 se
610 2477 640 2582 ὲ
675 2475 824 2582 DEO
862 2470 994 2582 trahi
1031 2476 1093 2581 ad
1131 2474 1648 2612 contemplationem,

195 2615 318 2735 tutd
355 2617 582 2761 negligat
620 2623 928 2725 austeritates
972 2619 1191 2724 Ordinis.
1273 2651 1338 2729 sic
1366 2645 1516 2731 habet:
1546 2649 1668 2730 Ger·-

15 2774 20 2787 ·
72 2789 75 2795 ·
194 2744 331 2845 trudes
356 2761 406 2843 ad
433 2763 654 2847 Dominum
682 2766 765 2845 ait:
823 2763 970 2845 Dicent
993 2756 1078 2858 alii,
1108 2759 1196 2845 cum
1222 2764 1263 2844 in
1298 2759 1437 2844 ordine
1466 2760 1648 2843 coenobi·

198 2868 265 2959 tali
289 2870 447 2958 fecerim
474 2871 764 2986 professionem,
791 2898 943 2960 tenerer
962 2878 1157 2958 fervorem
1181 2876 1405 2959 devotionis
1426 2871 1479 2958 src
1498 2897 1648 2985 tempe·

198 3014 304 3086 rare,
326 3011 368 3072 ut
402 2993 520 3100 rigori
554 2991 702 3075 ordinis
727 2992 909 3102 regularis
942 2985 1111 3075 valerem
1149 2987 1348 3073 deservire.
1435 2989 1503 3073 Ad
1530 2988 1645 3102 quod

45 3146 51 3153 ·
194 3102 393 3191 Dominus
415 3103 489 3187 hac
511 3100 755 3188 fimilitudine
784 3098 900 3215 ipsam
920 3104 1097 3215 dignatus
1122 3105 1177 3189 ess
1201 3105 1357 3189 docere.
1441 3105 1564 3200 Sicut,
1587 3107 1645 3187 in·

198 3223 358 3332 quiens,
380 3217 408 3302 fi
430 3217 699 3303 ordinarentur
714 3215 834 3331 aliqui
861 3220 1073 3303 Camerarii
1106 3245 1236 3301 coram
1261 3214 1388 3302 mensa
1405 3221 1506 3328 regis
1533 3213 1646 3302 sedu-

35 3362 39 3368 ·
134 3410 137 3415 .
196 3326 241 3416 lo
263 3328 432 3417 servituri
455 3330 511 3414 ob
531 3335 784 3416 reverentiam
816 3335 940 3444 regis,
966 3339 1054 3416 Rex
1081 3333 1175 3415 vero
1196 3328 1304 3415 senio
1338 3328 1540 3416 confertus
1567 3330 1642 3416 srve

197 3439 420 3529 debilitatus
441 3444 653 3529 advocaret
679 3473 795 3531 unum
820 3447 873 3530 de
892 3446 1151 3546 adstantibus,
1178 3450 1219 3529 in
1250 3455 1355 3554 cujus
1388 3444 1510 3532 finum
1536 3439 1643 3530 dele·

196 3564 360 3645 daretur
385 3556 578 3643 sustentari
604 3587 674 3672 per
693 3585 845 3672 tempus
861 3556 1095 3673 pausaturus,
1118 3556 1236 3646 valde
1262 3561 1448 3646 indecens
1470 3557 1588 3657 esser,
1616 3556 1644 3644 fi

193 3675 442 3763 Camerarius
459 3666 524 3756 ille
545 3698 707 3786 tepente
719 3672 874 3788 surgens
891 3670 1013 3787 ipsum
1031 3676 1169 3760 cadere
1184 3677 1436 3785 permitteret,
1460 3678 1510 3756 eo
1529 3673 1643 3788 quod

134 3866 141 3884 .
194 3789 247 3877 ad
276 3789 451 3871 standum
468 3814 600 3872 coram
622 3786 749 3889 mensa
767 3789 880 3902 ipsius
908 3790 1112 3903 quondam
1143 3789 1343 3874 ordinatus
1371 3783 1509 3872 fuisset.
1564 3791 1642 3872 ‘Si-

194 3899 336 3990 militer
359 3908 614 4016 incongruum
644 3906 711 4004 est,
738 3931 780 3988 ut
807 3902 911 4015 ipse,
938 3929 1058 4017 quem
1088 3931 1166 4017 ego
1196 3906 1357 4016 gratuita
1384 3907 1530 4015 pietate
1556 3927 1642 3988 mea

193 4019 349 4128 attraho
369 4018 421 4105 ad
434 4013 660 4138 fruitionem
687 4012 1040 4139 contemplationis,
1066 4012 1264 4104 scabilla
1288 4018 1454 4106 retrahat
1476 4041 1639 4219 propter

212 4168 216 4175 ·
521 4179 522 4184 κ
1493 4157 1640 4245 equen-
