3796 4994
526 430 531 436 .
610 331 817 438 'Revelaa
834 302 893 431 dc
902 300 1092 468 Agreda.
1108 337 1222 433 Pars
1234 336 1293 433 11.
1569 334 1685 465 ,345‘

227 595 236 607 -
303 575 306 579 ·
335 563 362 636 7
369 561 434 641 3¹·
463 528 646 624 Exsonte
664 543 745 644 cius
758 539 964 653 Sapientiae
985 543 1024 624 δι
1039 542 1167 654 gratiae
1187 561 1374 654 tanquam
1390 536 1545 620 exmati
1563 539 1674 620 inex·

214 651 375 774 hausto,
404 650 557 738 effluxit
579 677 733 753 totum,
761 655 962 770 quidquid
984 657 1113 743 Sancti
1128 656 1333 772 hucusque
1357 676 1606 767 acceperunt,
1632 654 1675 736 δι

214 795 344 884 usquc
366 765 561 875 adfinem
580 771 717 857 mundi
739 776 936 885 accepturi
956 765 1055 858 sunt.-
1160 863 1176 886 x
1729 802 1732 808 ·

334 951 433 1028 733.
468 926 582 1008 Tunc
599 927 643 1010 B.
669 926 819 1038 Virgini
846 924 900 1010 de
934 950 1046 1012 novo
1085 913 1233 1011 ostensa
1269 917 1345 1009 fuit
1368 921 1500 1008 anima
1529 916 1674 1006 christi
1828 918 1834 928 ’

217 1063 307 1124 cum
337 1039 520 1123 omnibus
549 1045 631 1142 eius
661 1041 972 1154 operationibus.
1055 1043 1102 1124 In
1141 1042 1215 1124 hac
1253 1043 1380 1123 anima
1413 1038 1514 1123 vidit
1548 1058 1673 1120 totam

216 1154 365 1269 Legem
386 1148 659 1266 Evangelicam
685 1179 774 1239 cum
797 1152 983 1241 omnibus
1005 1159 1087 1259 eius
1106 1155 1292 1269 mysteriis
1305 1156 1324 1252 ,'
1341 1158 1382 1237 δι
1408 1146 1675 1238 i‘anctificati'o·

219 1268 347 1367 nibus,
371 1273 410 1353 dc
432 1267 631 1370 doctrinis,
653 1295 705 1353 eo
721 1271 875 1383 prorsus
900 1269 1044 1371 modo,
1064 1295 1150 1384 quo
1170 1292 1253 1356 erat
1272 1262 1467 1356 delineata
1483 1273 1524 1353 in
1543 1286 1676 1350 mente

217 1384 323 1480 Dei,
350 1384 392 1467 dc
418 1387 457 1469 in
487 1388 568 1488 cius
592 1380 795 1491 voluntate
822 1387 992 1473 decreta.
1015 1432 1035 1454 ·
1092 1391 1208 1471 Hanc
1234 1380 1455 1482 scientiam,
1485 1406 1603 1497 quam
1633 1376 1676 1465 fi-

186 1610 188 1614 4
220 1524 272 1701 rste
288 1496 446 1698 fidiossc
463 1498 614 1598 didicit,
637 1506 940 1588 communicavit
962 1501 1042 1588 sinc
1064 1501 1211 1589 invidia
1233 1523 1325 1587 ante
1355 1505 1394 1584 δι
1429 1501 1518 1614 post
1544 1493 1674 1582 asceu-

236 1641 372 1700 tonem
435 1641 570 1701 omrnt.
608 1634 617 1644 ’

340 1731 455 1852 Μ
483 1752 606 1834 Mam
642 1744 744 1837 ‘¹²¹³
774 1774 820 1833 ²⁶
854 1746 1029 1837 ‘¹³¹5ssst&
1059 1752 1274 1864 cognovit,
1303 1751 1344 1834 a
1374 1696 1715 1863 conprehendi(

223 1863 357 1947 omnia
378 1864 581 1949 recondita
596 1868 772 1978 mysteria
794 1865 830 1948 S.
854 1868 1070 1978 Scriptura,
1103 1888 1229 1950 totam
1248 1864 1463 1951 doctrinam
1489 1865 1695 1952 christia·

221 2001 326 2077 uam,
358 2005 495 2065 omncs
524 1983 695 2083 virtutes,
719 1985 759 2063 δι
787 1977 1017 2068 traditiones
1041 1973 1231 2078 Ecclesia,
1259 2007 1397 2066 omnes
1422 1973 1676 2064 refutationes
1806 1956 1848 2087 ἰ

225 2119 412 2195 errorum,
432 2099 474 2178 δε
494 2091 696 2194 haeresum,
718 2089 989 2179 conclusiones
1011 2121 1058 2180 ac
1081 2093 1238 2181 decreta
1264 2099 1440 2180 omnium
1464 2086 1676 2178 Concilio·
1848 2099 1850 2103 ’

226 2219 325 2306 turn,
351 2214 391 2294 dc
423 2213 569 2313 omnia,
594 2238 642 2297 ex
664 2211 810 2328 quibus
829 2207 1082 2296 defendenda
1100 2206 1147 2296 ac
1173 2209 1437 2297 conservanda
1461 2205 1676 2321 aliquando

224 2319 329 2409 foret
355 2320 520 2410 Ecclcfia
549 2333 674 2439 usque
701 2325 752 2410 ad
779 2321 911 2409 finem.
990 2326 1089 2410 Item
1118 2319 1193 2410 alia
1219 2352 1361 2440 magna
1387 2327 1564 2439 mysteria
1592 2323 1679 2406 vitae

219 2442 269 2521 -&
294 2433 424 2551 gloriae
454 2443 711 2542 sanctorum,
752 2445 791 2522 ἃ
822 2464 947 2551 opera
980 2440 1153 2547 Christi3
1195 2445 1235 2524 δε
1265 2464 1510 2554 quacunque
1541 2435 1678 2549 scripta

229 2550 385 2639 fuerunt
400 2554 450 2640 ab
472 2551 735 2669 Evan'gclistis,
757 2549 972 2664 Apostolis,
995 2554 1215 2665 Prophetis,
1230 2560 1267 2637 ἃ
1286 2559 1454 2667 antiquis
1477 2551 1676 2653 Patribus5

231 2675 378 2768 omnia,
401 2697 489 2783 quae
502 2675 659 2781 operati
677 2666 761 2752 sunt
784 2671 940 2758 Sanctis
968 2663 1114 2770 lumen,
1138 2668 1251 2782 quod
1266 2691 1498 2782 acceperunt
1520 2668 1679 2751 Docto·

231 2812 315 2873 resa
344 2789 499 2881 omnia,
523 2810 609 2895 quae
630 2782 719 2895 passi
743 2785 827 2866 sunt
847 2784 1059 2898 Martyres,
1081 2788 1121 2866 δι
1147 2787 1216 2868 Vir
1244 2789 1351 2894 inest
1391 2776 1575 2897 gratiam,
1608 2806 1679 2894 pet

231 2896 366 3099 ‹pudm‘
384 2894 451 2982 illa
481 2904 633 3012 operati
660 2904 698 2983 δι
730 2895 820 3011 paffi
849 2892 960 2998 sunt,
984 2903 1026 2983 δι
1056 2891 1178 2983 multa
1200 2808 1289 2998 asia,
1310 2925 1399 3013 qua
1419 2922 1502 2984 non
1524 2895 1678 3017 possum

229 3042 380 3128 eoqur.
922 3038 923 3042 ‘

202 3236 206 3241 .
349 3132 446 3252 735'.
499 3143 644 3247 Jnsus
679 3140 888 3250 adjuvabat
915 3143 955 3230 S.
982 3133 1197 3258 josephum
1230 3136 1449 3229 inwlabore
1473 3166 1676 3234 manuumt
1844 3108 1847 3112 ¹

234 3269 274 3351 bc
303 3286 347 3346 ut
366 3262 430 3344 hic
447 3254 561 3345 labor
585 3250 1142 3373 promoveretur,·aliquando
1163 3262 1278 3345 etiam
1303 3259 1539 3373 operabatur
1565 3261 1681 3344 mira·

234 3372 333 3482 cula,
350 3369 445 3461 nulli
464 3371 595 3460 tamen
614 3370 812 3459 manifesta
830 3371 897 3459 nisi
920 3377 960 3456 8.
979 3366 1153 3488 Joscpbo
1174 3379 1213 3460 δι
1243 3381 1284 3461 Β.
1311 3378 1487 3490 Virgini,
1780 3364 1793 3377 “

339 3523 449 3616 736.
475 3514 522 3598 B.
540 3512 594 3597 V.
615 3509 667 3594 ad
686 3537 751 3609 mc
771 3506 868 3593 dixit
882 3544 900 3593 :v
928 3502 1103 3621 Suscipio
1130 3534 1173 3593 tc
1193 3507 1247 3593 de
1266 3534 1375 3597 novo
1393 3513 1433 3595 in
1458 3536 1585 3596 meam
1605 3506 1680 3594 Di·

235 3623 418 3741 scipulam
443 3677 461 3693 -
489 3627 688 3713 Dominus
719 3648 760 3707 te
788 3647 904 3708 vocat
939 3618 991 3707 ad
1016 3627 1120 3731 viam
1149 3629 1190 3708 δι
1223 3625 1378 3737 vestigia
1402 3629 1484 3709 veri
1505 3622 1682 3723 luminisa
1837 3650 1840 3657 ·

235 3737 399 3858 sequere
427 3742 508 3827 hoc
540 3738 592 3825 ad
630 3740 887 3823 imitationem
916 3741 1005 3822 mei.
1031 3761 1073 3803 ··
1109 3741 1254 3823 Omnia
1283 3739 1507 3838 obtinebis,
1546 3734 1573 3823 st
1602 3762 1684 3823 tart-

236 3885 359 3973 quam
378 3847 560 3971 discipula
581 3849 811 3953 meisilii,&
838 3878 925 3936 mea
942 3846 1114 3964 perfecte
1138 3876 1299 3937 executa
1320 3850 1437 3939 fueris
1468 3852 1684 3938 docuinam
1848 3881 1854 3892 ·

236 3969 525 4085 Evangelicam,
543 3964 672 4084 qnam
689 3966 761 4050 tibi
786 3970 1056 4078 proponimus.
1113 3970 1166 4053 Ut
1187 3967 1251 4082 eb
1267 3972 1486 4082 pertingas,
1504 3961 1625 4079 electa
1642 3991 1686 4052 es

238 4085 264 4199 ᾇ
284 4088 403 4185 Deo,
428 4109 471 4169 ut
492 4080 648 4197 publici
679 4081 913 4192 profitereris
941 4084 1217 4170 imitationem
1231 4086 1326 4168 meae
1350 4087 1462 4182 vitat,
1486 4081 1686 4178 doctrina,

256 4284 298 4307 ,.
354 4200 417 4293 D.
439 4199 488 4288 E.
507 4193 827 4287 A.aeReve1at.
847 4195 952 4286 Pars
969 4195 1028 4285 ΙΙ.
1230 4201 1303 4302 xic
1645 4199 1689 4282 δι
1806 4272 1811 4289 .
