3796 4994
442 252 451 269 ’
532 271 733 370 Revelat.
765 273 819 368 S.·
835 259 1086 400 Elifirbetbae
1113 256 1362 403 Scbtinaug'.
1577 279 1671 408 ¹⁶5
1831 240 1833 244 ·

338 500 374 576 y.
403 468 699 560 Celebrantibus
723 472 841 559 nobit
873 467 1139 560 solennitatem
1159 477 1205 557 B.
1228 475 1389 585 Joannis
1423 474 1670 592 Evangelisiae

215 594 365 676 intenta
389 617 493 674 etam
522 593 690 671 orationi
718 590 805 700 post
831 583 978 698 vigilias
992 591 1214 684 Matutinas,
1239 615 1286 670 ac
1314 590 1554 699 deprecabar
1583 595 1672 680 Do.

162 802 169 811 ¹
217 707 365 788 mittum
392 699 517 786 valida
545 704 764 786 intentione
791 702 933 797 cordis,
959 727 1002 784 ut
1024 696 1258 809 disciplinam
1281 705 1351 786 viae
1372 707 1671 808 continentium,
1761 802 1778 815 g

218 844 338 929 quam
354 820 403 898 -in
419 811 548 922 spiritu
574 814 761 909 uideram,
795 816 889 897 mibi
916 817 1064 922 aperire
1090 814 1323 922 dignaretur.
1406 816 1592 929 Cumque
1620 847 1668 904 o-

216 932 342 1014 rando
365 925 491 1011 lassata
511 925 654 1023 essem,
679 926 800 1011 remiss
823 922 1022 1040 paululum
1052 922 1191 1010 oculos
1212 927 1263 1010 ad
1283 923 1490 1036 soporem,
1516 936 1557 1012 dc
1577 932 1669 1044 post*
1692 926 1695 1027 ᾗ

215 1039 395 1154 pusillum
415 1067 576 1152 repente
598 1037 866 1151 expergefacta
880 1035 973 1139 sum,
997 1044 1038 1122 δι
1062 1042 1163 1123 Ecce
1188 1036 1363 1151 Angelus
1386 1043 1481 1126 mihi
1500 1042 1666 1133 assisiens
1868 1042 1873 1050 ’

214 1155 450 1251 sermonem,
471 1182 589 1268 qoem
619 1153 895 1253 desiderabam,
921 1154 1122 1239 inchoavit
1145 1155 1204 1239 his
1227 1155 1377 1258 verbisr
1407 1157 1513 1240 Dico
1530 1159 1669 1262 uobis,¹

217 1298 247 1353 o
263 1266 332 1354 filii
355 1271 444 1352 Dei,
473 1275 546 1351 &c
570 1273 647 1351 dcc.
1084 1360 1087 1365 ,
1427 1316 1433 1325 -
1713 1292 1716 1297 ·

334 1397 372 1466 6.
401 1384 589 1493 Sequenti
615 1381 709 1464 verb
735 1381 821 1477 die,
843 1406 933 1465 cum
963 1378 1015 1475 de
1038 1379 1163 1465 beatis
1183 1381 1663 1476 Innocentibusofficium

215 1494 336 1580 Miilae
358 1520 555 1607 ageretur,
586 1521 665 1606 ego
687 1490 834 1605 sumpta
869 1493 1074 1578 occasione
1105 1522 1153 1578 ex
1184 1491 1353 1580 lectione
1389 1497 1663 1612 Apocalypfis,

217 1637 305 1720 qua
324 1604 537 1720 legebatur,
560 1608 764 1718 deprecata
793 1603 874 1690 sum
902 1609 1120 1692 Dominum
1136 1634 1292 1705 meum,
1314 1615 1383 1721 qui
1401 1604 1541 1695 iterum
1559 1619 1662 1702 mihi
1706 1609 1712 1619 ’

217 1723 416 1817 assistebat,
438 1722 597 1805 dicensi
626 1725 815 1815 Domine,
833 1720 897 1802 dic
919 1718 1096 1818 obsecro,
1125 1716 1243 1832 quale
1263 1723 1316 1804 est
1337 1725 1416 1805 hoc
1438 1727 1666 1830 Canticum,

215 1835 334 1945 quod
361 1835 618 1918 decantabant
646 1836 751 1917 beati
779 1836 836 1918 isti
861 1837 1053 1944 Martyres
1077 1856 1168 1917 ante
1192 1834 1337 1917 Sedem
1363 1836 1441 1918 Dei
1469 1844 1509 1920 &
1538 1843 1662 1953 Agrai,

214 1947 311 2032 ficut
326 1945 481 2060 prasens
502 1951 638 2031 Lectio
661 1952 826 2042 testatur,
847 1970 912 2028 aut
927 1941 1366 2063 quomodo-sequuntur
1379 1951 1539 2061 Agrum
1557 1980 1666 2065 quo-

216 2088 376 2173 cunque
399 2064 513 2145 ierit?
543 2064 624 2170 Qui
647 2058 884 2171 respondeus
911 2064 990 2143 ait:
1040 2059 1153 2170 Quid
1182 2087 1248 2145 me
1276 2065 1423 2145 interro
1451 2068 1522 2147 as?
1562 2092 1662 2152 nun·
1734 2100 1767 2160 τ,

215 2177 318 2286 quid
342 2177 470 2286 lingua
496 2168 608 2283 super
649 2198 787 2256 terram
816 2178 928 2255 nouit
960 2172 1041 2257 boc
1067 2176 1298 2262 Canticumr
1346 2181 1384 2259 ni
1418 2182 1423 2195 '
1467 2177 1538 2262 tibi
1566 2176 1673 2269 inde¹

214 2288 419 2373 enarrabo.
474 2285 601 2394 Quod
619 2311 749 2371 autem
770 2291 997 2395 interrogas,
1016 2284 1115 2398 quid
1141 2289 1207 2383 est,
1233 2289 1348 2399 quod
1367 2286 1579 2403 sequuntur
1603 2297 1668 2382 A·

216 2427 359 2513 gnum,
384 2425 627 2512 quocunque
657 2403 765 2493 ierit,
793 2399 871 2482 hoc
910 2400 985 2495 est,
1017 2399 1130 2510 quod
1155 2402 1195 2480 in
1228 2402 1410 2485 omnibus
1440 2407 1666 2508 virtutibus·

215 2541 307 2626 quat
332 2512 559 2613 considerari
582 2510 738 2621 possunt
756 2517 795 2595 in
818 2520 958 2624 Agno,
981 2538 1071 2595 eum
1093 2515 1302 2596 imitantur.
1380 2518 1423 2599 ln
1443 2521 1661 2629 virginitate

216 2654 310 2711 cum
326 2624 548 2737 sequuntur,
569 2653 655 2733 quat
672 2631 711 2708 in
731 2621 803 2708 iilis
827 2628 881 2708 est
903 2623 983 2709 stne
1001 2621 1161 2711 macula.
1244 2623 1434 2726 Humiles,
1456 2635 1495 2712 dc
1517 2622 1667 2745 fimpliss':

213 2765 282 2824 ces
310 2745 350 2821 dr
378 2739 456 2823 sine
484 2732 965 2834 dolofuerunt,s1cut&
994 2736 1144 2850 Agnus.
1205 2741 1431 2822 Patientiam
1451 2745 1493 2826 in
1515 2769 1660 2859 marty.

212 2857 279 2938 rio
299 2852 514 2936 babuerunt
532 2857 572 2935 in
598 2851 879 2937 similitudinem
900 2852 1018 2962 Agni.
1091 2854 1198 2934 'Non
1223 2849 1309 2935 sunt
1330 2857 1508 2966 uirgines,
1526 2884 1662 2969 neque

215 2963 304 3051 suot
322 2991 505 3074 martyres
521 2960 602 3060 ulli,
627 2971 697 3076 qui
713 2991 791 3049 tam
810 2990 936 3076 prope
954 2964 1059 3074 rigni
1083 2964 1240 3074 vestigia
1267 2963 1497 3075 sequuntur,
1519 2992 1562 3050 ut
1585 2973 1669 3072 isti,-

213 3104 378 3195 excepta
398 3082 546 3192 Regina
565 3081 708 3175 nostra,
730 3107 814 3191 quat
840 3082 962 3187 prima
983 3079 1238 3186 virginitatem
1253 3071 1357 3158 suam
1375 3079 1558 3162 mundam
1573 3087 1663 3166 Do·

215 3198 328 3279 mino
350 3195 564 3276 custodivit.
649 3189 731 3302 ipsa
752 3197 873 3303 Virgo
899 3194 1073 3301 egregia,
1101 3193 1139 3270 δι
1161 3187 1265 3271 beati
1280 3188 1339 3270 iiii
1359 3193 1547 3300 Martyres
1572 3193 1659 3306 spe·

213 3303 347 3393 culum
366 3305 452 3392 sunt
471 3303 654 3389 omnibus
672 3301 780 3387 sacris
810 3303 1031 3414 virginibus.
1116 3305 1202 3385 Hos
1228 3307 1367 3385 intueri
1393 3304 1541 3389 debent
1565 3334 1671 3419 cun·2

213 3430 288 3508 cte
310 3424 488 3532 virgines,
517 3418 839 3533 &ssonsrderaro
867 3417 972 3528 quali
992 3411 1194 3507 sanctitate,
1210 3442 1281 3499 eos
1295 3421 1527 3525 'praeictuutr
1551 3422 1592 3503 iu
1610 3420 1668 3508 fi·-

213 3530 472 3621 militudinem
494 3558 640 3615 ¹eorum
666 3535 780 3614 vitam
802 3528 904 3614 suam
923 3527 1072 3613 debent
1095 3525 1318 3613 informare.
1665 3572 1668 3577 ·

335 3643 537 3750 7.,Rursus
567 3651 607 3729 in
640 3641 926 3727 circumcisione
956 3645 1136 3738 Domini,
1172 3669 1262 3726 cum
1287 3637 1327 3725 se
1349 3644 1443 3727 mihi
1465 3640 1669 3735 obtulisset·

215 3766 410 3861 Dominus
428 3787 552 3855 meus,
570 3760 650 3841 dixi
668 3758 718 3840 ad
732 3783 838 3840 eum:
873 3760 932 3840 Mi
951 3757 1141 3851 Domine,
1163 3756 1307 3839 doceas
1326 3781 1403 3840 me.
1463 3761 1673 3871 Nunquid

216 3881 340 3960 amitti
356 3876 483 3986 potest
501 3877 694 3984 virginitas
713 3898 783 3982 per
802 3867 1038 3952 immundam
1054 3862 1268 3964 libidinem,
1281 3868 1308 3953 fi
1323 3895 1404 3953 non
1421 3867 1662 3980 adipsumo-

216 4018 291 4104 pus
300 3987 416 4075 fuerit
422 3988 637 4100 perducta?
654 3993 737 4099 Qui
748 3989 817 4072 ait:
832 3987 927 4071 Non
938 3978 1491 4182 amynittiturdcdinquinatur.
1501 3988 1664 4186 &ege

1052 4122 1072 4200 a
1486 4120 1528 4194 a·
1623 4125 1662 4184 m
