3796 4994
302 308 373 418 34
656 279 876 415 Exempla
906 277 1059 379 Revel.
1083 271 1392 411 probabilium.

232 534 235 539 ·
302 486 521 588 AEmilianae
555 481 678 575 sorori
717 486 791 576 suar
827 503 899 602 per
933 484 1125 573 visionem
1164 491 1364 572 nodumae
1391 479 1546 571 vifionis
1570 489 1767 600 apparuit}

304 611 459 697 dicens:
489 609 614 704 Veni,
642 628 685 691 ut
707 609 799 719 q'uia
819 599 1005 690 Natalem
1026 603 1282 689 Dominicurn
1310 600 1389 687 sane
1411 626 1452 687 te
1475 598 1577 700 feci,
1596 602 1765 692 sanciam

303 725 602 835 ‘theophaniam
631 725 706 822 iam
740 744 871 805 tecum
901 716 1052 805 faciam.
1137 725 1270 830 Quam
1295 715 1483 803 visionem
1511 748 1609 803 mox
1640 714 1771 805 mole*

306 842 377 931 ilia
401 841 577 952 corporis
603 832 730 921 secuta
756 839 824 932 est,
848 842 972 949 atque
991 840 1059 932 ita,
1083 858 1127 919 ut
1155 837 1301 917 dictum
1323 830 1474 933 fuerat,
1507 857 1597 919 ante
1625 838 1771 920 Domi·

308 959 405 1159 21⁶,ae
442 955 691 1070 apparitionis
733 950 838 1039 diem
872 951 1013 1038 eadem
1049 944 1225 1037 moleiiirl
1265 945 1554 1064 ingravescente
1584 950 1771 1039 desuncia

461 1290 506 1385 3.
552 1255 689 1360 Inter
728 1222 939 1361 effeetus
984 1248 1386 1359 Revelationum
1421 1252 1774 1391 probabilium

314 1402 387 1512 est
431 1394 742 1504 familiaritas
771 1405 1122 1536 ¹personarum
1178 1397 1459 1532 fundarum
1500 1416 1629 1506 'tum
1672 1430 1773 1537 pro

317 1543 611 1681 dirediona
646 1567 763 1647 tum
802 1573 896 1676 pro
948 1539 1329 1659 consolatione,
1374 1565 1466 1648 aut
1502 1576 1775 1649 commen·

268 1747 271 1751 ·
319 1686 530 1827 datione
600 1684 664 1789 ad
727 1681 990 1821 populum
1052 1707 1295 1822 tempore
1347 1686 1777 1820 persecutionum.

317 1819 558 1937 Huiusmodi
586 1822 853 1913 consolatione
887 1853 935 1911 ac
963 1828 1308 1911 commendatione
1338 1830 1479 1940 egebat
1505 1832 1544 1913 S.
1574 1824 1780 1926 Gerlacun'

320 1974 373 2034 eo
397 1948 592 2057 tempore,
620 1970 705 2055 quo
738 1947 923 2027 maximas
949 1941 1169 2054 patiebatur
1207 1940 1522 2028 infestauonesa
1554 1944 1706 2029 mundo
1736 1947 1778 2028 dc

318 2060 487 2151 inferno.
577 2059 634 2141 Ira
667 2084 717 2140 ue
744 2063 895 2162 ineius
921 2063 1011 2140 Vita
1040 2056 1092 2140 ad
1121 2085 1154 2158 ς.
1182 2059 1352 2158 Januarii
1382 2059 1435 2143 C.
1468 2080 1507 2154 8.
1530 2054 1672 2172 legitur
1700 2060 1801 2144 hoc.

320 2166 471 2265 modo:
500 2175 620 2284 igitur
637 2086 810 2256 llndium
831 2175 911 2255 Dei
941 2167 1152 2274 famulum,
1177 2197 1296 2285 quern
1328 2173 1562 2258 doemonum
1585 2171 1782 2260 infestatio

321 2318 403 2381 tarn
425 2288 653 2400 frequenter
677 2291 862 2386 tentavit,
891 2290 932 2369 dc
960 2285 1120 2369 hnmani
1139 2285 1269 2370 cordis
1296 2287 1482 2371 vecordia
1515 2311 1594 2372 tam
1637 2289 1783 2375 crebris

321 2408 466 2519 injuriis
498 2398 737 2502 molestavit,
774 2427 826 2485 ne
855 2398 961 2486 forre
995 2399 1139 2485 doinus
1166 2403 1262 2486 tanti
1290 2401 1451 2488 turbinis
1476 2400 1664 2489 violentia
1698 2412 1783 2491 aei-a

228 2613 230 2617 ,
322 2521 521 2617 titubaret,
547 2522 660 2602 Pater
681 2515 1024 2601 misericordiarum
1052 2521 1093 2600 dt
1115 2518 1252 2602 DEUS
1280 2520 1403 2602 totius
1424 2512 1699 2606 consolationis
1724 2524 1784 2607 di·

240 2649 248 2661 ·
322 2634 414 2727 leni
434 2630 489 2721 sui
511 2637 650 2721 merita
676 2658 747 2745 per
772 2635 1051 2745 prophetarum
1079 2625 1236 2716 oracula
1267 2630 1428 2718 mirifici
1456 2627 1679 2719 declaravit.
1734 2639 1784 2721 E·

180 2784 183 2793 ·
320 2776 381 2841 rat
411 2778 462 2837 eo
492 2773 672 2861 ternpore
697 2751 738 2832 in
766 2748 939 2860 parribus
966 2749 1183 2862 Mogontia
1207 2751 1320 2860 virgo
1381 2747 1528 2832 uaedam
1550 2747 1786 2851 sanctissima,

156 2923 158 2927 ν
323 2863 575 2980 Hildegardis'
605 2868 785 2961 nomine,·
806 2858 1047 2946 famosissima
1069 2857 1133 2945 illa
1153 2776 1393 2971 Prophetilla
1415 2868 1511 2947 novi
1534 2866 1787 2968 Testamenti,

324 3010 418 3087 *cunt
457 3005 540 3094 qua
574 2973 812 3062 familiariter
843 2971 1000 3060 locutus
1044 2977 1099 3060 est
1135 2976 1284 3062 DEUS.
1385 2982 1480 3063 Haec
1516 3006 1587 3092 per
1625 3008 1788 3067 manum

327 3096 465 3187 sande
491 3095 690 3180 memoria
716 3095 876 3176 Henrici
900 3086 1190 3205 Archiepiscopi
1213 3094 1439 3205 Mogunrini
1468 3091 1575 3179 sacro
1594 3091 1789 3184 velamine

330 3215 448 3302 DEO
474 3206 706 3307 consecrata,
729 3234 818 3291 curn
839 3201 953 3291 nullis
976 3200 1126 3306 litteris,
1142 3204 1210 3291 nisi
1237 3209 1387 3293 tanttlrn
1408 3205 1559 3321 psalmis
1588 3213 1788 3298 Dauidicis

332 3324 425 3417 esset
449 3324 614 3423 erudita,
635 3349 708 3437 per
730 3325 914 3435 Spiritum
936 3325 1119 3407 Sandium
1144 3323 1286 3407 edooia
1313 3321 1367 3407 de
1386 3325 1525 3410 divinis
1551 3324 1719 3414 oraculis
1746 3334 1788 3413 δι

322 3444 586 3551 'sacramentis
612 3437 774 3549 grandia
813 3437 938 3522 edidit
977 3433 1201 3539 volumina,
1241 3454 1337 3551 qna·
1360 3436 1429 3523 ab·
1452 3443 1632 3554 Eugenio
1668 3448 1792 3557 Papa*

332 3557 533 3647 mediante
555 3556 600 3639 S.
620 3551 820 3638 bernardo
842 3551 1004 3638 Abbate
1030 3546 1316 3669 clarevallense
1341 3560 1592 3654 canonizata,
1622 3563 1663 3642 de
1689 3562 1792 3644 inter

199 3756 202 3763 ,
326 3670 454 3786 [παις
475 3671 689 3777 Scripturas
718 3663 807 3752 sunt
829 3680 1128 3754 connumerata.-
1178 3670 1296 3768 llaec,
1319 3669 1413 3755 dum
1441 3674 1657 3758 Dominum
1679 3693 1794 3760 more

335 3785 464 3878 solito·
482 3791 523 3870 in
549 3785 698 3868 throno
728 3782 901 3883 videret,
940 3787 980 3868 δι
1009 3788 1046 3868 ei
1071 3778 1312 3868 assistentium
1346 3788 1577 3871 Studiorum
1615 3789 1791 3890 ordines,

275 4002 278 4007 ,
334 3911 437 3995 inter
458 3894 733 3987 confessorum
762 3899 946 3984 Chorum
963 3894 1095 3984 sedern
1120 3894 1321 4012 conspexit
1339 3895 1626 4002 lucidisfimam,
1664 3911 1706 3990 dc
1733 3906 1794 3990 di·

297 4018 446 4129 fiditis,
473 4042 560 4104 earn
577 4018 617 4100 S.
642 4010 813 4101 Gerlaco
836 4010 912 4099 eise
942 4036 1203 4127 preparatam.
1278 4017 1400 4131 Igitur
1430 4022 1469 4101 in
1503 4024 1583 4124 ejus
1619 4018 1794 4106 atriorem

315 4134 499 4250 “ararim
522 4136 563 4219 dt
592 4150 927 4251 *coronampqm-
940 4132 982 4218 in
1007 4128 1074 4239 die
1101 4125 1399 4243 consecrationis
1420 4126 1496 4241 suae
1520 4131 1571 4222 ab
1597 4130 1795 4251 Episcopo

763 4314 766 4319 .
813 4310 816 4315 -
1097 4286 1107 4309 ··
1182 4294 1185 4299 ·
1237 4302 1243 4309 -
1590 4302 1597 4312 ·
1679 4277 1796 4340 coro·
