3772 4988
345 441 348 445 ¹
502 302 506 307 ¹
600 325 706 454 Reg.
728 276 844 420 Gen..
869 348 928 415 ex
943 322 997 416 P.
1028 315 1251 416 Gravius.
1582 336 1648 434 37

210 532 264 629 tia,
287 527 338 612 ad
365 547 461 639 quae
487 525 711 626 mittuntur,
738 525 924 608 decenter
950 541 1208 633 exequantur
1267 513 1438 598 Ecnntra
1463 509 1491 596 fi
1517 507 1652 596 fotmae

210 643 271 727 int
295 644 507 733 indecoras,
533 644 609 740 jam
639 666 725 722 non
748 632 942 748 suspicio,
966 633 1035 717 sed
1062 631 1259 717 certitudo
1290 625 1462 712 moralis·
1481 627 1559 725 est,
1589 650 1654 708 eas

209 753 274 838 tile
303 756 611 838 doemoniorum.

314 923 357 985 2.
409 879 463 980 Si
525 887 778 1014 operatio·
817 873 1009 978 horum
1069 878 1338 1009 spirituum
1385 862 1521 970 mala
1555 867 1650 984 iit,

208 1019 287 1106 utst
313 1021 366 1103 ad
395 1013 559 1101 carnalia
579 1022 757 1113 invitent,
793 1011 821 1098 ss
847 1008 1132 1124 blasphemant,
1157 1012 1183 1096 st
1212 1014 1326 1095 rebus
1344 1004 1417 1090 'vel
1446 1005 1573 1089 verbis
1595 1002 1659 1115 sa·¹

209 1140 273 1218 cris
302 1132 518 1216 abutuntur
539 1131 590 1212 ad
609 1126 910 1242 superstitiones,
934 1129 975 1210 id
994 1133 1033 1209 in
1055 1127 1186 1211 bonos
1218 1127 1365 1234 spiritus
1397 1121 1537 1203 cadere
1564 1143 1649 1202 non

208 1248 344 1443 potest
401 1238 585 1327 Similiter
607 1243 753 1326 modus
776 1242 916 1354 agendi
943 1235 1133 1323 malorum
1160 1236 1354 1348 spirituum
1381 1233 1433 1316 ab
1447 1236 1560 1316 initio
1587 1228 1649 1314 so·

224 1385 258 1442 et
282 1355 358 1442 eise
378 1353 604 1445 amicabiliss
647 1357 747 1460 dein
769 1358 864 1438 vero
900 1353 1057 1436 adducit
1079 1355 1130 1436 ad
1155 1346 1430 1434 confusionem.
1488 1346 1552 1426 Sic
1572 1340 1648 1426 serr

210 1501 306 1667 persp
327 1477 450 1668 pivam
477 1465 728 1554 amicabiliter
747 1460 941 1551 allocutus
961 1469 1037 1595 ests
1074 1468 1167 1551 dein
1192 1465 1290 1547 vero
1317 1487 1403 1547 earn
1430 1454 1586 1569 reliquit
1604 1461 1648 1553 in
1788 1471 1793 1485 ¹

212 1613 281 1671 con
301 1611 447 1668 usone.

318 1782 360 1870 3.
409 1742 460 1847 Si
492 1739 646 1848 verba
681 1771 863 1846 eorum
908 1741 1173 1878 spirituum
1215 1738 1308 1844 sint
1348 1732 1549 1840 tumida
1594 1731 1651 1841 δι

182 1884 188 1891 ’
213 1883 446 2026 superba;'
493 1906 600 1993 autss
617 1912 850 2022 prophetent
873 1903 1028 1997 faliums
1057 1934 1139 1991 non
1163 1901 1247 1991 sunt
1269 1904 1368 1988 boni
1395 1905 1556 2016 spiritus.

316 2096 366 2185 4.
413 2052 464 2157 Si
514 2086 696 2161 eorum
731 2053 883 2161 verba
919 2053 983 2159 ad
1021 2052 1367 2160 curiositatem
1404 2052 1649 2162 &vanas

218 2221 341 2303 artes
376 2205 518 2300 viam
552 2189 606 2301 ὅ(
647 2196 967 2302 occasionem
999 2196 1261 2313 sternant,
1315 2186 1654 2335 affedumque
1722 2240 1750 2274 ν

217 2362 421 2442 eatenus
437 2330 503 2438 ed
520 2334 777 2456 inclinent,
799 2366 860 2443 ac
873 2345 1106 2456 invitent,
1120 2334 1319 2471 suspecti
1343 2333 1434 2441 eise
1453 2335 1654 2445 debere

217 2476 309 2562 Etsi
330 2472 504 2577 asserant,
531 2468 570 2559 se
592 2473 643 2559 ab
665 2477 825 2560 homine
851 2469 1069 2586 compulsos
1093 2482 1137 2560 dt·
1153 2476 1350 2559 adilrieios
1370 2469 1478 2560 fuisse
1512 2478 1564 2561 ad
1585 2504 1672 2590 ap··

218 2590 452 2703 parendum,
482 2613 628 2673 certum
656 2590 723 2689 est,
754 2586 829 2672 eisc
862 2591 996 2673 malos.
1054 2594 1108 2675 Ex
1139 2593 1198 2672 lris
1229 2581 1372 2701 tegulis
1399 2614 1531 2701 patet,
1556 2587 1657 2704 sepe

218 2700 363 2786 nulius
385 2696 494 2811 posse
517 2701 598 2799 dari
623 2704 894 2786 certitudinem
919 2702 973 2786 de
998 2699 1146 2786 fallacia
1169 2707 1430 2815 apparitionis,
1458 2704 1577 2817 quim
1603 2706 1657 2793 de

220 2811 316 2900 illius
336 2820 516 2903 veritates
555 2818 648 2926 quia
680 2810 805 2927 angeli
839 2811 928 2899 mali
969 2817 1118 2899 habent
1149 2812 1237 2899 suos
1275 2825 1507 2915 caracteres,
1552 2844 1658 2931 quos

222 2930 641 3125 ἲὲῐιῐιέἃιιὲιηᾶὶηέιίῗὲιὲιζ
657 2924 792 3124 pugeli
819 2924 930 3060 lroni.
996 2932 1165 3124 Ecputra
1181 2957 1183 2963 ·
1197 2925 1435 3042 angelorum·
1460 2931 1660 3019 bonorum
1746 3010 1752 3021 ,

672 3070 753 3152 aepc
773 3066 966 3126 imitantur
981 3070 1042 3124 ma
1059 3072 1084 3127 r.

324 3164 494 3333 Regilla
549 3230 593 3324 7.
653 3193 1005 3299 Revelationes
1047 3204 1257 3333 privatae
1294 3227 1404 3302 non
1443 3201 1661 3310 serviunt

226 3342 282 3445 ad
318 3334 668 3443 definiendum
705 3334 922 3470 aliquem
961 3366 1167 3441 novum
1217 3339 1489 3444 articulum
1529 3342 1662 3466 fidei,

226 3485 359 3611 cujus
384 3476 585 3585 aliunde
608 3506 718 3579 non
746 3474 998 3624 habentur
1025 3500 1158 3581 certa
1179 3505 1493 3616 argumenta.

330 3640 461 3753 Quod
493 3631 749 3717 revelationes
786 3638 941 3743 privatae
976 3643 1089 3720 etiarn
1128 3638 1354 3720 authentica
1386 3666 1468 3720 non
1502 3638 1665 3728 serviant

229 3758 399 3860 primario
432 3751 487 3835 ad
524 3746 833 3831 constituendum
866 3775 1013 3833 novum
1043 3747 1242 3832 articulum
1271 3750 1385 3852 fidei,
1418 3750 1483 3849 sed
1513 3757 1665 3841 tuntum

228 3860 467 3963 secundariis,
500 3888 593 3945 tuuc
621 3858 814 3956 videlicet,
844 3869 1008 3973 quando
1042 3856 1198 3947 aliunde
1225 3864 1417 3948 habentur
1443 3892 1669 3977 argumento

231 4006 315 4067 terta
339 4011 421 4098 pro
448 3975 680 4062 definiendo
712 3970 896 4075 articulo,
924 3977 1067 4060 exinde
1089 3979 1287 4086 probatur,
1317 3982 1408 4088 quia
1438 3976 1602 4063 Ecclesia
1627 3981 1706 4075 iu]

231 4094 452 4186 definiendis
476 4084 647 4176 maculis
674 4086 771 4173 fides·
799 4087 1201 4290 nunquamEcnnlirgit
1223 4091 1275 4176 ad
1307 4086 1565 4178 revelationes
1592 4095 1672 4203 pri·
1713 4073 1753 4155 -'
1836 4086 1840 4095 '

834 4280 845 4295 ,
1057 4231 1080 4307 3
1522 4230 1526 4239 '
1564 4223 1673 4288 vat&
