3796 4994
554 260 754 359 reverte.
773 261 819 362 r.
841 251 1092 392 rrtsttettae
1107 256 1381 392 tctomg„
1560 258 1658 393 169

213 465 371 552 mntest
383 461 406 550 i
417 469 794 551 commemoratione
807 467 1031 552 Nativitatis
1050 491 1178 580 utque
1194 462 1250 551 ad
1262 462 1482 550 Dominicae
1495 461 1661 553 Annun-

212 585 385 665 trationis
403 572 683 665 solennitatem.
1326 608 1330 617 ·

332 695 439 777 Cum
478 688 596 778 essent
632 720 733 806 perte
769 689 1021 808 consummati
1060 686 1259 779 sermonen
1304 688 1393 778 libri
1435 693 1576 794 hujus,
1621 697 1676 779 ir

215 801 422 891 festivitate
460 805 742 920 Apostolorum
783 812 885 892 Petri
923 811 963 889 δι
1003 802 1138 903 Pauli,
1172 811 1211 890 io
1245 807 1345 891 hort
1379 806 1501 891 divini
1535 803 1664 892 officit

214 918 276 1005 fui
303 947 416 1005 orans
447 923 489 1004 in
518 918 679 1019 secreto,
707 925 747 1003 δι
783 926 957 1034 apparuit
982 923 1023 1004 in
1055 915 1262 1033 conspeoiu
1293 947 1388 1004 meo
1416 916 1602 1033 Angelus,
1622 930 1663 1005 dt

216 1031 373 1119 locutus
393 1036 448 1118 esi
467 1036 648 1120 audiente
668 1061 733 1118 me
755 1035 875 1119 verba
897 1035 979 1117 haec
997 1033 1209 1119 Trevirensr
1238 1029 1446 1146 Episcopo,
1471 1041 1511 1116 ἀ
1534 1031 1663 1119 Colo·
1742 1108 1747 1115 .

218 1150 304 1245 niae,
325 1155 366 1231 ἃ
388 1152 630 1261 Mogunrino
647 1144 857 1261 Episcopis.
940 1147 1219 1233 Annuntitrum
1242 1148 1287 1231 stt
1302 1146 1462 1233 tobisi
1489 1151 1673 1232 Domino.

217 1265 333 1345 DEO
360 1288 506 1374 magno
534 1267 575 1343 δι
602 1263 826 1360 tremendo,
850 1267 892 1344 ἀ
918 1260 967 1343 ab
993 1258 1151 1374 Angeso
1179 1264 1394 1345 testamenti
1421 1258 1510 1345 hori
1538 1263 1676 1365 huius,-

220 1399 266 1459 ttt
287 1376 368 1464 hoec
390 1375 524 1472 verba,
542 1379 864 1489 quaeinrenrritit
891 1377 932 1458 in
959 1373 1129 1486 praesenti
1158 1371 1288 1471 libro,
1319 1377 1552 1459 annuntietis
1584 1378 1663 1461 tto
1846 1396 1849 1401 ’

218 1515 344 1574 mana
371 1487 556 1589 Ecclestar,
583 1493 740 1600 totique
767 1485 917 1600 populo
947 1493 988 1570 δι
1013 1493 1123 1572 omni
1151 1485 1322 1600 Ecclefitr
1359 1530 1375 1555 =
1414 1483 1539 1572 nolite
1565 1489 1664 1574 arbi·

221 1605 337 1700 trari,
365 1603 429 1685 hic
457 1597 532 1686 esse
559 1600 744 1717 figmenta
776 1597 1013 1692 mulierumt
1054 1606 1145 1716 quia
1172 1629 1255 1686 non
1279 1597 1386 1697 sunt,
1411 1601 1476 1686 sed
1502 1601 1526 1687 i
1550 1604 1664 1688 ΒΕΘ

217 1739 332 1918 me
369 1716 524 1831 optino
560 1765 578 1787 ·
615 1715 731 1832 quod
779 1737 912 1802 autem
957 1713 1073 1801 tobit
1123 1715 1247 1814 diro,
1271 1719 1436 1870 caterio
1482 1716 1667 1802 omnibus

651 2074 873 2207 Sermo
916 2069 1242 2208 Elizabeth

258 2261 345 2374 De
379 2260 632 2370 Undecim
668 2263 885 2374 millibus
920 2258 1217 2404 Vir'ginum‚
1261 2241 1465 2402 aliisque
1497 2259 1634 2372 Mar·
1669 2340 1673 2353 .

511 2422 707 2562 tyribus
758 2423 908 2561 paffis
964 2430 1093 2528 inter
1142 2454 1224 2530 cas
1277 2421 1396 2587 (Ζο-Ι

862 2579 1027 2687 loniae.

912 2789 933 2819 ἰ

354 2837 479 2934 Obie,
503 2839 572 2948 qui
601 2841 690 2948 pios
717 2829 914 2923 affectus'
973 2861 995 2920 a
1022 2862 1091 2933 ea,
1118 2863 1206 2950 quae
1238 2831 1365 2925 stoma
1393 2833 1501 2934 sunt,
1528 2815 1671 2950 geritis

382 2979 460 3064 ego
474 2945 672 3036 Elizabeth
689 2947 834 3036 famula
851 2946 950 3036 aneis
965 2977 1069 3036 atum
1079 2954 1259 3052 Domini,
1268 2979 1355 3064 quae
1368 2947 1451 3038 sunt
1469 2956 1510 3035 in
1524 2948 1674 3036 Schin-

227 3061 1562 3292 n·sustinuisti-²111istumistun&rtsr‘st‘}
1584 3057 1673 3288 ξῗὲἒ

225 3302 271 3382 in
296 3291 480 3393 suburbio
507 3287 755 3376 Colonienfis
787 3294 964 3377 Civitatis
998 3318 1072 3403 pro
1104 3295 1245 3379 Christi
1276 3296 1437 3379 nomine
1459 3297 1500 3377 itt
1534 3289 1675 3392 diebus¹

228 3411 401 3521 antiquis
422 3409 644 3516 martyrium
660 3400 762 3516 passa
783 3406 847 3488 est.
905 3407 971 3489 De
992 3407 1051 3489 his
1073 3409 1177 3490 enim
1198 3434 1262 3490 me
1282 3403 1392 3490 silere
1410 3430 1493 3493 oon
1512 3407 1673 3518 permit·

230 3544 322 3609 tunt
343 3519 505 3634 quidam
525 3520 641 3602 bonae
658 3521 895 3629 operationis
913 3523 1004 3616 viri,
1029 3522 1098 3631 qui
1123 3520 1175 3603 ad
1197 3522 1278 3605 haec
1305 3519 1569 3634 investiganda
1589 3520 1676 3603 diu·

232 3642 315 3722 tina
335 3660 400 3721 me
420 3629 680 3745 postulatione
703 3630 868 3716 multum
891 3636 1119 3717 renitentem
1140 3629 1425 3746 compulerunt.
1475 3637 1568 3719 Scio
1588 3636 1675 3747 qui·

233 3749 554 3859 dem,quoniam
582 3751 624 3828 δι
658 3749 749 3829 hinc
771 3743 955 3856 sumpturi
985 3742 1069 3831 sunt
1098 3747 1339 3832 occasionem
1366 3745 1583 3862 flagellandi
1612 3772 1677 3831 me

234 3859 378 3972 linquis
393 3856 466 3943 suis
486 3861 541 3957 hi,
560 3866 629 3971 qui
648 3858 893 3942 adversantur
911 3866 1037 3973 gratiae
1059 3862 1138 3944 Dei
1152 3865 1191 3942 in
1217 3888 1294 3958 me,
1320 3856 1386 3946 sed
1403 3858 1618 3945 voluntarie
1634 3857 1677 3943 id
1840 3917 1845 3926 -

239 3973 443 4071 sustinebo,
469 3975 562 4084 quia
580 3968 728 4083 aliquid
750 3976 938 4056 mercedis
955 4001 1020 4061 me
1034 3998 1272 4087 recepturam
1296 3971 1424 4088 spero,
1449 3973 1476 4060 fi
1498 3998 1560 4058 tor
1575 3994 1676 4055 mtr-
1794 3995 1797 4001 ·

331 4086 393 4177 D.
407 4087 454 4173 E.
467 4081 780 4173 Amendae.
796 4085 900 4174 Pars
914 4086 970 4176 tt
1242 4092 1281 4172 Υ
1548 4108 1677 4196 tyrum
