3796 4994
525 304 866 442 'Observationes
889 297 950 407 {ad
970 291 1122 410 Reoel.
1139 305 1192 408 de
1205 234 1396 445 agreria}
1579 340 1682 459 533·

242 518 616 660 compoffibnia
637 550 759 625 cunr
781 520 1162 624 circumstantiis
1185 539 1506 652 temporum,
1527 538 1619 626 aut
1631 520 1684 624 li·

232 665 397 771 lentio
426 662 723 767 Authorum
745 690 1068 767 coaevorum.

315 842 318 846 ·
359 811 412 891 Ut
435 808 475 887 in
495 808 567 887 hac
583 808 739 888 materia
758 803 970 916 procedam
989 799 1177 901 ordinate,
1195 803 1384 912 praemitto
1402 799 1484 886 duo
1497 797 1688 891 Postulat!

245 948 294 1008 ex
307 922 411 1009 Arte
427 919 584 1016 critica,
604 946 721 1031 quam
738 918 845 1001 edidi
859 922 899 1000 in
912 911 1157 1027 Philosophia
1175 910 1415 1029 Pollingana.
1551 1027 1554 1031 .

361 1029 595 1142 Postulutum
618 1063 652 1117 1.
687 1026 756 1114 llla
786 1033 888 1144 gesta
910 1026 992 1116 sunt
1024 1025 1222 1113 moraliter
1249 1028 1571 1141 incompoffibilia
1603 1061 1694 1124 eunt

244 1149 533 1237 'circumstantiis
556 1172 809 1258 temporum,
834 1171 921 1257 quat
937 1149 1041 1250 iuxta
1064 1144 1181 1261 leger
1208 1142 1511 1261 Contingenlium
1536 1153 1600 1234 vix
1621 1177 1692 1235 un·

249 1292 369 1377 quam
391 1256 514 1346 solent
537 1261 720 1372 conjungi
749 1286 833 1344 cum
854 1256 1049 1362 eiusmodi
1075 1260 1371 1368 circumstantiis.
1398 1261 1499 1348 Part.
1523 1292 1560 1348 ι.
1583 1269 1693 1370 Μ

249 1382 310 1466 Ν.’
329 1408 364 1484 3.
382 1406 421 1477 4.
450 1379 611 1478 pbri.
635 1404 669 1458 a.
690 1376 745 1458 N.
775 1400 811 1456 ι.
838 1372 944 1457 Artis
972 1373 1141 1459 Criticae.

367 1486 607 1602 Postulatum.
637 1518 674 1573 a.
712 1482 780 1570 llla
804 1488 908 1601 gesta
928 1482 1014 1572 sunt
1041 1485 1239 1573 moraliter
1261 1486 1583 1603 intompoliibilia
1605 1519 1696 1579 cum
1757 1532 1760 1541 ·

184 1636 188 1651 ·
250 1603 402 1694 silentio
429 1606 647 1688 Authorum
673 1627 907 1697 coaevorum,
925 1627 1011 1714 quae
1032 1596 1316 1713 potuissem&
1336 1601 1553 1690 debuissent
1572 1633 1697 1696 anno-

183 1752 188 1761 ·
255 1725 338 1805 tari.
397 1714 461 1802 illa
479 1741 610 1799 autem
629 1709 837 1826 potuissent
853 1719 1042 1814 annotari,
1069 1739 1237 1827 quorum
1251 1719 1289 1797 in
1303 1717 1560 1828 Scriptoribus
1575 1720 1699 1807 daba-

255 1859 319 1918 tur
342 1830 559 1917 indubitata
578 1834 726 1914 notitia.
784 1832 833 1915 Et
855 1854 901 1911 ea
923 1825 1139 1911 debuissent
1164 1833 1353 1928 annotari,
1378 1856 1465 1942 quae
1488 1836 1564 1940 jam
1579 1836 1699 1921 exin·

257 1951 391 2034 slituto
415 1969 521 2030 erant
546 1951 704 2028 materia
722 1945 947 2056 scriptionis
965 1947 1005 2026 in
1024 1941 1174 2053 specier
1218 1968 1433 2055 quaerant
1455 1945 1558 2031 adeo
1582 1946 1701 2063 digna

257 2084 550 2159 memoramur
570 2085 651 2141 non
670 2055 892 2142 censeantur
908 2052 1040 2142 omissa
1065 2051 1141 2141 else
1161 2082 1209 2140 ex
1231 2060 1389 2160 incuria,
1404 2082 1470 2143 aut
1488 2054 1702 2156 oblivione,

258 2182 298 2259 δι
320 2176 371 2260 ad
395 2200 482 2288 quae
498 2170 696 2258 scribenda
726 2173 915 2258 dabantur
933 2167 1107 2284 specialia
1132 2174 1282 2255 motiva
1307 2174 1349 2256 in
1362 2173 1556 2273 Authore,
1577 2175 1619 2260 id
1635 2181 1703 2283 eii,

245 2287 378 2386 ralia,
412 2316 582 2402 quorum
616 2285 815 2401 negledius
844 2285 1026 2371 redderet
1044 2284 1263 2370 Authorem
1284 2285 1581 2397 imprudentem.
1617 2296 1705 2385 Art.

260 2409 355 2604 eriit.
375 2408 476 2491 Part.
501 2433 536 2489 a.
558 2409 602 2506 s.
627 2428 666 2505 4.
696 2406 820 2489 Num.
840 2430 875 2488 1.
933 2405 1005 2485 His
1027 2396 1216 2514 praemiffis
1236 2392 1477 2489 affectionem
1496 2400 1629 2516 probo
1652 2409 1706 2495 ab

261 2519 499 2607 inudione.
560 2535 563 2539 ’
1144 2554 1156 2563 ·
1694 2558 1697 2562 -

384 2659 420 2718 r.
452 2628 689 2717 'imbuuntur
697 2636 741 2717 B.
751 2630 900 2745 Virgini
918 2625 1101 2721 miracula
1119 2631 1330 2731 innumera,
1345 2628 1499 2748 aliaque
1516 2639 1615 2723 Abia
1624 2644 1709 2731 maa,
1782 2683 1786 2692 ·
1853 2728 1860 2740 ι

265 2752 360 2836 ximi
394 2749 584 2831 momenti
614 2750 730 2829 etiam
760 2740 935 2857 publica,
964 2772 1135 2859 quorum
1159 2770 1289 2830 tamen
1313 2742 1437 2831 nullus
1457 2753 1535 2833 anti
1566 2776 1708 2835 uorum

264 2866 503 2974 Scriptorum
524 2862 711 2956 meminit,
734 2885 785 2943 ne
804 2861 966 2972 quidem
989 2862 1028 2943 in
1047 2887 1201 2973 genere.
1217 2887 1253 2946 v.
1270 2888 1308 2974 g.
1338 2860 1512 2970 Quando
1531 2778 1714 2977 lquitpraei

268 2974 413 3063 sentata
433 2977 473 3056 in
490 2969 675 3084 Templo,
700 2969 885 3086 splendor
905 2968 1067 3087 replevit
1091 2995 1215 3059 totam
1238 2973 1417 3073 domum,
1445 2981 1484 3059 δι
1507 2977 1639 3074 audita
1656 2978 1712 3065 esi

269 3112 365 3187 vox,
391 3088 541 3172 dicens:
569 3087 670 3173 Veni
685 3084 825 3202 Sponsa
844 3113 937 3173 mea.
956 3092 1030 3171 διε.
1047 3093 1122 3173 &c
1149 3092 1193 3176 P.
1217 3115 1254 3175 r.
1278 3091 1333 3173 N.
1352 3115 1452 3189 4²1·

210 3256 224 3287 .
388 3231 425 3286 2.
461 3204 567 3286 Dum
587 3195 763 3314 loquitur
787 3228 873 3286 cum
900 3198 982 3286 aliis
1004 3197 1164 3315 puellis,
1189 3203 1365 3287 emedio
1390 3198 1541 3291 illarum
1568 3210 1714 3320 rapitur

271 3319 389 3404 'etiam
412 3311 621 3400 secundum
642 3342 783 3426 corpus
802 3321 843 3400 in
861 3311 1018 3401 coelum.
1046 3319 1090 3399 P.
1111 3342 1146 3397 1.
1162 3318 1216 3401 N.
1232 3343 1330 3416 429.
1345 3345 1372 3418 4
1378 3330 1441 3425 ³⁶·
1714 3404 1718 3411 ,

395 3459 430 3532 3.
458 3427 634 3538 Quando
665 3425 960 3541 desponsabatur
988 3432 1026 3513 S.
1054 3426 1242 3539 Joseph0,
1260 3430 1439 3516 Summus
1459 3432 1649 3521 arcerdos
1672 3432 1720 3521 in²

275 3539 449 3655 plenario
471 3539 658 3627 Concilio
675 3544 929 3628 Sacerdotum
950 3545 1200 3656 congregavit
1218 3570 1355 3628 omnes
1372 3551 1544 3649 Juvenes
1568 3575 1613 3633 ac
1635 3576 1716 3637 ma·

276 3652 400 3744 sculos
415 3650 559 3739 solutos
583 3654 631 3739 err
650 3656 770 3740 Tribu
788 3658 910 3760 luda,
932 3682 1102 3768 quorum
1122 3652 1275 3768 fingulis
1294 3659 1453 3744 tradidit
1476 3689 1623 3747 ramum
1645 3665 1718 3748 ari·

277 3765 1645 3882 dum.TuncflorerecoepitlolusramusS.Josephi.Part.r.Num.75a.7
1652 3807 1671 3882 5
1680 3807 1719 3881 3.

395 3915 434 3986 4.
463 3879 576 3969 Multi
594 3910 642 3969 ex
661 3881 746 3968 solo
760 3882 912 3996 aspedtu
930 3891 971 3969 B.
990 3886 1154 3997 Virginis
1172 3884 1562 3993 convertabantur,&
1581 3917 1720 3983 omncs

282 4024 330 4083 ex
351 4005 428 4102 eius
444 3997 635 4109 praesentia
652 3997 798 4083 fiebant
815 3995 1076 4111 persediores.
1093 4005 1192 4083 Part.
1211 4029 1247 4084 2.
1262 4003 1412 4084 ΝΜ.

403 4138 439 4211 5.
477 4118 522 4192 ln
549 4117 707 4210 itinere,
732 4115 894 4227 quando
914 4108 1141 4198 visitabat&
1163 4110 1434 4227 Elisahtham,
1455 4114 1657 4228 invisebat,
1680 4124 1723 4203 ὰ

280 4220 1023 4341 sanabat·ae'gror.1³art.r.tium,ao7.
1367 4306 1372 4313 .
1581 4258 1584 4265 ·

424 4356 429 4364 ·
1026 4342 1193 4457 Haut
1429 4348 1432 4353 ’
1581 4343 1728 4458 Reddi
