3796 4994
233 312 332 410 224
530 284 636 411 Reg.
664 271 813 376 Prasl.
836 306 892 373 err
916 282 958 376 S.
980 238 1122 414 [joar.
1148 276 1199 375 de
1222 283 1369 386 Crrrre,
1428 246 1432 250 s

227 489 352 567 anima
379 506 604 593 operantur,
630 481 745 596 quod
773 478 994 594 fignificant,
1049 480 1180 570 Verba
1200 483 1431 567 ordinat'ain
1454 480 1582 568 sonna
1600 479 1671 569 dis·

228 593 352 680 cursus
378 594 500 679 solent
521 593 561 679 se
583 603 745 679 invicem
774 592 983 707 consequi,
1019 596 1181 706 quando
1213 600 1337 681 anima
1373 599 1674 710 cogitationibus

230 713 327 793 intra
353 706 507 821 seipsam
544 704 722 809 collem,
753 715 791 791 dr
827 713 867 791 in
899 707 1232 819 contemplatione
1267 708 1465 818 profundi
1493 708 1674 823 absorpta

229 824 305 906 ests
353 829 465 906 Tunc
482 824 533 906 dc
552 850 597 905 ea
618 824 789 917 materia,
814 847 932 935 quam
955 816 1144 932 assumpsit
1174 823 1513 920 mnfiderandam,
1546 821 1672 910 secum

228 929 416 1048 loquitur,
443 934 613 1020 discurrit
637 937 689 1018 ab
719 961 797 1018 uno
825 938 876 1018 ad
905 930 1090 1032 alterum,
1117 940 1159 1016 ἃ
1186 932 1371 1019 facillimo
1398 931 1537 1021 labore
1565 944 1673 1023 inve·

226 1055 489 1133 dictationes.
543 1049 624 1161 Ipsa
653 1045 815 1133 facilitas
838 1051 1105 1131 occurentium
1129 1055 1323 1132 rationum
1361 1052 1603 1152 contribuit,
1631 1075 1672 1135 ut

229 1165 406 1246 videatur
429 1191 496 1247 eas
516 1168 686 1246 rationes
709 1162 759 1245 ab
788 1158 864 1244 alio
895 1166 1081 1271 accipere,
1112 1187 1192 1245 non
1223 1166 1398 1246 invenite
1432 1170 1590 1277 propria
1614 1169 1671 1248 in·

135 1301 137 1305 ’
227 1275 388 1364 dullrias
419 1272 539 1388 seque
570 1271 764 1359 asculeami
790 1268 1008 1358 fimiliorem
1030 1269 1140 1372 elle,
1158 1274 1280 1387 quarn
1310 1272 1504 1388 loquenti.
1562 1281 1612 1362 Et
1630 1278 1671 1363 id

225 1389 387 1500 quidem
417 1417 498 1473 nou
526 1389 605 1473 stne
633 1394 802 1476 rationes
849 1413 931 1472 tum
961 1393 1054 1500 quia
1090 1415 1222 1472 revera
1251 1387 1302 1472 fic
1327 1383 1453 1474 secum
1484 1419 1554 1502 pet
1582 1420 1671 1476 mo·

227 1504 321 1585 dum
356 1505 517 1586 duarum
550 1500 861 1615 colloquentium
890 1496 1084 1598 discurrit,
1114 1529 1159 1585 ac
1189 1506 1328 1600 etiam,
1358 1511 1449 1616 quia
1470 1507 1567 1616 laepe
1585 1509 1671 1616 Spi-

223 1619 319 1700 ritus
341 1619 498 1702 Sanclus
514 1618 671 1721 adjuvat
693 1613 868 1726 proferte
891 1616 1083 1716 eiusmodi
1111 1613 1305 1712 discursus,
1332 1617 1462 1713 verba,
1484 1624 1525 1700 dr
1553 1624 1670 1702 ratio·

226 1732 452 1813 cinationes.
538 1734 644 1814 Nam
674 1757 762 1812 cum
790 1732 919 1811 anima
944 1736 984 1812 in
1016 1724 1347 1839 contemplatione
1376 1736 1479 1815 unita
1511 1730 1555 1815 iit
1582 1735 1670 1843 Spi-

224 1847 313 1926 ritui
334 1846 501 1944 Sancto,
529 1869 671 1957 eatque
695 1871 765 1953 per
788 1839 988 1925 discursum
1010 1841 1061 1924 ab
1085 1869 1162 1924 una
1190 1848 1349 1926 ueritate
1381 1848 1432 1927 ad
1456 1839 1583 1946 aliam,
1612 1842 1668 1944 fit,

223 1962 327 2038 ut&
351 1960 511 2069 Spiritus
533 1959 692 2042 Sanclus
715 1957 765 2037 ad
794 1983 916 2039 novas
945 1959 1121 2038 veritates
1145 1960 1295 2061 januam
1330 1962 1500 2069 aperiat,
1519 1954 1669 2045 lumen·

223 2097 305 2182 que
332 2071 521 2155 conferat.
578 2074 683 2153 Dum
710 2096 805 2179 ergo
839 2062 1053 2152 intelledus
1082 2067 1134 2152 stc
1155 2071 1179 2153 ai
1203 2070 1338 2153 divino
1364 2067 1511 2154 lumine
1539 2068 1668 2156 collu-

222 2185 368 2282 stratus,
396 2190 436 2266 δι
462 2189 501 2265 in
522 2185 716 2293 principiis
747 2185 943 2266 instructus
971 2209 1035 2264 eas
1059 2188 1237 2266 veritates
1260 2181 1503 2292 particulares
1531 2181 1668 2270 souta-

219 2319 296 2394 tur,
319 2294 463 2381 format
486 2300 647 2408 proprio
670 2321 790 2378 marte
810 2321 856 2378 ea
883 2297 1013 2392 verba,
1044 2293 1282 2379 discursus&
1312 2293 1582 2382 conclusiones
1601 2304 1669 2385 cit·

113 2464 118 2470 -
223 2436 268 2494 ca
288 2406 371 2494 illas
394 2415 571 2494 veritates
591 2410 645 2493 de
675 2409 817 2522 quibus
841 2413 914 2513 jam
947 2415 1049 2519 prius
1085 2405 1253 2520 generali
1281 2416 1508 2521 cognitione
1543 2409 1667 2496 suerat

220 2527 421 2608 instrudlus
443 2520 612 2608 aliunde.
666 2525 802 2635 ltaque
820 2521 886 2605 hic
908 2549 1041 2637 ¹uerum
1072 2528 1135 2618 est,
1161 2550 1299 2606 vocem
1328 2521 1402 2608 csse
1423 2526 1564 2626 Jacob,
1586 2552 1662 2610 ma·

220 2663 292 2719 nus
318 2663 446 2720 autem
474 2636 581 2722 Esau.
641 2632 711 2722 Ille
734 2659 875 2732 autem,
897 2641 958 2717 cui
987 2637 1054 2716 iila
1080 2642 1333 2749 contingunt,
1360 2666 1560 2751 uunquam
1586 2665 1664 2723 cre·

224 2750 305 2850 det,
328 2749 528 2854 severasse
545 2746 632 2848 elle,
652 2779 737 2864 quae
752 2751 934 2836 dicimuss
972 2746 1038 2830 sed
1058 2752 1299 2847 existimabit,
1330 2753 1447 2834 verba
1466 2761 1501 2833 dr
1525 2749 1663 2837 discut·

221 2859 282 2947 sus
301 2890 433 2947 revera
455 2861 528 2947 esse
547 2865 700 2964 alicuius
751 2860 891 2947 ersonae
913 2869 1051 2959 tertiae,
1081 2869 1290 2973 ignorans,
1320 2865 1439 2977 quim
1467 2865 1581 2951 sacile
1608 2872 1661 2949 in·

216 2971 391 3062 telledus
413 2974 557 3063 formet
583 2976 704 3062 discut
720 3004 761 3058 us
790 2982 887 3059 circa
918 2982 1095 3059 veritates
1113 2979 1162 3059 ab
1194 2972 1270 3059 alio
1329 2978 1530 3090 toposrtas.
1588 2985 1669 3066 Ve-

218 3116 305 3177 rum
353 3090 483 3175 uidem
507 3095 572 3192 est,
593 3097 633 3174 in
660 3090 850 3191 ejusmodi
877 3085 1188 3173 illustrationibus
1214 3008 1429 3175 intelledus
1453 3090 1669 3176 secundum

216 3201 256 3289 se
283 3120 427 3288 ntlllam
463 3202 539 3289 eise
572 3206 865 3315 deceptionems
910 3204 1036 3313 potest
1075 3227 1203 3286 tamen
1248 3202 1362 3304 effe,
1384 3211 1508 3289 immo
1548 3211 1670 3292 ctiam

218 3320 449 3431 plenamque
474 3323 529 3402 est
554 3319 737 3428 deceptio
764 3325 804 3399 in
826 3317 952 3399 verbis
973 3315 1266 3416 &discursibus
1296 3319 1345 3401 ab
1367 3316 1568 3405 intelleciu
1594 3324 1663 3404 cir·

85 3484 89 3489 ι
216 3458 262 3513 ca
284 3428 368 3514 illas
393 3436 570 3516 veritates
597 3430 784 3514 formatis.
851 3434 955 3515 Nam
980 3457 1067 3514 cum
1092 3427 1225 3513 lumen
1254 3427 1352 3514 illud
1376 3434 1559 3518 divinitus
1582 3426 1662 3518 eol·

216 3539 335 3627 latum
365 3547 607 3658 quandoque
631 3544 675 3628 fit
702 3538 817 3627 valde
846 3538 1004 3638 subtile,
1029 3547 1081 3626 ita
1110 3569 1152 3627 ut
1180 3543 1229 3627 ab
1258 3541 1456 3633 intellectu
1488 3575 1574 3631 non
1592 3547 1657 3631 be·

215 3684 266 3740 ne
293 3653 537 3768 agnoscatut;
566 3653 778 3740 intelledlus
805 3658 900 3740 verb
929 3685 977 3740 ex
1000 3654 1200 3768 semetipso
1226 3656 1389 3769 desuper
1417 3659 1564 3745 fonnet
1580 3657 1653 3745 suas

213 3775 550 3868 ratiocinationes,
581 3775 771 3881 contingit
802 3797 864 3852 eas
894 3767 988 3880 saepe
1018 3767 1147 3883 effingi
1186 3765 1319 3867 salsas,
1347 3776 1543 3856 interdum
1567 3774 1648 3859 need

212 3884 359 3967 tantum
390 3882 644 3982 verofimiles,
676 3910 741 3966 aut
760 3881 917 3966 aliunde
939 3882 1193 3993 imperfectas.
1248 3889 1375 3982 Nam,
1399 3884 1491 3970 licet
1511 3889 1561 3971 ab
1591 3890 1647 3970 ini

213 4002 270 4081 tio
298 4003 496 4111 arripuerit
522 3995 630 4084 filum
659 4001 840 4094 veritatis,
867 4000 989 4082 statim
1012 4018 1142 4081 tamen
1173 3993 1328 4081 associat
1352 3998 1456 4083 suam
1474 4002 1646 4091 indubia

1559 4140 1645 4229 pen·
