3772 4988
141 235 146 242 ’
210 237 307 325 118
602 212 924 314 Revelctirner-
944 219 989 314 S.
1026 217 1269 315 Gerrrudr'r.

93 522 97 529 ι
204 415 336 504 Africa
363 419 404 500 dr
426 412 514 502 Asia
538 442 627 531 que
645 417 774 502 adbuc
803 440 911 503 erant
930 414 1166 515 catholice,
1188 442 1296 535 erant
1319 422 1478 530 exigue,
1503 444 1551 506 rc
1570 444 1649 505 cer·
1711 434 1715 441 '

206 533 252 621 re
280 557 418 614 omnes
447 527 554 613 simul
584 528 738 642 sumpta
764 558 848 614 non
875 529 1080 643 aequabant
1108 527 1287 614 Galliam.
1343 538 1431 634 Jam
1456 539 1497 617 in
1522 531 1649 618 Gallia
1696 622 1705 633 ,

206 666 457 731 numerantur
481 671 548 728 ιο.
570 639 762 727 missiones
781 645 997 739 hominum,
1014 646 1053 726 in
1073 665 1157 727 tota
1175 647 1330 754 Europa
1349 671 1428 728 non
1450 674 1652 731 numeran-

210 780 275 841 ntr
296 756 321 839 i
341 757 586 866 Geogrrphis
604 751 701 838 ultra
720 781 815 854 ¹50·
834 751 1040 851 missiones,
1064 757 1206 869 quibus
1226 755 1252 838 sr
1268 757 1459 842 addantur
1485 785 1549 840 ιο.
1568 755 1653 843 mii·

212 865 340 953 iiones
362 895 410 948 ex
435 863 517 951 aliis
537 867 721 980 partibus,
746 861 910 951 Ecclesia
932 894 1015 951 non
1035 866 1238 978 complexa
1258 871 1311 952 est
1332 869 1429 952 ultra
1459 899 1552 968 ¹70·
1569 866 1654 955 mil·

211 979 340 1066 diones
365 985 590 1065 animarum.
674 982 716 1065 Si
745 979 768 1065 ὲ
795 1004 951 1064 centum
990 980 1214 1064 hominibus
1249 986 1348 1065 intra
1385 1008 1530 1077 annum
1568 1011 1654 1068 mo·

216 1099 365 1179 riuntur
383 1117 576 1205 quatuor,
596 1119 647 1176 ex
662 1095 707 1175 iis
726 1092 910 1177 omnibus
934 1095 1031 1176 imre
1056 1119 1198 1176 annum
1218 1120 1300 1176 non
1317 1099 1533 1180 morientur
1560 1094 1655 1181 ultre

122 1258 126 1267 ·
216 1234 259 1307 7.
286 1199 505 1305 milliones‚
534 1210 575 1288 dc
600 1209 699 1289 intra
726 1208 831 1289 diem
862 1199 960 1288 ultra
986 1207 1120 1318 viginti
1144 1201 1296 1295 milliar
1346 1212 1498 1291 existis
1523 1211 1656 1322 viginti

95 1351 97 1356 ·
215 1314 388 1406 millibus
413 1317 572 1402 dimidia
599 1320 703 1403 certi:
731 1344 819 1430 pars
841 1323 1004 1400 moritur
1024 1313 1087 1400 ves
1106 1322 1146 1401 in
1169 1317 1349 1412 infantia,
1371 1315 1435 1402 vel
1461 1321 1656 1408 descendit

156 1506 159 1511 .
216 1435 261 1518 in
277 1429 494 1519 infernumr
534 1436 649 1543 igitur
676 1426 908 1543 impossibile
936 1453 1046 1528 erat,
1079 1456 1122 1514 ur
1145 1435 1243 1514 intra
1268 1433 1371 1515 diem
1393 1430 1493 1516 ultra
1521 1437 1657 1519 decem

123 1579 127 1585 ·
216 1539 338 1633 millia
359 1541 623 1628 descenderint
639 1544 679 1626 in
703 1571 755 1656 pu
824 1547 978 1626 torium.
1061 1545 1148 1642 Jam
1175 1539 1305 1628 versus
1321 1549 1361 1629 in
1383 1540 1566 1631 Psairerio
1587 1574 1657 1632 nu·

221 1659 372 1743 meravi
392 1685 439 1758 η
455 1685 517 1752 rr,
540 1654 567 1739 st
587 1682 661 1767 pro
691 1569 873 1769 qudsibet
894 1651 1002 1740 versu
1032 1648 1242 1741 liberantur
1268 1679 1344 1741 tres
1369 1662 1519 1756 anime,
1542 1657 1656 1774 quili-

220 1768 293 1855 b'et
309 1773 471 1855 recitans
493 1765 710 1854 Psriterium
740 1769 875 1853 liberat
899 1763 996 1852 ultra
1018 1794 1129 1866 7000
1158 1774 1314 1865 animas,
1343 1773 1382 1851 dt
1402 1797 1490 1859 cum
1514 1776 1555 1856 in
1575 1769 1658 1857 solu

219 1884 453 1967 monasterio
480 1882 517 1965 S.
546 1882 749 1967 Gertrudis
776 1879 916 1965 fuerint
946 1877 1043 1965 ultra
1070 1905 1222 1964 centum
1252 1879 1454 1979 moniales,
1475 1880 1657 1999 sequitur,

159 2082 166 2093 ,
221 1994 338 2108 quod
363 1999 459 2079 intra
481 1995 584 2079 diem
610 1992 853 2078 liberaverint
883 1991 969 2102 plus
993 1993 1112 2107 quim
1135 2021 1304 2090 700000
1330 2001 1496 2091 animas,
1517 1997 1658 2111 quibus

219 2106 412 2193 addendae
428 2102 506 2191 'illae
528 2112 674 2205 animae,
698 2134 793 2219 quas
814 2110 853 2190 S.
878 2108 1092 2190 Gerttudes
1115 2103 1291 2190 liberavit
1317 2135 1427 2191 motu
1449 2104 1588 2222 lingue
1611 2112 1660 2194 ad

223 2213 372 2332 finguia
400 2220 520 2304 verba
549 2213 743 2317 Psalrerii,
780 2244 865 2331 quae
896 2219 1091 2303 excedunt
1132 2246 1287 2318 70000.
1323 2220 1493 2332 sequitur
1559 2228 1660 2322 min,

223 2334 341 2447 quod
360 2337 399 2416 in
417 2327 503 2417 solo
527 2333 757 2416 monasterio
783 2333 823 2416 S.
848 2332 1051 2417 Gertrudis
1078 2337 1175 2415 intra
1204 2335 1306 2415 diem
1328 2330 1495 2418 iiberatae
1520 2253 1661 2421 sutrim

225 2443 317 2558 pius
344 2471 461 2557 quam
501 2471 671 2543 770000
699 2450 855 2541 animae,
883 2444 925 2549 id
962 2447 1035 2545 est,
1069 2440 1194 2558 plures
1224 2471 1341 2557 quam
1371 2456 1470 2530 intra
1496 2477 1552 2544 77
1579 2453 1662 2533 dies

224 2561 425 2670 potuerint
444 2553 676 2643 descendere
694 2562 734 2642 in
760 2562 1037 2669 purgatorium.
1113 2563 1200 2662 Jam
1225 2559 1329 2641 adde
1350 2586 1553 2645 numerum
1574 2555 1662 2645 Mis·

69 2734 72 2739 .
226 2666 363 2769 satum,
388 2675 427 2752 dc
460 2665 592 2756 talium
614 2678 971 2783 comprecarionum
995 2695 1066 2779 per
1087 2670 1296 2753 universam
1328 2675 1538 2780 Europam,
1557 2694 1667 2760 erant·

227 2784 283 2870 nd
310 2786 508 2867 minimum
535 2807 628 2868 tunc
664 2787 849 2895 temporis
891 2806 1060 2866 200000
1097 2779 1292 2895 Religiosae
1337 2789 1374 2865 dr
1409 2780 1591 2898 Religiosr
1622 2793 1662 2872 in

211 2898 388 3007 -Europa
396 2953 411 2993 ‚
449 2896 577 2980 tribue
596 2892 747 3007 fingulis
768 2894 1014 2980 recitantibus
1068 2890 1256 2980 salterium
1288 2922 1402 2994 7000
1428 2906 1600 2998 animas,
1625 2908 1662 2985 dr

231 3036 351 3097 unam
378 3007 528 3121 fingui'u
551 3005 680 3105 Misus,
710 3032 829 3121 prout
860 3002 999 3092 volunt
1021 2923 1102 3093 aba
1135 3005 1405 3106 revelationes,
1436 3040 1524 3208 Ἔα
1548 3020 1662 3099 ctiam

229 3150 302 3236 per
338 3125 443 3206 diem
476 3116 768 3204 cedebrabantur
796 3116 893 3204 ultra
928 3147 1121 3223 300000,
1153 3122 1314 3206 habebis
1345 3120 1451 3235 singu
1472 3132 1500 3208 's
1526 3126 1663 3213 diebus

229 3235 319 3349 plus
341 3264 458 3348 quam
480 3261 588 3332 1400
620 3230 811 3317 missiones
836 3238 1043 3318 animarum
1064 3232 1336 3336 liberatarum,
1365 3241 1406 3319 id
1429 3243 1483 3321 est
1505 3263 1570 3326 tot
1587 3247 1663 3326 ani·

232 3368 395 3443 marum,
423 3371 528 3461 quot
549 3352 646 3430 intra
669 3371 811 3446 70000
834 3371 958 3430 annos
975 3374 1056 3430 non
1081 3347 1234 3458 possent
1254 3347 1489 3435 descendere
1508 3352 1561 3435 ad
1579 3384 1665 3467 pur·

223 3468 440 3579 ‚geroriurm
477 3459 504 3542 sr
536 3483 598 3543 tot
629 3466 736 3542 annis
770 3455 921 3544 stetisset
961 3460 1140 3546 mundus.
1220 3464 1385 3545 Verum·
1404 3466 1572 3575 quidem
1603 3470 1664 3564 est.

233 3576 350 3692 qbod
375 3568 423 3657 8.
438 3574 651 3657 Gertrudes
669 3599 743 3684 pro
763 3571 982 3657 obtinendo
1002 3567 1069 3655 tali
1088 3568 1225 3658 effeuu
1249 3569 1417 3658 Psalterii
1431 3573 1587 3690 insuper
1611 3609 1664 3667 re·

265 3692 381 3784 uitat,
410 3708 453 3769 ut
480 3679 663 3772 Psalterio
690 3687 941 3798 adjungantur
967 3690 1145 3799 quinque
1173 3683 1420 3773 oratiunculae
1444 3690 1503 3776 ibi
1524 3721 1667 3809 expres·

280 3805 350 3903 ,dc
368 3794 440 3882 alia
463 3798 640 3911 quaedam
660 3803 840 3883 exercitia
867 3801 1033 3908 pietatis,
1051 3799 1200 3883 ibidem
1221 3799 1404 3913 expressa,
1425 3831 1572 3922 nempe
1594 3838 1663 3913 ¹5⁰

232 3922 348 4013 Peter
364 3913 495 4002 noster
514 3917 591 4003 dcc.
616 3910 685 4002 sed
707 3937 797 3999 cum
816 3905 918 3999 sevir
932 3905 998 3995 rur
1019 3910 1106 4016 bru,
1120 3912 1166 3999 id
1185 3938 1269 3999 nnn
1280 3918 1468 4028 impedit,
1488 3930 1586 4039 quin
1604 3926 1667 4009 hcc

1529 4042 1667 4127 metho-
