3796 4994
144 331 214 458 46
485 334 632 471 '.Reg.
657 333 808 441 Prasl.
830 373 890 440 ex
912 350 968 465 P..
990 282 1210 446 Gravior]
1319 272 1323 277 Ι

147 537 219 621 ait:
256 535 477 628 Mulierum
502 570 645 654 quoque
673 543 883 636 libertatem
909 557 1138 662 amputauit,
1166 562 1211 638 ut
1240 551 1364 636 omniu
1386 541 1595 662 strandum

149 645 320 738 ordinem
338 653 490 761 fierent.
548 655 691 744 Similia
713 663 909 747 habentur
926 666 969 754 L
986 682 1022 748 6.
1042 662 1197 776 Constil.
1215 661 1343 776 Apoll.
1362 665 1402 750 C.
1421 681 1461 749 6.
1520 665 1600 748 Re·

149 761 314 887 seranda
332 775 447 880 proin
470 774 523 856 est
543 769 753 860 multitudo
766 776 914 868 infinita
933 768 1057 864 hodie
1074 777 1369 874 somniantium,
1388 802 1432 861 ut
1455 778 1601 890 quibus

119 930 123 938 ·
150 909 236 966 non
255 886 315 966 est
330 882 551 994 permilsmn
572 883 701 1002 loqui,
727 920 800 979 nec
819 898 1064 1002 permittatur
1085 890 1167 977 ullo
1182 894 1324 990 modo,
1343 891 1477 976 uefint
1493 888 1603 976 velut

152 993 309 1082 oracula
335 996 554 1111 Delphica,
584 1006 745 1116 quando
782 1006 912 1117 passim
949 1010 1001 1092 de
1036 1010 1151 1093 rebus
1180 1008 1516 1119 impertinentibus
1543 1010 1602 1089 iu·

52 1155 59 1167 .
153 1134 412 1225 terrogantut.
469 1111 597 1200 Multa
631 1127 884 1230 pronuntiant
910 1117 1008 1218 visa,
1052 1150 1139 1235 quae
1167 1120 1252 1206 sunt
1291 1127 1423 1233 potius
1461 1116 1605 1203 delira·

155 1251 305 1320 mensas
337 1232 377 1310 dr
400 1234 533 1339 potius
563 1227 706 1319 discere
732 1234 881 1318 debent
911 1238 952 1320 in
976 1231 1127 1322 silentio
1151 1243 1190 1320 δι
1211 1239 1366 1335 erudiri,
1394 1237 1512 1348 quim
1531 1235 1606 1319 hu·

154 1342 324 1450 jusmodi
344 1341 429 1428 vifis
445 1343 604 1430 erudire
628 1376 709 1431 non
737 1346 861 1435 solltm
891 1355 1084 1462 privatim,
1111 1346 1314 1435 sedetiam
1343 1355 1384 1434 in
1411 1348 1607 1434 domibus

156 1455 506 1544 &conventiculis
534 1487 758 1574 magnatum
781 1465 1022 1550 adducentes
1045 1461 1252 1578 discipulos
1304 1467 1362 1549 ost
1382 1460 1403 1547 s
1419 1526 1429 1547 .
1488 1463 1608 1548 Unde

136 1571 316 1685 egregii
347 1573 520 1672 inuhunc
551 1570 685 1662 locum
717 1581 878 1693 quidam
902 1581 1018 1665 dixit:
1056 1578 1175 1669 Semel
1206 1495 1338 1668 causer
1363 1575 1608 1693 predicavit,

123 1776 127 1783 ,
156 1681 217 1783 Θ*
241 1683 421 1781 mundum
436 1686 610 1802 seduxit.

273 1833 393 1923 Sexta
414 1833 527 1950 causa
551 1833 725 1920 habendi
748 1827 952 1921 mulierum
980 1830 1237 1924 revelationes
1256 1829 1442 1948 suspectas
1469 1835 1525 1918 est
1545 1829 1612 1919 illa

109 2038 118 2051 Χ
159 1941 241 2150 ssa
268 1948 390 2049 causa,
420 1949 477 2034 ob
508 1977 630 2063 quam
649 1976 826 2034 arcentur
852 1949 877 2034 ὲ
906 1978 1069 2037 munere
1091 1949 1286 2040 docendi;
1313 1955 1406 2062 quia
1429 1946 1613 2035 videlicet

180 2089 249 2147 unt
272 2057 395 2161 leves,
415 2069 589 2162 incautae,
618 2065 898 2177 imprudentes,
919 2065 1082 2150 honoris
1105 2064 1278 2177 cupida,
1298 2070 1338 2148 ur
1362 2059 1533 2177 garrula,
1564 2093 1620 2149 ex

165 2178 310 2293 quibus
338 2174 652 2290 dispostionibus
678 2174 798 2264 facilis
829 2182 884 2263 est
920 2181 982 2262 via
1020 2181 1071 2264 ad
1107 2180 1374 2292 deceptiones.
1427 2176 1470 2270 S.
1499 2175 1616 2295 cury-

163 2290 342 2410 }ojlomus
365 2297 565 2407 inquirens
592 2289 741 2378 causam
775 2294 1050 2404 prohibitionis
1077 2290 1322 2408 apostolica,
1356 2293 1415 2378 ob
1443 2319 1563 2406 quam
1591 2293 1617 2380 i

125 2510 128 2516 ¹
168 2436 330 2496 munere
361 2408 534 2520 docendi
561 2403 825 2505 exclusa-u
869 2408 921 2495 ad
955 2432 1104 2494 tantam
1135 2409 1417 2515 lubjcltionem
1453 2408 1618 2496 redama:

166 2522 267 2623 sunt,
294 2521 521 2638 respondem
552 2527 645 2643 quia
662 2516 800 2608 mulier
819 2526 874 2607 est
891 2551 954 2609 res
974 2519 1183 2620 imbecilla,
1212 2529 1252 2607 δι
1274 2520 1487 2609 mobilis&
1509 2521 1621 2608 levis.

165 2639 292 2733 Hom.
315 2667 379 2741 37.
405 2642 444 2723 in
469 2639 611 2740 C.‘t4.
643 2639 754 2750 upitt
776 2666 814 2723 t.
831 2639 884 2722 ad
904 2641 1005 2726 Cor.
1031 2638 1081 2723 stc
1101 2638 1239 2724 hubert
1275 2637 1400 2725 Sexus
1424 2635 1620 2724 mulierum

169 2758 348 2844 incautus
370 2749 433 2863 est,
462 2748 520 2847 Θ*
542 2749 674 2837 mollis.
735 2757 842 2861 Quia
865 2749 979 2838 facile
1005 2757 1171 2837 flectitur
1188 2748 1251 2837 vel
1273 2754 1325 2838 de
1346 2747 1451 2837 malo
1479 2753 1529 2836 ad
1547 2754 1624 2837 bo·

52 2880 57 2888 '
173 2900 267 2959 num
292 2864 355 2953 vel
374 2870 426 2951 dc
442 2868 557 2953 bono
580 2867 632 2950 ad
650 2859 808 2952 malum.
866 2863 997 2954 Virilis
1021 2892 1152 2950 autem
1174 2864 1284 2952 sexus
1311 2871 1460 2951 cautior
1483 2870 1552 2963 est,
1581 2875 1620 2952 dc

167 2987 323 3073 'dorion
350 2984 517 3069 Cautior
534 2982 710 3096 quidem,
729 2985 926 3095 quinquae
950 2981 1061 3065 videt
1090 2978 1243 3067 discutit
1275 2988 1445 3070 rationes
1488 2983 1624 3069 durior

171 3110 318 3198 ¹autern,
348 3102 442 3210 quia
468 3124 542 3182 nec
571 3096 623 3180 de
648 3090 754 3181 malo
788 3091 903 3179 facile
938 3090 1144 3180 inclinatur
1179 3098 1230 3183 ad
1262 3098 1433 3194 ¹bonums
1474 3125 1549 3182 nec
1574 3100 1654 3183 de'

171 3219 288 3312 bono
309 3207 423 3301 facile
439 3235 643 3316 revocatur
659 3210 710 3293 ad
731 3206 895 3300 t'nalums
926 3237 1016 3294 nam
1038 3210 1210 3325 sequitur
1230 3215 1445 3300 rationem3
1474 3216 1512 3295 δι
1530 3214 1628 3311 ideo

177 3334 326 3426 durior,
375 3331 469 3440 quia
508 3317 789 3410 rationabilior.
876 3328 1004 3437 Quod
1045 3321 1171 3411 laudis
1203 3333 1243 3410 &
1278 3329 1439 3411 honoris
1478 3328 1629 3439 cupida:

176 3447 262 3542 lint,
286 3439 464 3527 observat
489 3434 758 3549 Curllufiunus
784 3439 828 3526 L.
856 3471 900 3528 ι..
925 3436 970 3527 de
987 3441 1079 3561 Reg·
1100 3447 1173 3528 vii.
1194 3436 1325 3551 Clrisl.
1346 3440 1388 3526 C.
1413 3472 1450 3544 3.
1521 3446 1630 3527 Sicut

179 3587 276 3677 crgo
296 3560 343 3641 iis
365 3551 481 3667 loqui
504 3552 709 3637 inhibitum
738 3556 792 3640 est
816 3557 872 3641 ob
900 3553 1030 3641 sexum
1060 3582 1139 3641 tatu
1167 3549 1370 3668 fragilem,
1395 3558 1449 3640 ita
1466 3583 1549 3640 non
1578 3559 1632 3642 est

176 3699 334 3877 liquam
348 3727 362 3770 ,
399 3693 443 3754 ut
474 3665 606 3781 puisun
637 3692 825 3788 tanquam
863 3666 1049 3789 Sybillae‚
1086 3675 1129 3755 dc
1156 3693 1345 3786 tanquam
1381 3666 1546 3756 oracula
1565 3673 1635 3757 ha·

210 3810 356 3875 tantur.

297 3943 461 4058 Septimo
481 3939 593 4059 causti
621 3945 687 4047 est,
711 3922 814 4059 quia'
828 3938 1009 4028 mulieres
1025 3931 1182 4023 curiosae
1203 3933 1312 4041 sunt,
1339 3935 1485 4024 sciendi
1503 3965 1549 4024 ac
1573 3939 1637 4026 ex·

53 4094 55 4099 ·
114 4130 117 4135 ·
182 4063 361 4181 periendi
388 4060 549 4176 cupidae.
608 4060 678 4150 ob
712 4059 829 4177 quod
859 4049 1052 4144 Diabolus
1077 4057 1207 4167 potest
1236 4051 1276 4142 se
1302 4083 1373 4167 per
1401 4081 1466 4142 eas
1488 4050 1637 4142 facilius

179 4176 380 4283 minuare
904 4178 906 4183 ’

23 4284 29 4298 “
248 4286 257 4295 '
368 4334 412 4353 ·=
1251 4354 1258 4361 .
1429 4336 1448 4355 „
1483 4279 1639 4378 Olim
