3796 4994
628 198 932 354 Revelarr'oner
966 259 1012 352 S.
1058 250 1295 413 Gerttttdi't.
1580 279 1672 378 143

236 466 367 551 tierint
389 460 481 548 scire
501 454 630 572 aliqua
650 454 812 559 curiosa,
837 481 902 543 aut
930 456 1107 545 obtinere
1137 455 1244 541 dona
1261 455 1380 567 magis
1413 447 1610 539 servientia
1626 454 1678 541 ad

236 577 504 668 curiositatem,
530 572 650 684 quam
674 570 916 683 profectum,
953 578 1072 669 item,
1107 570 1221 682 quod
1254 573 1366 652 etiam
1395 595 1676 681 nonnunquam

233 693 435 776 videantur
451 681 607 771 tentasse
633 689 777 781 Deum,
796 709 861 767 aut
884 680 1029 795 petiisse
1051 681 1227 767 miracula
1257 687 1295 763 δι
1323 678 1486 764 visiones
1514 709 1587 791 pro
1611 709 1674 768 rc·
1776 680 1781 693 '

233 805 306 887 bus
340 799 435 903 levis
460 804 676 891 momenti.
768 805 954 880 Omnium
982 800 1114 880 harum
1147 790 1390 878 assertionum
1423 794 1673 903 probationes
1772 870 1779 879 a

230 916 422 1000 habentur
441 918 479 997 in
499 909 605 994 libris
620 918 754 994 harum
774 908 1084 994 Revelationunt.
1119 911 1164 993 Ι..
1200 940 1233 994 r.
1270 909 1320 991 C.
1347 934 1384 996 1.
1413 907 1464 991 stc
1488 908 1671 1003 babetur:

230 1032 350 1135 Dum·
366 1028 494 1111 adbuc
508 1048 645 1135 ageret
665 1051 809 1107 annum
827 1028 943 1108 aetatis
964 1029 1142 1135 quintum
1166 1048 1251 1106 eam
1271 1021 1382 1104 Deus
1398 1019 1421 1104 ὲ
1439 1023 1669 1106 munditur-

230 1142 385 1225 binibus
412 1136 611 1250 segregans
637 1141 677 1221 in
700 1141 928 1221 monasterio
951 1135 1153 1219 abscondit
1185 1181 1203 1200 ·
1241 1158 1322 1220 erat
1343 1130 1480 1219 docilis
1501 1139 1542 1218 dc
1567 1140 1668 1219 miro
1700 1232 1703 1237 .

229 1245 383 1366 pollens
412 1257 573 1362 ingenio
605 1251 708 1334 adeo
743 1277 785 1332 ut
808 1257 962 1334 cunctas
984 1273 1206 1334 cooetaneas
1231 1241 1357 1357 longo
1382 1250 1467 1359 post
1493 1244 1530 1330 se
1560 1252 1599 1332 in
1622 1279 1670 1333 o·

229 1371 308 1450 mni
331 1364 484 1449 scientia
510 1369 547 1445 dt
572 1358 751 1471 sapientia
771 1359 1005 1475 relinqueret
1029 1356 1254 1450 intervallot
1301 1360 1499 1473 superabat
1517 1385 1666 1449 aetatem

227 1474 453 1562 incredibile
475 1484 553 1583 ejus
576 1473 744 1559 discendi
768 1502 866 1560 artes
890 1470 1066 1559 liberales
1086 1474 1328 1591 destdcrium.
1433 1483 1477 1558 c.
1509 1505 1546 1567 a,
1572 1477 1664 1562 dein

225 1589 370 1703 placuit
397 1592 511 1690 Deo,
540 1616 624 1672 eam
646 1615 787 1672 vocare
812 1589 862 1673 ab
886 1593 1049 1684 externis
1072 1589 1123 1671 ad
1147 1594 1319 1684 interna,
1349 1592 1387 1670 ἃ
1418 1590 1579 1689 accidit,
1622 1615 1665 1677 ut
1735 1632 1738 1637 ’

225 1701 325 1816 ipsa,
355 1703 462 1787 dum
476 1706 574 1787 inter
597 1703 848 1785 humanarum
875 1697 1081 1785 litterarum
1106 1700 1226 1783 studia
1241 1700 1424 1785 continue
1440 1698 1659 1803 versaretur,

224 1813 445 1929 agnosceret
454 1877 476 1917 ,,
509 1811 547 1900 se
573 1819 730 1898 nimium
755 1815 881 1897 adhuc
906 1815 1041 1898 distare
1063 1819 1104 1896 in
1125 1817 1287 1927 regione
1317 1809 1617 1899 dissimilitudinis
1637 1817 1670 1901 d*

223 1932 341 2026 Deo,
386 1932 532 2038 quippe
553 1956 639 2040 quae
660 1929 870 2011 immodice
892 1923 1024 2011 litteris
1048 1923 1243 2019 inheserat
1264 1928 1450 2012 humanis.
1498 1932 1659 2033 ‘'Inde
1752 1968 1756 1972 ·

220 2046 337 2154 igitur
358 2038 515 2124 visibilia
542 2047 581 2123 δι
606 2067 762 2123 externa
784 2040 853 2123 stbi
882 2036 1113 2125 vilescebant
1136 2045 1288 2128 omniaa
1346 2045 1386 2122 δι
1412 2041 1506 2124 ideo
1531 2036 1661 2129 relicta

222 2159 467 2268 grammatica
484 2148 733 2266 Theologiae‚
762 2156 842 2237 boc
867 2155 940 2252 cst,
969 2155 1096 2237 studio
1122 2149 1229 2238 sacrae
1251 2154 1451 2265 Scripturae
1475 2151 1512 2237 se
1536 2150 1677 2268 appli-'

223 2273 322 2365 cuit,
351 2294 423 2352 nec
447 2267 608 2364 destitit,
636 2293 892 2380 quoscunque
920 2262 1067 2351 [andos
1099 2266 1243 2351 babere
1267 2270 1396 2377 potuit
1422 2261 1556 2370 libros,
1585 2271 1658 2372 do·

191 2482 196 2491 ¹
219 2408 295 2465 nec
310 2376 562 2491 intelligerem
588 2382 682 2461 inde
705 2379 851 2462 accessit
875 2385 910 2460 ei
933 2374 1212 2477 sententiarum,
1241 2405 1337 2491 quas
1359 2406 1408 2462 ex
1427 2383 1466 2463 S.
1490 2382 1678 2488 Scriptu-'

217 2521 287 2601 ra,
321 2494 609 2606 domorumque
651 2489 755 2574 libris
782 2491 850 2572 fibi
887 2487 1096 2603 collegerat
1130 2486 1329 2591 meliores,
1378 2491 1530 2575 ubertas
1552 2516 1658 2579 tanta

217 2602 577 2718 arc-promptitudo,
615 2628 657 2690 ut
689 2599 837 2713 semper
859 2600 912 2684 illi
938 2607 988 2686 ad
1012 2629 1168 2688 manum
1199 2599 1289 2687 esset
1311 2602 1660 2717 utriusque'Testa·

217 2723 340 2804 menti
357 2714 489 2814 locus,
517 2745 637 2830 quern
663 2717 836 2833 appofite
858 2721 1000 2800 citaret.
1107 2712 1282 2829 Collegit
1302 2741 1482 2827 praeterea
1505 2745 1552 2803 cx
1572 2716 1657 2804 sen-

218 2838 347 2916 tentiis
367 2828 589 2916 Doctorum
610 2855 725 2941 grana
749 2832 850 2912 varia
873 2855 925 2938 ac·
940 2833 1110 2942 potiora,
1137 2825 1243 2912 velut
1265 2824 1468 2929 columba,
1495 2859 1583 2945 que
1603 2833 1656 2918 ad

216 2940 427 3029 multorum
453 2940 745 3027 edificationem
770 2942 933 3053 scribens
956 2939 1173 3055 complures
1194 2938 1354 3053 perfecit
1379 2939 1513 3029 libros.
1595 2952 1655 3027 0·

215 3064 384 3142 rationes
413 3084 578 3167 quoque
599 3051 735 3138 multas
758 3051 881 3138 mellis
905 3052 998 3139 savo
1021 3052 1214 3138 dulciores
1237 3063 1277 3137 &
1300 3052 1488 3140 nonnulla
1509 3053 1655 3140 aliasti·

213 3167 260 3253 lo
284 3169 387 3253 certe
409 3196 492 3252 non
514 3168 704 3271 foemineo
730 3167 971 3278 composuit,
1001 3196 1087 3281 quae
1122 3166 1147 3252 a
1181 3165 1290 3253 nullo
1324 3170 1452 3252 adhuc
1484 3175 1654 3259 virorum
1684 3250 1688 3255 .

215 3286 388 3393 gravium
417 3280 491 3365 vist
515 3279 600 3364 sunt
626 3309 706 3363 non
732 3278 899 3378 laudari3
958 3306 1065 3365 erant
1089 3286 1191 3365 enim
1227 3310 1309 3365 non
1345 3282 1515 3367 humano
1553 3283 1653 3369 dun-

214 3420 320 3479 taxat
339 3399 500 3504 ingenio
523 3390 681 3501 scripta,
723 3390 787 3476 sed
812 3392 959 3502 spiritus
985 3399 1099 3477 etiam
1125 3392 1240 3478 saneti
1265 3399 1447 3479 unctione
1476 3399 1653 3501 condita,

214 3532 258 3590 ut
285 3533 405 3589 nemo
431 3533 477 3591 ca
503 3500 566 3591 vel
588 3509 863 3617 praecipuorum
889 3502 1183 3618 Theologorum
1206 3503 1387 3619 potuisset
1415 3507 1601 3622 aspernari
1634 3561 1652 3578 ·

213 3627 278 3705 vix
310 3620 439 3703 eidem
464 3623 551 3730 quis
577 3643 730 3728 poterat
754 3615 891 3728 loqui,
947 3624 1043 3810 guin
1065 3616 1173 3703 fateri
1198 3646 1419 3731 cogeretur,
1476 3651 1654 3734 magnam

215 3728 253 3817 se
276 3759 326 3815 cx
342 3726 443 3814 illius
466 3732 640 3816 sermone
661 3731 842 3841 acceptsse
869 3759 944 3812 con
960 3727 1186 3815 olationenv.
1241 3738 1292 3817 C.
1324 3759 1359 3834 ς.
1387 3730 1442 3818 illi
1466 3735 1651 3836 usuvenit,

217 3842 290 3926 scm
322 3842 558 3933 erconfiteri
581 3844 709 3940 dona,
739 3872 826 3955 quae
848 3869 1045 3952 acceperat
1068 3844 1092 3928 a
1119 3850 1232 3942 Deo,
1278 3844 1316 3929 se
1349 3846 1500 3961 absque
1528 3846 1655 3949 frudttt

220 3873 438 4070 neglgere,
457 3960 646 4069 precipue
672 3957 700 4042 fi
724 3982 770 4042 ea
794 3952 874 4041 aliis
896 3953 1135 4043 nonsecilset
1157 3961 1393 4048 communiat
1451 3965 1552 4044 Hinc
1571 3957 1654 4043 aliis

1605 4097 1651 4157 ea
