3796 4994
296 292 367 421 ᾗ,
658 276 880 426 naama
904 231 1058 396 Renes.
1083 280 1397 451 probabilium.
1569 400 1571 405 ,

268 574 272 584 ,
302 496 592 598 moenianis,
620 522 667 586 ac
694 497 733 586 se
761 524 1007 587 avocantem.
1065 503 1101 587 Is
1128 498 1232 588 tollit
1256 502 1297 588 S.
1325 494 1527 618 Evangelii
1555 496 1766 600 codicem

305 620 347 705 dt
386 621 466 725 ejus
500 619 651 725 penori
691 618 928 729 imponens:
992 616 1204 704 Benedicat
1244 617 1341 719 tibi,
1398 621 1556 734 inquit,
1614 643 1771 731 praepo·

252 810 256 815 .
305 735 423 820 tentis
471 730 581 817 DEI
627 757 764 817 manus
789 753 807 829 ,·
861 735 1025 818 influant
1070 737 1112 818 in
1148 728 1323 846 linguam
1362 756 1471 819 ruam
1509 728 1675 819 coelestis
1716 726 1773 817 sa·

285 853 461 965 ¹pientia
497 849 641 945 maria,
681 851 820 961 tuique
870 870 1008 933 cantus
1056 846 1274 932 universum
1318 847 1459 934 orbern
1510 842 1772 933 demulceant.

306 969 383 1053 His
415 959 527 1046 diuis
567 958 688 1046 visum
727 965 895 1047 evanuit.
1006 964 1146 1078 ltaque
1181 957 1290 1050 stmul
1328 963 1380 1050 ad
1416 959 1660 1050 scribendum
1688 988 1775 1047 vet·

308 1073 373 1167 sus
402 1102 560 1163 manum
600 1077 805 1175 admovit,
862 1080 1001 1162 mirum
1043 1101 1233 1192 quantum
1280 1083 1321 1162 dt
1362 1073 1446 1165 soni
1484 1076 1667 1165 suavitate
1705 1103 1774 1162 au·

310 1221 374 1287 res
408 1188 676 1290 demulceret,
736 1218 783 1276 ac
817 1187 963 1277 blanda
1005 1187 1277 1279 sententiatum
1324 1197 1365 1279 vi
1398 1198 1552 1280 animos
1587 1185 1777 1308 percelle-

233 1378 238 1385 .
312 1335 375 1399 tet
411 1335 458 1394 ac
496 1332 780 1394 commoveret.
894 1310 1003 1394 Nam
1040 1307 1156 1423 quod
1196 1312 1251 1394 est
1287 1307 1437 1396 muficae
1469 1336 1617 1425 genus,
1660 1303 1778 1422 quod

312 1424 372 1527 ibi
406 1451 492 1509 non
529 1416 765 1508 reluceret?
830 1447 920 1536 quae
963 1427 1142 1510 carminis
1177 1418 1379 1525 suavitas,
1434 1453 1524 1540 quat
1558 1429 1599 1508 in
1636 1449 1780 1509 canen·

303 1544 415 1628 tium
456 1565 527 1624 ore
570 1565 657 1629 non
701 1540 931 1624 emicaret?
1043 1543 1148 1625 Hinc
1189 1538 1355 1626 mitificd
1405 1539 1679 1626 recreabantur
1726 1539 1776 1636 ii,

316 1661 391 1772 qui
425 1658 467 1741 in
511 1650 682 1764 perfecta
722 1656 874 1739 virtutis
923 1654 986 1738 via
1032 1652 1229 1767 proficere
1274 1652 1585 1742 contendebant.
1694 1654 1780 1764 Qui

314 1771 417 1867 verb
449 1765 657 1877 efferatis
682 1770 801 1852 animi
853 1764 1216 1883 perturbationibus
1273 1769 1558 1880 jadabantut,
1616 1795 1780 1884 omnent

194 1904 202 1917 “
315 1883 942 2001 aegritudinem-‘iracundiamque
984 1886 1031 1970 iis
1062 1882 1275 1971 audiendis·
1309 1882 1507 1973 sedabant.
1617 1886 1669 1970 lis
1710 1884 1807 1989 de·-

319 2029 466 2100 mum,
524 2001 596 2114 qui
633 1998 783 2113 gaudio
817 1992 945 2084 latitia
978 2025 1029 2085 ue
1068 2023 1178 2086 erant
1215 1995 1377 2105 affedii,
1436 2026 1513 2117 pra
1550 2003 1700 2115 ingenti
1740 2025 1783 2085 a·

319 2119 418 2207 nimi
456 2109 662 2228 voluptate
687 2105 895 2200 'lachrimae
931 2028 1195 2202 elciebantur.
1311 2121 1423 2230 Quin
1461 2116 1531 2231 ipsi
1564 2121 1784 2230 Scriptores

318 2230 558 2374 posthabitis
606 2224 772 2315 aliorum
827 2226 1021 2315 versibus'
1050 2256 1100 2316 ex
1147 2231 1230 2316 hoc
1274 2258 1356 2318 uno
1393 2228 1552 2348 Josephi
1602 2226 1784 2320 thesauro

321 2352 503 2471 ingentes
538 2340 736 2431 thesauros
768 2347 811 2430 in
847 2339 1058 2430 scribendis
1093 2346 1340 2434 cantionibus
1379 2348 1563 2463 quotidie
1590 2349 1784 2457 hauriunt.

220 2560 223 2565 ,
322 2464 500 2551 Donum
528 2486 673 2547 omnes
694 2455 943 2574 fere-gentes
978 2485 1027 2546 ac
1052 2466 1234 2548 nationes
1271 2458 1373 2550 illius
1402 2468 1570 2550 carmina
1608 2470 1649 2550 in
1678 2458 1786 2548 suurn

323 2577 480 2667 idioma
509 2597 782 2662 convertentes
809 2579 855 2662 iis
890 2574 994 2661 adeo
1022 2573 1288 2678 delectantur,
1316 2602 1375 2674 ,ut
1401 2574 1476 2665 suis
1509 2585 1686 2667 cantibus
1712 2605 1789 2664 no·

326 2696 413 2908 gisi
423 2691 605 2895 tenebrgs
639 2683 849 2796 illustrent,
879 2716 926 2778 ac
952 2684 1102 2807 vigilias
1128 2689 1243 2811 pulso
1272 2689 1417 2811 sopore
1458 2691 1523 2785 vel
1557 2696 1610 2785 ad
1644 2689 1788 2785 solares

370 2833 461 2921 *os
486 2834 564 2925 pto
595 2825 724 2899 amnt.
951 2838 955 2847 ·
1236 2867 1239 2871 Δ

481 3094 563 3167 12.
617 3052 887 3168 Revelatio
933 3052 1212 3199 probabilis
1259 3002 1365 3186 est,
1409 3093 1525 3205 quae
1570 2978 1790 3199 disponit

183 3259 186 3263 ’
332 3203 401 3347 ad
458 3201 663 3310 bonam
730 3224 981 3312 mortem.
1081 3223 1223 3316 Talem
1258 3251 1387 3315 nanae
1441 3232 1617 3332 Joannes
1661 3225 1791 3314 Nider

330 3352 376 3441 in
407 3343 480 3435 suo
523 3341 631 3432 libro
676 3341 730 3429 de
769 3341 994 3431 Vistonibus
1044 3347 1085 3431 dc
1132 3341 1456 3431 Revelationibus
1493 3346 1540 3430 L.
1584 3372 1624 3429 ι.-
1661 3343 1714 3429 C.
1755 3371 1792 3445 3.

331 3464 398 3557 bis
424 3462 576 3561 verbisr
629 3457 740 3549 Audi
767 3454 898 3576 quaeso
926 3453 1150 3575 exemplum
1176 3453 1295 3546 aliud.
1406 3458 1532 3544 Annis
1570 3458 1671 3556 istis,
1706 3459 1794 3570 qui·

296 3578 412 3677 bus
467 3570 629 3693 presens
684 3574 840 3663 duravit
894 3570 1107 3664 basileense
1173 3568 1443 3689 Concilium,
1510 3574 1642 3660 eidem
1700 3567 1795 3657 loco

227 3750 228 3757 κ
272 3715 275 3719 ·
331 3689 521 3795 βείω
583 3692 789 3802 Maiestatis
853 3694 1060 3781 Protedlor
1130 3690 1243 3777 datus
1295 3690 1350 3775 est
1395 3683 1550 3776 illustris
1611 3689 1797 3800 Princeps

225 3874 232 3891 .
332 3803 615 3925 pwilbeltnus,
672 3809 768 3894 Dux
820 3810 1030 3907 bavariae,
1094 3811 1211 3895 Pater
1257 3829 1517 3919 pauperum,
1575 3809 1616 3889 δι
1672 3809 1800 3888 Tutor

336 3927 519 4036 'omnium
570 3917 856 4037 Religiosonrm
874 3979 909 4024 „
948 3930 1056 4030 cujus
1108 3919 1233 4037 quim
1270 3915 1486 4007 laudabilis
1532 3924 1613 4006 vita
1667 3916 1797 4014 suerit,

334 4030 525 4155 manau
552 4042 820 4159 orphanorum
848 4044 897 4131 dc,
931 4039 1137 4131 viduatum
1163 4031 1389 4138 lachrimas,
1408 4028 1520 4154 super
1559 4029 1800 4234 eodemfesf·

620 4185 624 4191 ·
747 4224 751 4232 .
1733 4173 1801 4234 uae
