3772 4988
54 2013 58 2020 ’
215 2034 319 2093 nem.

223 274 326 408 396
600 272 1282 407 Revelar.de'Agreda.Parsll.

212 472 683 677 plateipihproclamantem
709 476 934 569 sententiam
957 474 1036 591 ipsa
1060 471 1154 563 fecit
1187 499 1294 562 nova
1325 471 1505 574 Cautius
1531 469 1657 562 inlan-

245 619 307 677 em
399 649 412 674 .

335 733 457 821 1363.
492 723 597 806 Tota
618 719 730 820 fides,
760 715 926 822 scientia,
950 722 990 803 δι
1023 744 1135 803 amor
1163 740 1426 803 ercamramm
1452 739 1550 801 tnnc
1576 740 1660 800 con·

215 839 335 921 tracia
351 829 425 918 suit
439 837 478 916 in
503 835 623 918 corde
646 843 687 917 B.
706 839 886 947 Virginis.
951 830 1033 944 Ipsa
1057 837 1098 916 in
1125 828 1244 917 semet
1265 854 1432 945 experta
1463 831 1518 914 est
1535 855 1658 915 omnes

214 973 377 1060 poenas,
409 972 507 1059 quas
532 946 725 1059 perpellus
744 951 798 1031 est
819 942 938 1034 filiuss
968 972 1189 1059 omnesque
1212 952 1303 1046 cius·
1315 944 1487 1031 dolores
1503 941 1658 1028 sensitin

216 1066 342 1144 anima
370 1066 410 1142 δι
432 1087 610 1172 corpore.
692 1059 915 1174 Aliquoties
938 1056 1049 1144 sensu
1064 1085 1136 1144 eos
1161 1054 1336 1158 dolores,
1353 1063 1585 1172 priusquam
1603 1054 1656 1140 sci·

216 1196 337 1267 verat,
362 1169 481 1256 filium
508 1171 596 1258 talia
613 1177 719 1285 pati3
749 1181 788 1258 δι
807 1198 902 1259 tunc
935 1200 982 1257 err
1008 1168 1080 1260 suis
1107 1168 1313 1258 doloribus
1345 1176 1539 1288 agnovit,
1569 1194 1656 1254 nunc

216 1312 311 1373 eum
338 1284 476 1371 iisdem
498 1291 664 1372 cruciari

335 1454 458 1544 1364.
499 1443 543 1522 ln
567 1464 786 1542 momento,
803 1468 886 1555 quo
904 1442 1075 1528 Christus
1097 1435 1255 1551 suscepit
1281 1439 1456 1522 Crucem
1474 1439 1516 1519 in
1535 1434 1654 1516 hume·

215 1580 296 1651 ros,
314 1552 467 1639 Lucifer
486 1560 524 1636 dr
545 1553 754 1639 doemones
781 1551 973 1640 senserunt
1000 1580 1144 1639 tantam
1172 1548 1492 1637 debilitationem
1519 1548 1654 1640 virium,

215 1691 261 1752 ut
283 1662 478 1752 noluerint
504 1661 722 1777 exspedlare
744 1693 910 1754 mortem
938 1670 1106 1766 Christi,
1138 1663 1203 1752 sed
1235 1668 1359 1750 statim
1395 1661 1435 1748 se
1471 1655 1654 1746 voluerint

213 1786 448 1892 precipitare
469 1785 506 1864 in
529 1779 734 1866 infernum.
816 1782 899 1866 Sed
919 1787 964 1865 B.
988 1786 1111 1893 Virgo
1132 1782 1211 1862 hoc
1227 1771 1471 1890 cognoscens
1493 1770 1653 1879 Majesta·

213 1918 256 1977 re
284 1900 390 2007 regia
427 1893 607 1980 Lucifero
639 1901 679 1978 δι
719 1901 800 2004 ejus
845 1896 1000 1981 cohorti
1026 1898 1231 2007 pracepit,
1259 1917 1302 1977 ut
1330 1884 1594 2005 exspectarent
1614 1878 1654 1966 fi·

335 2151 458 2240 1367·
491 2139 667 2249 Quando
693 2139 866 2228 Christus
885 2136 960 2226 fuit
980 2139 1164 2236 edusius,
1189 2133 1311 2242 aliqui
1339 2133 1540 2223 camifices
1563 2129 1652 2219 frani-

212 2252 291 2336 bus
317 2252 520 2335 trahebant
539 2250 765 2351 artronum,
786 2248 851 2338 alii
868 2249 1085 2338 retrorsum.
1138 2254 1247 2364 Saepe
1273 2256 1315 2336 in
1339 2277 1484 2338 tetram
1512 2244 1650 2331 cecidit

214 2362 462 2468 jaciebantur
483 2391 650 2480 quoque
667 2372 707 2452 in
727 2393 818 2452 eum
834 2363 1004 2478 lapides,
1022 2369 1092 2480 qui
1115 2364 1183 2479 ipsi
1205 2369 1425 2449 inflixerunt
1453 2387 1561 2445 nova
1579 2355 1648 2440 vul·

215 2504 331 2580 nera,
349 2473 549 2589 prasertim
572 2485 613 2565 in
640 2505 729 2566 utro
763 2507 813 2564 ue
838 2508 954 2595 genu.
1037 2485 1130 2565 Hac
1152 2504 1281 2564 autem
1301 2473 1463 2561 vulnera
1487 2478 1529 2558 in
1558 2493 1647 2586 genu

40 2683 48 2710 x
211 2591 501 2678 renovabantur
518 2598 662 2678 iteratis
677 2510 916 2705 prtllapstbus
940 2598 979 2677 in
998 2617 1149 2678 terram.
1229 2590 1393 2676 Pondus
1414 2592 1540 2673 crucis
1559 2578 1647 2669 aliud

210 2701 353 2788 vulnus
379 2711 528 2819 aperuit
554 2711 595 2790 in
622 2710 815 2802 humero,
840 2713 902 2790 cui
930 2707 1191 2790 incumbebat.
1268 2705 1480 2816 Frequenti
1502 2691 1646 2811 appulsu

213 2821 337 2903 crucis
356 2820 396 2900 in
418 2841 547 2928 caput,
562 2842 627 2903 aut
645 2823 776 2931 capitis
791 2823 830 2902 in
854 2846 1006 2929 crucem
1022 2846 1170 2904 corona
1183 2816 1312 2931 spinea
1325 2813 1478 2928 semper
1498 2810 1646 2926 profau

215 2931 303 3017 dius
326 2927 570 3044 infigebatur.
657 2932 906 3036 Jaciebantur
930 2938 969 3017 in
990 2960 1080 3019 eum
1108 2957 1273 3044 quoque
1296 2926 1430 3047 sputa,
1452 2934 1493 3014 dr
1521 2921 1645 3040 pulvis

212 3071 258 3131 ut
281 3041 385 3130 oculi
410 3043 555 3130 redditi
570 3042 711 3131 fuerint
734 3040 923 3133 inhabiles
947 3047 1000 3133 ad
1023 3046 1247 3134 videndum.
1304 3044 1535 3130 Ducebatur
1556 3063 1644 3154 quo·

42 3233 44 3236 .
206 3187 293 3272 que
312 3158 461 3246 festine.

156 3318 160 3323 ·
193 3383 195 3388 ,
332 3305 456 3393 1368.
484 3289 591 3374 Cum
614 3293 657 3372 B.
675 3293 799 3485 Virpo
820 3317 897 3403 prae
925 3287 1171 3379 multimdine
1204 3317 1286 3377 non
1310 3287 1440 3403 posset
1471 3284 1642 3373 accedere

211 3402 264 3485 ad
282 3397 432 3498 Filium,
450 3406 632 3514 pracepit
656 3428 757 3514 ange
772 3411 826 3502 is,
845 3430 887 3489 ut
907 3400 945 3491 le
964 3414 1154 3511 juvarents
1183 3408 1223 3489 hi
1247 3431 1332 3491 eam
1357 3409 1483 3489 statim
1500 3427 1569 3512 per
1587 3423 1643 3480 ar·

207 3512 350 3598 fralaus
368 3517 560 3598 duxemnt
587 3519 628 3597 in
652 3511 800 3613 locum3
826 3519 892 3602 ubi
924 3543 1142 3605 occurreret
1169 3515 1279 3602 filius.
1352 3523 1470 3603 Tunc
1491 3542 1576 3599 non
1591 3506 1643 3592 lo·

203 3626 431 3737 quebantur
460 3623 646 3711 vocaliter
669 3627 720 3711 ad
741 3632 929 3721 invicems
968 3631 1184 3717 mentaliter
1206 3657 1339 3714 tamen
1366 3659 1460 3716 eum
1480 3626 1643 3741 rogabat,

207 3762 252 3821 ut
272 3735 466 3870 inspiraret
485 3738 726 3826 carnificibus
746 3749 1025 3857 cogitationem
1044 3747 1096 3837 dc
1113 3741 1339 3833 assumendo
1365 3743 1505 3862 aliquo
1530 3739 1644 3831 homi·

203 3875 273 3967 ne,
304 3878 373 3975 qur
393 3861 539 3965 juvaret
562 3882 720 3971 portare
742 3883 907 3971 crucem

1541 4123 1645 4222 1369.
