3796 4994
603 324 804 429 neverat.
825 320 878 423 de
896 324 1085 460 Agreda
1114 331 1227 423 Pars
1246 334 1325 425 III.
1574 365 1672 481 431

355 560 453 633 217.
488 532 698 645 Postquam
724 534 765 616 S.
783 535 917 617 Petrus
943 532 985 616 in
1014 532 1189 615 omnium
1213 529 1390 617 concessu
1419 531 1564 621 fecerat
1587 568 1677 650 pro·

234 644 483 764 politionem,
498 643 667 732 celebrat
686 642 849 742 Missam,
873 651 1020 735 &cum
1034 647 1167 730 Maria
1188 652 1448 733 communicat
1468 648 1679 762 apostolos.

235 765 344 848 Dein
368 757 659 874 perseverabant
687 787 825 845 omnes
847 787 935 844 cum
956 761 1081 845 Maria
1107 762 1284 870 prostrati
1307 767 1505 847 interram
1530 770 1570 850 in
1592 754 1682 853 orass
1830 781 1835 790 '

233 883 356 966 tione.
408 879 459 960 Et
477 878 595 961 Eece!
622 872 749 959 subito
766 874 919 960 auditur
940 876 1089 960 tonitru
1108 898 1154 956 ae
1168 870 1314 987 fragor,
1333 900 1377 961 ut
1395 873 1540 963 facium
1556 882 1595 965 in
1613 885 1679 969 die

234 992 485 1080 Pentecostet
520 986 778 1079 descendente
806 989 833 1073 S
863 991 949 1072 iritu
977 988 1135 1086 Sancto.
1217 992 1279 1075 Eo
1312 1017 1515 1076 momento
1546 1017 1676 1082 totum
1745 1023 1747 1027 ’

234 1099 498 1195 Coenaculum
520 1098 721 1216 impletum
745 1104 798 1188 est
822 1015 1049 1218 splendore,
1077 1107 1117 1186 dc
1137 1128 1276 1187 omnes
1299 1100 1436 1218 repleti
1455 1101 1540 1192 sunt
1562 1112 1675 1222 Spiri·
1791 1160 1794 1168 ,

233 1246 278 1307 tu
298 1223 453 1306 sancto.
510 1226 549 1302 Β.
569 1222 691 1330 Virgo
715 1218 806 1301 dein
837 1221 991 1329 rogavit
1014 1212 1240 1327 apostolos,
1268 1244 1310 1303 ut
1338 1215 1504 1332 quilibet
1533 1224 1681 1311 condat
1801 1279 1803 1282 ι

231 1363 353 1423 unum
370 1327 767 1445 articulumSymboli.
792 1335 925 1416 Petrus
938 1333 1102 1443 incepitt
1131 1327 1251 1418 Credo
1269 1332 1452 1421 inDeum
1474 1334 1631 1424 Patrem
1661 1387 1680 1406 ·
1847 1422 1849 1426 ,

349 1472 446 1546 218.
481 1453 592 1532 Tunc
607 1446 740 1532 audita
759 1447 812 1531 est
831 1449 872 1529 in
890 1442 1097 1555 coenaculo
1111 1473 1191 1530 vox
1209 1448 1372 1559 Spiritus
1389 1451 1517 1535 Sandi
1541 1452 1674 1538 dicen·
1795 1492 1799 1501 =

231 1566 302 1651 tiae
327 1564 433 1650 Bene
459 1557 688 1672 conclusstis.
744 1567 787 1646 Β.
809 1561 932 1673 Virgo
953 1556 1084 1664 autem
1108 1561 1231 1645 statim
1262 1587 1308 1645 ac
1326 1565 1452 1673 primb
1467 1560 1565 1652 loco
1588 1596 1676 1655 om·
1787 1614 1796 1625 ,

228 1683 338 1764 nium
366 1672 542 1763 fidelium
567 1670 746 1788 deposuit
767 1701 898 1760 coram
916 1678 1035 1760 Petro
1056 1675 1156 1759 hanc
1178 1673 1451 1787 profeffionem
1474 1677 1579 1769 fidei.

349 1822 444 1891 219.
478 1797 519 1875 Β.
541 1794 664 1902 Virgo
684 1788 736 1873 ad
757 1815 821 1872 mc
847 1788 963 1873 dixit:
989 1790 1046 1872 Sae
1074 1792 1133 1872 ius
1151 1816 1222 1901 per
1245 1789 1350 1876 diem
1375 1791 1538 1906 genibus
1566 1800 1682 1886 flexis*

227 1903 411 1991 consuevi
432 1929 605 2017 repetere
628 1897 863 2016 Symbolum
886 1817 1172 2015 Apostolcum.
1752 1934 1776 1992 ῃ

177 2114 181 2125 ,
352 2048 450 2104 220.
499 2004 759 2132 Quandoqde
781 2021 896 2101 etiam
913 2020 992 2101 mei
1008 2012 1134 2129 angeli
1165 2016 1372 2103 cantabant
1398 2021 1478 2107 boc
1499 2020 1675 2135 Symbo-

176 2152 180 2217 ῑ
225 2131 329 2223 lum;
357 2159 423 2218 aut
446 2132 649 2218 cantabant
673 2135 768 2218 Aue
790 2131 939 2220 Maria
957 2157 1085 2246 usque
1105 2129 1157 2217 ad
1178 2126 1244 2217 illa
1268 2132 1407 2220 verba:
1446 2133 1674 2227 Benedielus
1760 2212 1767 2221 ,

176 2232 179 2283 ’
215 2250 373 2362 fradra
398 2250 547 2335 ventris
575 2250 649 2333 lui.
1675 2346 1684 2370 Ι

179 2388 187 2403 ‘
329 2368 439 2449 aaa.
476 2366 520 2448 B.
544 2365 667 2474 Virgo
695 2388 769 2471 pro
796 2355 861 2446 sua
877 2358 1034 2460 familia,
1061 2354 1187 2449 sanda
1207 2358 1391 2448 videlicet
1410 2361 1587 2465 Ecclefia,
1607 2396 1670 2456 re·

253 2477 366 2579 enda,
388 2472 590 2592 vigilabat,
616 2499 659 2558 ut
679 2499 811 2571 mater.
866 2483 1165 2587 Quamprimum
1184 2477 1234 2560 ab
1254 2472 1441 2588 apostolis
1465 2483 1671 2569 eonditum

218 2507 298 2680 suit
316 2589 571 2705 Symboltun,
597 2581 778 2700 plurimas
804 2587 973 2673 confecit
996 2596 1077 2696 ejus
1099 2594 1232 2704 copias
1260 2612 1339 2674 tam
1360 2595 1524 2703 propriis
1545 2599 1669 2689 mani·

221 2707 311 2808 bur,
338 2706 458 2819 quam
482 2700 604 2816 operi
623 2694 777 2786 suorum
803 2697 1059 2814 angelorum,
1083 2703 1227 2816 quibus
1246 2727 1432 2814 tanquam
1456 2730 1668 2794 amanuen-

217 2820 324 2910 sibus
346 2816 493 2905 usa‘est.
551 2823 632 2903 Has
655 2818 806 2927 Copias
830 2817 969 2901 direxit
994 2816 1046 2902 ad
1067 2813 1287 2930 Discipulos
1311 2818 1403 2903 hinc
1426 2820 1520 2904 inde
1536 2826 1576 2908 in
1594 2828 1667 2909 Pa·

217 2930 361 3023 lastina
380 2932 642 3044 predicantes.
700 2924 876 3016 Cuilibet
901 2924 1037 3018 'eorum
1062 2929 1160 3016 mifit
1177 2927 1306 3041 plures
1330 2933 1504 3045 Copias,
1532 2961 1577 3021 ut
1607 2938 1669 3023 di·

203 3048 491 3159 ,stribuerentur
508 3042 703 3130 fidelibus.
758 3047 800 3129 ln
817 3040 985 3158 separata
1003 3070 1133 3130 autem
1150 3041 1318 3157 Epistola
1331 3041 1406 3128 illis
1427 3052 1663 3150 monstravit,

217 3190 305 3277 quo
321 3159 448 3246 modo
464 3158 578 3244 fuerit
604 3157 824 3256 conditum,
848 3182 890 3244 ut
910 3158 953 3244 id
971 3155 1262 3272 promulgarent
1283 3153 1477 3245 fidelibus.

176 3318 187 3341 ·
235 3316 245 3326 *
338 3304 434 3378 aaa.
469 3267 670 3386 Discipulis
687 3277 808 3384 magis
824 3276 981 3359 remotis
1002 3272 1099 3359 misit
1121 3300 1185 3358 eas
1206 3275 1356 3385 Copias
1382 3299 1470 3357 curn
1492 3267 1555 3359 sua
1573 3276 1665 3390 Epi*
1838 3380 1842 3387 Ι

215 3383 314 3477 stola
334 3416 404 3501 per
418 3384 506 3472 suos
527 3381 700 3501 angelos.
759 3391 813 3470 Hi
825 3382 1022 3471 nonnullis
1046 3382 1328 3499 Discipulorum
1346 3396 1661 3498 apparuerunt&

216 3497 405 3589 collocuti
429 3501 533 3590 sunta
576 3497 657 3585 aliis
689 3524 818 3585 autem
850 3499 1001 3586 tantdm
1021 3497 1259 3587 invifibilitet
1281 3500 1553 3615 confignatunt
1573 3505 1662 3610 Cog

212 3621 297 3732 pias
316 3643 403 3699 eum
421 3611 589 3726 Epistola
609 3623 651 3698 B.
672 3618 852 3728 Virginis.
1017 3633 1019 3636 ⁴

336 3759 432 3832 224.
459 3724 586 3826 Multi,
604 3733 673 3843 qui
689 3729 768 3812 hoc
786 3724 962 3840 scriptum
976 3721 1207 3840 Symbolum
1226 3751 1454 3840 receperunt
1475 3758 1565 3817 cum
1588 3731 1663 3819 fin·

213 3836 336 3961 gulari
368 3840 601 3944 humilitate,
637 3868 866 3954 receperunt
896 3837 1003 3928 simul
1037 3844 1218 3952 Spiritum
1247 3845 1427 3926 Sanctum
1455 3842 1660 3936 vifibiliter.

215 3960 395 4068 Quando
420 3952 692 4069 imponebatur
715 3960 844 4069 aegris,
872 3962 1056 4050 mortuis,
1078 3981 1123 4039 ac
1139 3951 1304 4054 obsessis,
1324 3958 1588 4043 restituebatur
1609 3988 1658 4045 a·

213 4077 292 4189 gris
310 4072 459 4173 sanitas,
471 4076 634 4161 mortuis
656 4074 749 4174 vita,
764 4076 803 4157 δι
823 4071 873 4158 ab
887 4066 1039 4159 obsedit
1054 4066 1262 4179 doemonet
1274 4065 1487 4184 fugiebant.
1541 4075 1658 4158 Con·
