3796 4994
563 331 766 433 Revelat.
795 335 848 431 de
873 329 1063 466 Agreda.
1087 329 1203 438 'Pars
1228 257 1308 431 lli.
1361 381 1371 388 *·
1552 363 1652 464 44¹
1677 404 1680 409 .
1721 262 1733 406 ,¹

195 584 198 597 ι
333 563 427 644 350.
466 535 509 621 sn
536 541 599 622 via
620 532 670 624 aii
702 543 741 625 ui
758 535 885 652 angeli
908 537 1100 623 canebant
1123 541 1218 623 Ave
1237 538 1415 646 Μανίας
1455 533 1520 624 alii
1544 540 1660 631 Salve

203 655 339 774 franssa
352 679 518 768 paren53
548 649 613 738 alii
637 567 753 741 dee
782 654 948 771 Regina,
979 657 1019 737 dc
1043 647 1106 738 alii
1131 652 1278 769 Regina
1304 651 1388 740 coeli
1411 650 1552 741 latare.
1616 663 1661 744 ln

214 769 466 856 decantandis
494 766 663 854 versibus
683 764 921 855 alternabant
941 769 1114 855 Choros.
1182 767 1361 854 Tandem
1390 769 1521 856 media
1543 779 1663 860 nodie
1718 851 1719 854 t

214 891 447 1000 perveniunt
464 870 799 997 &stauarum
910 928 912 933 ·
1087 983 1092 992 ¹

335 1028 429 1102 35¹·
472 997 617 1083 Musica
637 992 864 1111 angelorum
882 1003 925 1085 B.
944 997 1148 1110 Virginem
1177 999 1416 1116 portantium
1434 1001 1512 1107 jam
1533 995 1662 1087 ilon-

215 1119 368 1228 ginquo
386 1111 579 1198 excitabat
599 1114 641 1198 S.
661 1110 853 1215 Jacobum
874 1116 915 1196 &
941 1119 1022 1215 eius
1040 1107 1245 1223 discipulos
1264 1108 1290 1197 a
1308 1106 1460 1228 somno.
1516 1110 1662 1231 Angeli
1810 1158 1812 1162 ·

172 1322 174 1325 .
215 1223 477 1342 deposuerunt
499 1229 546 1312 Β.
571 1229 772 1338 Virginem
795 1250 886 1311 ante
909 1225 948 1312 S.
967 1225 1179 1328 Jacohums
1208 1252 1308 1311 unus
1322 1222 1548 1338 angelorum
1569 1258 1662 1342 por·

212 1346 321 1430 tabat
340 1368 502 1454 parvam
520 1336 744 1426 columnam
765 1369 814 1426 ex
833 1366 1028 1425 marmore
1042 1334 1105 1426 vel
1117 1335 1292 1454 Jaspidet
1329 1345 1369 1426 dc
1386 1337 1449 1427 alii
1462 1344 1661 1431 habebant
1769 1417 1773 1424 .
1822 1357 1823 1360 ‘

213 1459 670 1658 ismaginembB.„Virginki>s
693 1481 742 1540 ex
762 1449 835 1542 alia
852 1457 1011 1542 materia
1025 1444 1246 1555 formatam,
1264 1481 1312 1542 ac
1331 1481 1524 1581 magnam,
1540 1485 1661 1575 quam

231 1598 288 1657 uu
314 1598 416 1655 mani
447 1596 492 1654 us
544 1593 628 1655 orta
658 1593 736 1654 ant.
976 1647 980 1655 Α

336 1714 432 1788 35²·
461 1690 504 1769 B.
516 1599 652 1797 pVirgo
674 1683 726 1768 ad
746 1684 786 1769 S.
804 1681 998 1788 Jacobum
1016 1681 1133 1768 dixit:
1160 1685 1204 1767 ln
1220 1687 1382 1769 nomine
1401 1689 1662 1799 Omnipoten-

214 1805 263 1888 tis
280 1805 471 1913 promitto
490 1802 673 1882 omnibus
691 1799 794 1881 hunc
814 1793 949 1880 locum
977 1795 1124 1881 devoti
1144 1795 1381 1882 visitantibus
1403 1826 1559 1912 magnas
1576 1825 1661 1910 gra-

214 1921 286 2002 tias
311 1918 351 1996 &
376 1912 673 1997 benedictiones
720 1908 827 1996 lenas
850 1908 1078 1995 dulcedinis.
1106 1960 1124 1977 -
1181 1909 1369 2008 AEdifices
1392 1904 1456 1997 hic
1480 1910 1549 1999 sub
1571 1921 1661 2000 titu-

212 2027 258 2114 lo
275 2031 352 2112 mei
372 2028 544 2111 nominis
568 2020 682 2111 Eccle
733 2054 787 2128 m,
802 2029 844 2110 in
865 2027 1040 2139 quahaec
1066 2051 1154 2110 mea
1174 2022 1355 2111 columna
1371 2033 1411 2112 da
1434 2029 1554 2114 statm
1571 2055 1661 2115 cum

214 2169 306 2230 vcra
327 2136 535 2255 Religione
557 2140 840 2252 permanebunt
864 2166 993 2253 usque
1021 2139 1212 2226 adfinem
1236 2140 1386 2232 mundi.

336 2285 430 2357 353·
459 2250 601 2368 Angeli
622 2257 745 2340 siatim
761 2278 962 2341 erexerunt
982 2249 1206 2339 columnam
1222 2259 1262 2337 δι
1284 2249 1546 2369 imposuerunt
1564 2257 1661 2343 ima·

160 2395 164 2399 ’
215 2376 345 2487 ginem
365 2378 407 2456 B.
429 2374 595 2480 Virginis
616 2376 656 2454 in
675 2367 793 2466 loco,
819 2373 861 2453 in
878 2397 963 2481 quo
980 2369 1110 2453 adhuc
1130 2396 1235 2454 nunc
1249 2367 1486 2483 perseverat,
1511 2377 1551 2455 δι
1571 2398 1659 2456 curn
1824 2421 1834 2441 ·

214 2495 255 2572 S.
279 2484 433 2589 Jacobo
472 2482 715 2567 celebrarunt
748 2489 909 2594 primam
941 2482 1265 2579 Dedicationem,
1302 2509 1391 2595 qua
1416 2483 1477 2578 ab
1508 2488 1659 2599 origine
1807 2507 1809 2512 ’

216 2601 355 2687 mundi
381 2599 450 2683 sub
475 2591 590 2681 titulo
610 2604 651 2681 Β.
676 2599 844 2708 Virginis
865 2595 1031 2680 instituta
1053 2596 1120 2680 est.

336 2738 431 2816 354.
454 2717 566 2796 Ttmc
583 2713 623 2796 S.
640 2709 811 2813 lacobus
832 2713 942 2821 petiit
959 2706 1042 2794 ab.
1052 2712 1211 2823 Virgine
1227 2703 1426 2821 specialem
1445 2716 1659 2822 protediio·
1706 2770 1708 2775 -

216 2856 309 2914 nem
343 2823 539 2938 Hispania
556 2827 707 2939 Regni,
737 2851 782 2908 ac
807 2817 1008 2935 prasertim
1034 2827 1146 2932 hujus
1167 2819 1258 2909 loci.
1317 2833 1367 2915 B.
1386 2829 1509 2940 Virgo
1528 2830 1662 2917 omnia

218 2940 424 3028 concessus
454 2941 545 3024 dein
563 2961 757 3050 reportata
783 2942 836 3022 est
855 2931 1134 3038 Jerosolimam.
1188 2941 1300 3024 Deus
1318 2966 1446 3024 autem
1471 2940 1522 3025 ad
1545 2948 1662 3028 inter·
1699 2966 1705 2979 ¹

218 3056 425 3142 ceffionem
460 3060 504 3139 Β.
533 3055 700 3165 Virginis
725 3080 799 3164 pto
828 3049 909 3135 loci
934 3054 1112 3138 custodia
1129 3053 1324 3138 ordinavit
1349 3048 1519 3167 aliquem
1544 3081 1662 3169 ange·

217 3167 314 3270 lum,
340 3173 411 3284 qui
431 3173 638 3253 etiamnum
657 3166 713 3251 ibi
734 3163 881 3279 vigilat,
902 3172 942 3250 δι
963 3161 1139 3280 vigilabit
1158 3169 1349 3282 usquead
1370 3167 1488 3252 linem
1511 3171 1660 3256 mundi.

204 3382 209 3393 ,
343 3310 438 3386 355·
463 3277 689 3368 Revelatum
704 3303 837 3364 tamen
850 3281 943 3366 mibi
965 3282 1040 3378 eli,
1068 3278 1240 3393 praefatas
1261 3279 1526 3395 promissiones
1546 3284 1662 3372 Chri·

219 3401 313 3486 sti&
325 3405 366 3484 Β.
378 3400 546 3510 Virginis
565 3391 639 3479 esse
656 3395 966 3484 conditionatass
993 3392 1022 3480 st
1042 3422 1185 3510 nempe
1205 3399 1341 3482 nostris
1365 3397 1560 3484 demeritis
1579 3425 1661 3485 non

221 3517 397 3629 cogimus
418 3518 562 3608 Deum,
585 3536 659 3593 nos
712 3510 858 3593 rivandi
874 3505 945 3593 illis
962 3514 1101 3621 gratiis
1717 3618 1720 3623 Ι

339 3642 435 3730 356.
463 3629 565 3710 Hinc
585 3537 738 3710 Luerler
756 3649 917 3707 conatur
933 3618 1222 3736 Caesaraugustae
1243 3624 1430 3709 invehere
1444 3628 1549 3724 vitia,
1568 3655 1665 3739 pra·
1819 3738 1821 3742 Ι

219 3739 347 3828 sertim
375 3736 555 3835 luxuriae,
578 3762 622 3824 ut
638 3764 723 3823 mm
746 3738 881 3823 urbem
899 3740 1025 3851 privet
1043 3744 1291 3852 protesiione
1307 3735 1487 3853 promissa
1509 3748 1552 3825 Β.
1575 3746 1664 3826 Vir·

221 3861 335 3969 ginis.
399 3855 567 3938 llistimo
593 3878 658 3936 me
685 3851 861 3950 beatam,
891 3853 1006 3963 quod
1044 3857 1322 3968 Monasterium
1354 3882 1485 3939 meum
1513 3853 1663 3940 tantuin

223 3971 336 4056 distet
354 3972 491 4067 itinere
514 3965 682 4052 duorum
705 3967 854 4051 dierum
884 3964 1180 4080 Caesaraugusti.

341 4111 435 4185 357·
461 4085 500 4165 S.
519 4080 687 4185 Jacobus
707 4091 820 4194 proin
846 4085 887 4166 in
911 4109 962 4168 eo
986 4081 1082 4170 loco
1103 4082 1305 4170 aedificavit
1324 4085 1500 4197 exiguam
1520 4082 1582 4170 Ca
1610 4077 1667 4168 el·
1773 4038 1775 4042 Α

340 4196 402 4285 D.
424 4194 473 4282 E.
492 4199 550 4282 A.
570 4191 615 4281 de
634 4193 811 4334 develat.
832 4184 935 4285 Piis
953 4196 1013 4346 ll,
1202 4198 1313 4286 Kkk
1573 4109 1668 4296 bam
