3796 4994
711 235 714 242 .
1017 188 1020 193 ·
1117 184 1151 243 e

582 317 782 441 noent.
804 316 856 413 a
871 312 1059 450 Agraria.
1079 318 1191 410 rm
1212 317 1291 413 ιιι.
1555 284 1665 450 437,

312 564 320 594 ·-
334 554 381 630 ιι
395 551 432 625 5.
469 522 530 609 lbi
558 526 601 608 B.
626 526 750 636 Virgo
767 519 793 608 a
809 522 874 608 88.
899 521 1087 621 Trinitate
1111 516 1163 602 de
1188 542 1298 606 novo
1320 515 1394 623 suit
1411 525 1667 636 intenogata,

215 639 316 759 quid
332 663 508 753 peteret,
535 661 577 721 ut
594 637 704 722 fieret
722 641 842 751 magis
861 636 1008 721 idonea
1032 632 1083 718 td
1101 659 1205 727 nova
1227 635 1407 746 mysteria
1430 637 1569 722 divinae
1594 643 1663 726 Sa·
1806 749 1808 753 Ι

212 761 380 872 pientiae,
401 758 438 835 dr
459 753 812 837 Praedestinationis.
853 749 944 903 *d
958 751 1037 833 hoc
1056 742 1333 833 declarandum
1364 751 1519 848 dicam,
1546 754 1663 948 pund

214 873 309 956 mihi
336 891 494 952 eatenus
525 864 600 951 fuit
632 862 864 957 revelatum·
916 861 1054 951 'edm
1086 857 1264 947 voluntas
1290 870 1331 947 B.
1350 865 1517 979 Virginis

213 981 423 1079 tediisrma,
447 979 752 1094 videtur,·quod
775 981 885 1064 Deus
905 1004 988 1062 non
1011 981 1184 1088 ponterit
1208 972 1324 1062 ullam
1344 1005 1425 1062 rem
1446 974 1545 1064 veile
1565 1009 1663 1079 ¹con·

214 1120 271 1183 tra
299 1104 378 1229 e‘ps
395 1090 649 1179 voluntatem.
676 1141 694 1159 ·
749 1096 797 1178 Et
816 1119 905 1177 cum
927 1110 1004 1176 tres
1016 1092 1080 1175 88.
1094 1087 1266 1178 Personae
1285 1097 1321 1176 ei
1337 1088 1539 1180 Ecclefiam
1554 1123 1663 1182 com·

215 1206 394 1311 miscunt,
417 1235 463 1293 ac
486 1203 684 1292 corsuum
709 1206 954 1305 confiderint,
979 1200 1190 1291 noluerunt
1210 1201 1326 1291 ullam
1349 1234 1430 1292 rem
1460 1214 1501 1294 in
1521 1236 1661 1296 execu-

214 1331 365 1411 tionem
399 1321 595 1407 deducere
632 1320 711 1407 fine
747 1316 907 1409 confilio
938 1325 978 1404 Βι
1008 1310 1114 1434 duest
1145 1315 1392 1437 beneplacito
1423 1328 1583 1438 Reginae
1613 1352 1661 1411 o·

214 1443 362 1525 mnium
394 1460 624 1522 creatorum.
691 1501 693 1505 ,

335 1565 428 1656 316.
455 1557 509 1636 Ut
528 1552 624 1635 vero
641 1543 820 1636 voluntas
840 1552 931 1648 Dei,
950 1553 991 1634 &
1011 1546 1190 1638 voluntas
1208 1556 1249 1637 Β.
1264 1551 1433 1664 Virginis
1448 1556 1490 1655 in
1510 1552 1663 1641 Decre-
1706 1654 1714 1661 ‚

214 1667 265 1754 tis
289 1665 506 1750 condendis
528 1664 824 1762 concordarent,
844 1662 1091 1750 necessarium
1113 1661 1201 1765 suit,
1229 1665 1449 1783 urgdatetur
1466 1665 1534 1780 ipsi
1555 1678 1668 1764 nova'

212 1781 457 1896 participatio
473 1775 636 1863 scientiae
652 1777 790 1862 divinae
812 1805 858 1862 ac
879 1779 1144 1889 providentiae.
1265 1818 1273 1851 -.
1296 1756 1336 1849 *a

336 1920 430 1993 317.
473 1893 645 1978 Obtenta
663 1890 819 1976 demum
838 1890 1116 1978 benedictione
1139 1892 1164 1980 a
1181 1892 1247 1981 88.
1297 1892 1451 1983 unitate
1471 1892 1521 1978 ab
1542 1919 1664 2009 ange·

212 2004 262 2092 lis
278 2006 351 2092 suit
371 2030 566 2119 reportata
585 2010 626 2090 in
643 2031 781 2090 terram
798 2011 838 2089 in
857 2003 964 2089 suum
990 2012 1229 2094 oratorium.
1582 2020 1592 2030 ”

337 2143 429 2226 318.
458 2124 563 2206 Dein
585 2119 683 2205 misrt
698 2118 749 2204 ad
768 2115 967 2231 apostolos
983 2116 1157 2235 angelos,
1176 2124 1247 2237 qui
1263 2123 1316 2208 eis
1332 2125 1552 2209 nuntiarent
1563 2146 1660 2215 con·

166 2256 168 2261 ’
216 2234 431 2323 versonem
453 2236 492 2319 8.
517 2230 637 2320 Pauli.
692 2234 763 2319 Ad·
778 2230 900 2347 ipsum
921 2237 1017 2321 vero
1041 2238 1082 2323 S.
1102 2233 1262 2323 Paulum
1283 2235 1382 2323 misit
1403 2234 1523 2323 thum
1541 2261 1662 2347 ange·

216 2346 312 2448 lum,
328 2354 396 2462 qui
415 2352 450 2435 ci
465 2355 654 2433 nuntiaret
670 2346 821 2433 infidias
837 2345 996 2433 diaboli.
1052 2356 1202 2436 Omnes
1221 2349 1502 2466 responderunt
1515 2357 1559 2436 Β.
1574 2354 1663 2434 Vir·

218 2468 300 2577 gini
319 2491 389 2577 per
412 2463 574 2547 eosdem
598 2457 781 2574 angelos,
817 2463 1016 2576 praesertim
1038 2465 1077 2547 8.
1101 2460 1270 2568 Paulus,
1291 2469 1363 2582 qui
1378 2492 1464 2552 eam
1488 2462 1669 2565 confide,

218 2583 316 2664 ravit
335 2572 498 2685 utsuam
520 2576 796 2659 mediatricem.

1564 873 1663 954 uerit
1747 885 1753 900 “
1827 956 1830 979 4

292 2735 295 2739 ⁴
336 2719 432 2793 319.
458 2690 628 2791 Jacobus
652 2693 779 2791 Maior
804 2690 947 2800 primus
965 2683 1123 2775 discesfit
1141 2686 1371 2794 Jerosolima
1386 2684 1440 2775 ad
1453 2690 1663 2803 predicata·
1828 2706 1831 2711 '

218 2806 329 2891 dum.
386 2807 598 2908 Postquam
627 2799 781 2918 aliquot
802 2803 942 2889 diebus
968 2802 1237 2917 predicaverat
1265 2808 1304 2889 in
1320 2806 1473 2910 Judaea,
1498 2806 1593 2893 abiit
1620 2811 1687 2893 in'

219 2917 453 3032 Hispaniam.
508 2913 748 3006 Conscendit
773 2944 911 3003 navem
934 2921 974 3002 in
1000 2923 1120 3004 Portu
1145 2923 1300 3030 Jopha,
1327 2926 1397 3031 qui
1417 2948 1521 3005 nunc
1544 2947 1662 3006 voca·

220 3058 285 3118 tur
309 3036 432 3145 Japha
459 3059 564 3117 anno
593 3036 758 3117 Domini
784 3061 849 3134 ις.
876 3060 958 3117 uno
978 3059 1084 3117 anno
1106 3039 1143 3116 δι
1164 3038 1341 3146 quinque
1363 3033 1554 3118 mensibus
1573 3035 1665 3146 post

220 3147 432 3260 passionem
467 3147 636 3244 Christi,
665 3153 759 3231 odio
791 3144 982 3231 mensibus
1011 3148 1098 3258 post
1130 3151 1357 3259 Martyrium
1387 3151 1427 3232 8.
1453 3149 1661 3257 Stephanis

221 3267 400 3375 quinque
416 3259 607 3362 mensibus
631 3283 722 3345 ante
741 3258 1032 3344 conversionem
1048 3263 1086 3345 S.
1107 3257 1229 3345 Pauli.
1288 3263 1345 3344 lix
1373 3263 1499 3373 Japha
1529 3260 1666 3373 profe·

223 3383 306 3459 dus
324 3377 378 3459 cst
398 3380 437 3459 in
458 3375 699 3475 Sardiniam,
721 3374 863 3458 exinde
880 3378 1164 3485 Cattagenam,
1195 3374 1285 3471 ubi,
1305 3377 1512 3487 postquam
1533 3381 1665 3486 paucis

222 3490 360 3573 diebus
386 3490 668 3600 praedicaverat,
695 3487 836 3574 nansnt
861 3466 1097 3592 Cranadam
1120 3488 1282 3576 edodus
1307 3488 1489 3603 &Spiritu
1508 3492 1666 3594 Sancto,

221 3600 390 3716 segetem
412 3601 500 3688 fore
524 3601 759 3687 uberiorem.
1451 3670 1456 3681 .
1738 3680 1743 3691 .

347 3748 440 3820 320.
476 3722 515 3802 8.
535 3717 706 3819 Jacobus
727 3710 937 3828 specialiter
954 3740 1036 3803 etat
1060 3710 1221 3803 dilectus
1242 3719 1284 3800 Β.
1304 3716 1465 3830 Virgini.
1522 3710 1669 3807 Multas

223 3829 510 3943 persecutiones
536 3828 662 3943 passus
686 3832 801 3915 estin
829 3830 1004 3943 Hispania
1022 3830 1045 3916 i
1064 3832 1224 3935 Judaeiss
1252 3859 1325 3915 nec
1347 3837 1514 3914 minores
1543 3829 1669 3944 passus

226 3946 281 4028 est
304 3950 343 4028 in
365 3942 483 4043 ltalia,
505 3949 545 4028 &
560 3944 659 4044 Asta,
680 3972 749 4058 per
769 3972 866 4061 quas
888 3950 1068 4059 regiones
1094 3947 1206 4031 rediit
1226 3938 1506 4050 jerosolimam:
1547 3948 1672 4059 ‚Saepe

226 4056 301 4147 fuit
328 4053 510 4149 liberatus
543 4056 568 4147 ὲ
592 4055 772 4174 periculis
795 4089 866 4175 per
889 4054 1051 4260 angleseia
1075 4058 1100 4145 i
1121 4065 1165 4147 B.
1184 4062 1344 4174 Virgine
1366 4054 1435 4173 ipsr
1451 4054 1672 4147 submitsost

977 4201 1020 4259 ιι
1051 4201 1070 4279 3
1198 4217 1202 4221 ·
1600 4197 1673 4288 pet
