<?xml version="1.0" encoding="UTF-8"?>
<!DOCTYPE html PUBLIC "-//W3C//DTD XHTML 1.0 Transitional//EN"
    "http://www.w3.org/TR/xhtml1/DTD/xhtml1-transitional.dtd">
<html xmlns="http://www.w3.org/1999/xhtml" xml:lang="en" lang="en">
 <head>
  <title>
</title>
<meta http-equiv="Content-Type" content="text/html;charset=utf-8" />
  <meta name='ocr-system' content='tesseract 3.04.00' />
  <meta name='ocr-capabilities' content='ocr_page ocr_carea ocr_par ocr_line ocrx_word'/>
</head>
<body>
  <div class='ocr_page' id='page_1' title='image "./derevelationibu00amorgoog_0182.png"; bbox 0 0 3796 4994; ppageno 0'>
   <div class='ocr_carea' id='block_1_1' title="bbox 228 303 1331 445">
    <p class='ocr_par' dir='ltr' id='par_1_1' title="bbox 228 303 1331 445">
     <span class='ocr_line' id='line_1_1' title="bbox 228 303 1331 445; baseline 0.013 -51"><span class='ocrx_word' id='word_1_1' title='bbox 228 306 292 411; x_wconf 85' lang='lat'>16</span> <span class='ocrx_word' id='word_1_2' title='bbox 299 341 325 411; x_wconf 84' lang='lat'><em>2</em></span> <span class='ocrx_word' id='word_1_3' title='bbox 560 307 733 442; x_wconf 61' lang='lat' dir='ltr'>Regula</span> <span class='ocrx_word' id='word_1_4' title='bbox 755 336 814 404; x_wconf 85' lang='lat' dir='ltr'>ex</span> <span class='ocrx_word' id='word_1_5' title='bbox 836 312 890 407; x_wconf 88' lang='lat' dir='ltr'>P.</span> <span class='ocrx_word' id='word_1_6' title='bbox 915 304 1085 407; x_wconf 76' lang='lat' dir='ltr'>badan.</span> <span class='ocrx_word' id='word_1_7' title='bbox 1106 303 1159 404; x_wconf 85' lang='lat' dir='ltr'>de</span> <span class='ocrx_word' id='word_1_8' title='bbox 1176 314 1331 445; x_wconf 60' lang='lat' dir='ltr'>Leone,</span> 
     </span>
    </p>
   </div>
   <div class='ocr_carea' id='block_1_2' title="bbox 146 509 1718 3049">
    <p class='ocr_par' dir='ltr' id='par_1_2' title="bbox 146 509 1718 3049">
     <span class='ocr_line' id='line_1_2' title="bbox 224 509 1683 631; baseline 0.003 -32"><span class='ocrx_word' id='word_1_9' title='bbox 224 517 278 599; x_wconf 91' lang='lat' dir='ltr'>tia</span> <span class='ocrx_word' id='word_1_10' title='bbox 298 510 420 608; x_wconf 89' lang='lat' dir='ltr'>iniis,</span> <span class='ocrx_word' id='word_1_11' title='bbox 448 511 519 625; x_wconf 93' lang='lat' dir='ltr'>qui</span> <span class='ocrx_word' id='word_1_12' title='bbox 547 538 787 625; x_wconf 85' lang='lat' dir='ltr'>occupantur</span> <span class='ocrx_word' id='word_1_13' title='bbox 812 512 1036 623; x_wconf 84' lang='lat' dir='ltr'>hujusmodi</span> <span class='ocrx_word' id='word_1_14' title='bbox 1066 516 1277 613; x_wconf 83' lang='lat' dir='ltr'>exercitiis,</span> <span class='ocrx_word' id='word_1_15' title='bbox 1301 537 1368 600; x_wconf 88' lang='lat' dir='ltr'>aut</span> <span class='ocrx_word' id='word_1_16' title='bbox 1394 513 1435 598; x_wconf 92' lang='lat' dir='ltr'>in</span> <span class='ocrx_word' id='word_1_17' title='bbox 1451 509 1536 601; x_wconf 85' lang='lat' dir='ltr'>aliis</span> <span class='ocrx_word' id='word_1_18' title='bbox 1555 540 1683 631; x_wconf 84' lang='lat' dir='ltr'>quart-</span> 
     </span>
     <span class='ocr_line' id='line_1_3' title="bbox 224 623 1690 741; baseline 0.007 -28"><span class='ocrx_word' id='word_1_19' title='bbox 224 652 467 739; x_wconf 89' lang='lat' dir='ltr'>tumcunquc</span> <span class='ocrx_word' id='word_1_20' title='bbox 491 623 647 717; x_wconf 65' lang='lat' dir='ltr'>sanctim</span> <span class='ocrx_word' id='word_1_21' title='bbox 677 627 744 713; x_wconf 86' lang='lat' dir='ltr'>nifi</span> <span class='ocrx_word' id='word_1_22' title='bbox 763 655 850 713; x_wconf 88' lang='lat' dir='ltr'>earn</span> <span class='ocrx_word' id='word_1_23' title='bbox 874 624 1147 723; x_wconf 74' lang='lat' dir='ltr'>certitudinem</span> <span class='ocrx_word' id='word_1_24' title='bbox 1174 628 1346 741; x_wconf 82' lang='lat' dir='ltr'>habeant</span> <span class='ocrx_word' id='word_1_25' title='bbox 1371 658 1419 714; x_wconf 82' lang='lat' dir='ltr'>cx</span> <span class='ocrx_word' id='word_1_26' title='bbox 1441 626 1690 723; x_wconf 85' lang='lat' dir='ltr'>revelatione</span> 
     </span>
     <span class='ocr_line' id='line_1_4' title="bbox 224 737 1688 858; baseline 0.008 -33"><span class='ocrx_word' id='word_1_27' title='bbox 224 737 455 855; x_wconf 83' lang='lat' dir='ltr'><strong>particulari.</strong></span> <span class='ocrx_word' id='word_1_28' title='bbox 510 744 625 827; x_wconf 86' lang='lat' dir='ltr'>Ratio</span> <span class='ocrx_word' id='word_1_29' title='bbox 648 745 716 845; x_wconf 86' lang='lat' dir='ltr'>est,</span> <span class='ocrx_word' id='word_1_30' title='bbox 738 749 831 858; x_wconf 90' lang='lat' dir='ltr'>quia</span> <span class='ocrx_word' id='word_1_31' title='bbox 852 741 929 858; x_wconf 89' lang='lat' dir='ltr'>ipsa</span> <span class='ocrx_word' id='word_1_32' title='bbox 948 746 988 831; x_wconf 86' lang='lat' dir='ltr'>S.</span> <span class='ocrx_word' id='word_1_33' title='bbox 1011 743 1190 831; x_wconf 88' lang='lat' dir='ltr'>Theresia</span> <span class='ocrx_word' id='word_1_34' title='bbox 1206 744 1258 829; x_wconf 91' lang='lat' dir='ltr'>de</span> <span class='ocrx_word' id='word_1_35' title='bbox 1280 742 1317 828; x_wconf 89' lang='lat' dir='ltr'>se</span> <span class='ocrx_word' id='word_1_36' title='bbox 1340 741 1422 858; x_wconf 78' lang='lat' dir='ltr'>ipsa</span> <span class='ocrx_word' id='word_1_37' title='bbox 1445 741 1599 833; x_wconf 87' lang='lat' dir='ltr'>scribit:</span> <span class='ocrx_word' id='word_1_38' title='bbox 1626 753 1688 851; x_wconf 88' lang='lat' dir='ltr'>ld,</span> 
     </span>
     <span class='ocr_line' id='line_1_5' title="bbox 223 855 1687 974; baseline 0.009 -34"><span class='ocrx_word' id='word_1_39' title='bbox 223 857 343 970; x_wconf 92' lang='lat' dir='ltr'>quod</span> <span class='ocrx_word' id='word_1_40' title='bbox 354 882 417 947; x_wconf 88' lang='lat' dir='ltr'>me</span> <span class='ocrx_word' id='word_1_41' title='bbox 439 878 613 970; x_wconf 84' lang='lat' dir='ltr'>torquet,</span> <span class='ocrx_word' id='word_1_42' title='bbox 627 859 818 969; x_wconf 74' lang='lat' dir='ltr'>Domine,</span> <span class='ocrx_word' id='word_1_43' title='bbox 829 861 896 957; x_wconf 82' lang='lat' dir='ltr'>est,</span> <span class='ocrx_word' id='word_1_44' title='bbox 913 860 1028 974; x_wconf 87' lang='lat' dir='ltr'>quod</span> <span class='ocrx_word' id='word_1_45' title='bbox 1042 885 1123 945; x_wconf 91' lang='lat' dir='ltr'>non</span> <span class='ocrx_word' id='word_1_46' title='bbox 1143 861 1252 944; x_wconf 79' lang='lat' dir='ltr'>certo</span> <span class='ocrx_word' id='word_1_47' title='bbox 1269 855 1399 963; x_wconf 89' lang='lat' dir='ltr'>sciam,</span> <span class='ocrx_word' id='word_1_48' title='bbox 1412 885 1542 946; x_wconf 87' lang='lat' dir='ltr'>utrum</span> <span class='ocrx_word' id='word_1_49' title='bbox 1558 890 1687 953; x_wconf 88' lang='lat' dir='ltr'>amem</span> 
     </span>
     <span class='ocr_line' id='line_1_6' title="bbox 180 968 1686 1088; baseline 0.007 -34"><span class='ocrx_word' id='word_1_50' title='bbox 180 1056 191 1073; x_wconf 65' lang='grc'><strong>,</strong></span> <span class='ocrx_word' id='word_1_51' title='bbox 223 995 279 1070; x_wconf 87' lang='lat' dir='ltr'>tc,</span> <span class='ocrx_word' id='word_1_52' title='bbox 309 977 348 1054; x_wconf 81' lang='lat' dir='ltr'>dc</span> <span class='ocrx_word' id='word_1_53' title='bbox 379 995 508 1056; x_wconf 92' lang='lat' dir='ltr'>utrum</span> <span class='ocrx_word' id='word_1_54' title='bbox 537 968 724 1057; x_wconf 87' lang='lat' dir='ltr'>desideria</span> <span class='ocrx_word' id='word_1_55' title='bbox 752 1001 840 1058; x_wconf 81' lang='lat' dir='ltr'>mea</span> <span class='ocrx_word' id='word_1_56' title='bbox 876 973 947 1059; x_wconf 88' lang='lat' dir='ltr'>stnt</span> <span class='ocrx_word' id='word_1_57' title='bbox 974 996 1132 1087; x_wconf 88' lang='lat' dir='ltr'>accepta</span> <span class='ocrx_word' id='word_1_58' title='bbox 1160 979 1201 1059; x_wconf 91' lang='lat' dir='ltr'>in</span> <span class='ocrx_word' id='word_1_59' title='bbox 1237 969 1447 1088; x_wconf 76' lang='lat' dir='ltr'>conspeciu</span> <span class='ocrx_word' id='word_1_60' title='bbox 1483 1000 1570 1063; x_wconf 90' lang='lat' dir='ltr'>tuo.</span> <span class='ocrx_word' id='word_1_61' title='bbox 1638 984 1686 1065; x_wconf 88' lang='lat' dir='ltr'>Et</span> 
     </span>
     <span class='ocr_line' id='line_1_7' title="bbox 224 1082 1685 1204; baseline 0.006 -33"><span class='ocrx_word' id='word_1_62' title='bbox 224 1089 267 1172; x_wconf 93' lang='lat' dir='ltr'>in</span> <span class='ocrx_word' id='word_1_63' title='bbox 291 1082 369 1170; x_wconf 85' lang='lat' dir='ltr'>alio</span> <span class='ocrx_word' id='word_1_64' title='bbox 389 1083 507 1175; x_wconf 80' lang='lat' dir='ltr'>loco:</span> <span class='ocrx_word' id='word_1_65' title='bbox 535 1092 575 1170; x_wconf 90' lang='lat' dir='ltr'>O</span> <span class='ocrx_word' id='word_1_66' title='bbox 604 1115 668 1171; x_wconf 90' lang='lat' dir='ltr'>me</span> <span class='ocrx_word' id='word_1_67' title='bbox 687 1082 900 1185; x_wconf 83' lang='lat' dir='ltr'>infelicem,</span> <span class='ocrx_word' id='word_1_68' title='bbox 927 1091 1039 1174; x_wconf 83' lang='lat' dir='ltr'>Deus</span> <span class='ocrx_word' id='word_1_69' title='bbox 1055 1093 1181 1174; x_wconf 78' lang='lat' dir='ltr'>meua!</span> <span class='ocrx_word' id='word_1_70' title='bbox 1211 1090 1425 1203; x_wconf 91' lang='lat' dir='ltr'>quomodo</span> <span class='ocrx_word' id='word_1_71' title='bbox 1449 1117 1596 1204; x_wconf 90' lang='lat' dir='ltr'>potero</span> <span class='ocrx_word' id='word_1_72' title='bbox 1619 1093 1685 1180; x_wconf 92' lang='lat' dir='ltr'>sci·</span> 
     </span>
     <span class='ocr_line' id='line_1_8' title="bbox 225 1197 1718 1325; baseline 0.005 -36"><span class='ocrx_word' id='word_1_73' title='bbox 225 1228 283 1302; x_wconf 89' lang='lat' dir='ltr'>te,</span> <span class='ocrx_word' id='word_1_74' title='bbox 305 1200 419 1316; x_wconf 92' lang='lat' dir='ltr'>quod</span> <span class='ocrx_word' id='word_1_75' title='bbox 437 1228 521 1286; x_wconf 92' lang='lat' dir='ltr'>non</span> <span class='ocrx_word' id='word_1_76' title='bbox 540 1199 607 1287; x_wconf 90' lang='lat' dir='ltr'>stm</span> <span class='ocrx_word' id='word_1_77' title='bbox 627 1197 835 1317; x_wconf 74' lang='lat' dir='ltr'>separatad</span> <span class='ocrx_word' id='word_1_78' title='bbox 861 1200 932 1288; x_wconf 77' lang='lat' dir='ltr'>te?</span> <span class='ocrx_word' id='word_1_79' title='bbox 962 1211 1002 1289; x_wconf 91' lang='grc'><strong>0</strong></span> <span class='ocrx_word' id='word_1_80' title='bbox 1028 1206 1147 1288; x_wconf 90' lang='lat' dir='ltr'>vitam</span> <span class='ocrx_word' id='word_1_81' title='bbox 1168 1232 1294 1289; x_wconf 87' lang='lat' dir='ltr'>meam</span> <span class='ocrx_word' id='word_1_82' title='bbox 1316 1200 1529 1306; x_wconf 87' lang='lat' dir='ltr'>infelicem,</span> <span class='ocrx_word' id='word_1_83' title='bbox 1547 1211 1682 1325; x_wconf 89' lang='lat' dir='ltr'>inqua</span> <span class='ocrx_word' id='word_1_84' title='bbox 1715 1268 1718 1273; x_wconf 94' lang='lat'>-</span> 
     </span>
     <span class='ocr_line' id='line_1_9' title="bbox 224 1315 1679 1413; baseline 0.005 -9"><span class='ocrx_word' id='word_1_85' title='bbox 224 1315 419 1404; x_wconf 83' lang='lat' dir='ltr'>necessum</span> <span class='ocrx_word' id='word_1_86' title='bbox 443 1318 497 1400; x_wconf 88' lang='lat' dir='ltr'>est</span> <span class='ocrx_word' id='word_1_87' title='bbox 516 1318 648 1402; x_wconf 90' lang='lat' dir='ltr'>vivere</span> <span class='ocrx_word' id='word_1_88' title='bbox 675 1343 764 1402; x_wconf 91' lang='lat' dir='ltr'>cum</span> <span class='ocrx_word' id='word_1_89' title='bbox 787 1342 893 1406; x_wconf 84' lang='lat' dir='ltr'>tanta</span> <span class='ocrx_word' id='word_1_90' title='bbox 917 1319 1191 1406; x_wconf 84' lang='lat' dir='ltr'>incertitudine</span> <span class='ocrx_word' id='word_1_91' title='bbox 1210 1321 1251 1404; x_wconf 91' lang='lat' dir='ltr'>in</span> <span class='ocrx_word' id='word_1_92' title='bbox 1276 1324 1320 1405; x_wconf 84' lang='lat' dir='ltr'>t&#39;e</span> <span class='ocrx_word' id='word_1_93' title='bbox 1345 1324 1442 1405; x_wconf 88' lang='lat' dir='ltr'>tanti</span> <span class='ocrx_word' id='word_1_94' title='bbox 1472 1330 1679 1413; x_wconf 86' lang='lat' dir='ltr'>momenti.</span> 
     </span>
     <span class='ocr_line' id='line_1_10' title="bbox 167 1427 1683 1554; baseline -0.001 -32"><span class='ocrx_word' id='word_1_95' title='bbox 167 1494 172 1522; x_wconf 77' lang='lat'>‚</span> <span class='ocrx_word' id='word_1_96' title='bbox 219 1440 277 1522; x_wconf 86' lang='lat' dir='ltr'>&#39;Et</span> <span class='ocrx_word' id='word_1_97' title='bbox 301 1439 341 1518; x_wconf 91' lang='lat' dir='ltr'>in</span> <span class='ocrx_word' id='word_1_98' title='bbox 357 1429 461 1518; x_wconf 93' lang='lat' dir='ltr'>libro</span> <span class='ocrx_word' id='word_1_99' title='bbox 485 1433 537 1517; x_wconf 93' lang='lat' dir='ltr'>de</span> <span class='ocrx_word' id='word_1_100' title='bbox 567 1428 834 1519; x_wconf 84' lang='lat' dir='ltr'>Manfionibus</span> <span class='ocrx_word' id='word_1_101' title='bbox 867 1427 1077 1549; x_wconf 91' lang='lat' dir='ltr'>loquendo</span> <span class='ocrx_word' id='word_1_102' title='bbox 1107 1435 1159 1517; x_wconf 91' lang='lat' dir='ltr'>de</span> <span class='ocrx_word' id='word_1_103' title='bbox 1186 1433 1386 1520; x_wconf 80' lang='lat' dir='ltr'>animabus</span> <span class='ocrx_word' id='word_1_104' title='bbox 1411 1439 1488 1542; x_wconf 85' lang='lat' dir='ltr'>jam</span> <span class='ocrx_word' id='word_1_105' title='bbox 1513 1438 1683 1554; x_wconf 77' lang='lat' dir='ltr'>ingreffit</span> 
     </span>
     <span class='ocr_line' id='line_1_11' title="bbox 222 1543 1684 1668; baseline -0.001 -30"><span class='ocrx_word' id='word_1_106' title='bbox 222 1556 264 1638; x_wconf 89' lang='lat' dir='ltr'>in</span> <span class='ocrx_word' id='word_1_107' title='bbox 284 1550 525 1636; x_wconf 81' lang='lat' dir='ltr'>mansionem</span> <span class='ocrx_word' id='word_1_108' title='bbox 550 1543 770 1659; x_wconf 85' lang='lat' dir='ltr'>septimam,</span> <span class='ocrx_word' id='word_1_109' title='bbox 800 1572 919 1632; x_wconf 89' lang='lat' dir='ltr'>unam</span> <span class='ocrx_word' id='word_1_110' title='bbox 942 1576 990 1640; x_wconf 83' lang='lat' dir='ltr'>ex</span> <span class='ocrx_word' id='word_1_111' title='bbox 1021 1546 1318 1661; x_wconf 67' lang='lat' dir='ltr'>perfectioribus</span> <span class='ocrx_word' id='word_1_112' title='bbox 1344 1551 1462 1634; x_wconf 87' lang='lat' dir='ltr'>dicit:</span> <span class='ocrx_word' id='word_1_113' title='bbox 1502 1552 1571 1638; x_wconf 91' lang='lat' dir='ltr'>De</span> <span class='ocrx_word' id='word_1_114' title='bbox 1595 1583 1684 1668; x_wconf 74' lang='lat' dir='ltr'>pec</span> 
     </span>
     <span class='ocr_line' id='line_1_12' title="bbox 146 1656 1681 1776; baseline 0.002 -24"><span class='ocrx_word' id='word_1_115' title='bbox 146 1656 150 1667; x_wconf 70' lang='grc'>’</span> <span class='ocrx_word' id='word_1_116' title='bbox 224 1675 317 1752; x_wconf 87' lang='lat' dir='ltr'>catis</span> <span class='ocrx_word' id='word_1_117' title='bbox 346 1660 591 1759; x_wconf 86' lang='lat' dir='ltr'>monalibus,</span> <span class='ocrx_word' id='word_1_118' title='bbox 620 1687 808 1776; x_wconf 90' lang='lat' dir='ltr'>quantum</span> <span class='ocrx_word' id='word_1_119' title='bbox 828 1658 962 1763; x_wconf 87' lang='lat' dir='ltr'>fciunt,</span> <span class='ocrx_word' id='word_1_120' title='bbox 982 1658 1238 1753; x_wconf 69' lang='lat' dir='ltr'>sunt‘libtraer</span> <span class='ocrx_word' id='word_1_121' title='bbox 1268 1689 1504 1750; x_wconf 91' lang='lat' dir='ltr'>nontamen</span> <span class='ocrx_word' id='word_1_122' title='bbox 1533 1665 1681 1762; x_wconf 69' lang='lat' dir='ltr'>securam</span> 
     </span>
     <span class='ocr_line' id='line_1_13' title="bbox 224 1774 1678 1900; baseline 0 -31"><span class='ocrx_word' id='word_1_123' title='bbox 224 1792 317 1900; x_wconf 90' lang='lat' dir='ltr'>quia</span> <span class='ocrx_word' id='word_1_124' title='bbox 338 1776 465 1865; x_wconf 82' lang='lat' dir='ltr'>forsan</span> <span class='ocrx_word' id='word_1_125' title='bbox 485 1775 616 1890; x_wconf 87' lang='lat' dir='ltr'>aliqua</span> <span class='ocrx_word' id='word_1_126' title='bbox 641 1777 802 1874; x_wconf 88' lang='lat' dir='ltr'>habent,</span> <span class='ocrx_word' id='word_1_127' title='bbox 830 1804 919 1892; x_wconf 83' lang='lat' dir='ltr'>quae</span> <span class='ocrx_word' id='word_1_128' title='bbox 946 1805 1027 1859; x_wconf 94' lang='lat' dir='ltr'>non</span> <span class='ocrx_word' id='word_1_129' title='bbox 1045 1774 1282 1890; x_wconf 75' lang='lat' dir='ltr'>agnoscuntt</span> <span class='ocrx_word' id='word_1_130' title='bbox 1310 1778 1425 1892; x_wconf 87' lang='lat' dir='ltr'>quod</span> <span class='ocrx_word' id='word_1_131' title='bbox 1448 1776 1572 1892; x_wconf 92' lang='lat' dir='ltr'>ipsum</span> <span class='ocrx_word' id='word_1_132' title='bbox 1595 1782 1678 1896; x_wconf 79' lang='lat' dir='ltr'>ipsis</span> 
     </span>
     <span class='ocr_line' id='line_1_14' title="bbox 222 1884 1678 2005; baseline -0.001 -21"><span class='ocrx_word' id='word_1_133' title='bbox 222 1930 318 2005; x_wconf 80' lang='lat' dir='ltr'>pon-</span> <span class='ocrx_word' id='word_1_134' title='bbox 337 1892 426 1980; x_wconf 89' lang='lat' dir='ltr'>leve</span> <span class='ocrx_word' id='word_1_135' title='bbox 455 1917 695 2003; x_wconf 85' lang='lat' dir='ltr'>tormentum</span> <span class='ocrx_word' id='word_1_136' title='bbox 732 1893 798 1975; x_wconf 64' lang='lat' dir='ltr'>est„</span> <span class='ocrx_word' id='word_1_137' title='bbox 855 1889 1059 2005; x_wconf 88' lang='lat' dir='ltr'>Adeoque</span> <span class='ocrx_word' id='word_1_138' title='bbox 1088 1895 1128 1976; x_wconf 83' lang='lat' dir='ltr'>S.</span> <span class='ocrx_word' id='word_1_139' title='bbox 1156 1893 1337 1976; x_wconf 85' lang='lat' dir='ltr'>Thetcsra</span> <span class='ocrx_word' id='word_1_140' title='bbox 1359 1884 1440 2004; x_wconf 79' lang='lat' dir='ltr'>per&#39;</span> <span class='ocrx_word' id='word_1_141' title='bbox 1458 1890 1569 1981; x_wconf 88' lang='lat' dir='ltr'>illum</span> <span class='ocrx_word' id='word_1_142' title='bbox 1593 1925 1678 1983; x_wconf 87' lang='lat' dir='ltr'>nto·</span> 
     </span>
     <span class='ocr_line' id='line_1_15' title="bbox 217 1994 1680 2125; baseline -0.002 -25"><span class='ocrx_word' id='word_1_143' title='bbox 217 2014 319 2101; x_wconf 86' lang='lat' dir='ltr'>‘dum</span> <span class='ocrx_word' id='word_1_144' title='bbox 339 1994 533 2125; x_wconf 84' lang='lat' dir='ltr'>loquendi</span> <span class='ocrx_word' id='word_1_145' title='bbox 556 2001 681 2090; x_wconf 81' lang='lat' dir='ltr'>solum</span> <span class='ocrx_word' id='word_1_146' title='bbox 707 2001 954 2107; x_wconf 79' lang='lat' dir='ltr'>valedicere,</span> <span class='ocrx_word' id='word_1_147' title='bbox 982 2006 1097 2118; x_wconf 91' lang='lat' dir='ltr'>quod</span> <span class='ocrx_word' id='word_1_148' title='bbox 1122 2010 1163 2089; x_wconf 83' lang='lat' dir='ltr'>dc</span> <span class='ocrx_word' id='word_1_149' title='bbox 1191 2034 1326 2090; x_wconf 88' lang='lat' dir='ltr'>verum</span> <span class='ocrx_word' id='word_1_150' title='bbox 1352 2010 1419 2104; x_wconf 88' lang='lat' dir='ltr'>est,</span> <span class='ocrx_word' id='word_1_151' title='bbox 1443 2008 1591 2125; x_wconf 84' lang='lat' dir='ltr'>nempe</span> <span class='ocrx_word' id='word_1_152' title='bbox 1610 2012 1680 2099; x_wconf 87' lang='lat' dir='ltr'>hu·</span> 
     </span>
     <span class='ocr_line' id='line_1_16' title="bbox 218 2121 1677 2239; baseline -0.002 -23"><span class='ocrx_word' id='word_1_153' title='bbox 218 2126 391 2239; x_wconf 71' lang='lat' dir='ltr'>jusmodi</span> <span class='ocrx_word' id='word_1_154' title='bbox 416 2130 561 2209; x_wconf 87' lang='lat' dir='ltr'>animas</span> <span class='ocrx_word' id='word_1_155' title='bbox 588 2125 630 2204; x_wconf 93' lang='lat' dir='ltr'>in</span> <span class='ocrx_word' id='word_1_156' title='bbox 659 2121 851 2229; x_wconf 85' lang='lat' dir='ltr'>ejusmodi</span> <span class='ocrx_word' id='word_1_157' title='bbox 886 2125 1076 2205; x_wconf 87' lang='lat' dir='ltr'>exercitiis</span> <span class='ocrx_word' id='word_1_158' title='bbox 1110 2147 1320 2234; x_wconf 82' lang='lat' dir='ltr'>occupatas</span> <span class='ocrx_word' id='word_1_159' title='bbox 1350 2121 1490 2208; x_wconf 90' lang='lat' dir='ltr'>sentire</span> <span class='ocrx_word' id='word_1_160' title='bbox 1513 2125 1677 2236; x_wconf 66' lang='lat' dir='ltr'>prasen-</span> 
     </span>
     <span class='ocr_line' id='line_1_17' title="bbox 207 2231 1678 2351; baseline 0.001 -26"><span class='ocrx_word' id='word_1_161' title='bbox 207 2271 301 2334; x_wconf 82' lang='lat' dir='ltr'>tem</span> <span class='ocrx_word' id='word_1_162' title='bbox 325 2250 453 2328; x_wconf 87' lang='lat' dir='ltr'>Deum</span> <span class='ocrx_word' id='word_1_163' title='bbox 473 2266 544 2351; x_wconf 90' lang='lat' dir='ltr'>per</span> <span class='ocrx_word' id='word_1_164' title='bbox 562 2231 736 2336; x_wconf 66' lang='lat' dir='ltr'>effecius,</span> <span class='ocrx_word' id='word_1_165' title='bbox 754 2262 859 2346; x_wconf 90' lang='lat' dir='ltr'>quos</span> <span class='ocrx_word' id='word_1_166' title='bbox 880 2238 921 2320; x_wconf 93' lang='lat' dir='ltr'>in</span> <span class='ocrx_word' id='word_1_167' title='bbox 945 2240 990 2321; x_wconf 87' lang='lat' dir='ltr'>iis</span> <span class='ocrx_word' id='word_1_168' title='bbox 1010 2236 1207 2348; x_wconf 90' lang='lat' dir='ltr'>producit,</span> <span class='ocrx_word' id='word_1_169' title='bbox 1230 2263 1375 2350; x_wconf 91' lang='lat' dir='ltr'>nempe</span> <span class='ocrx_word' id='word_1_170' title='bbox 1399 2238 1516 2351; x_wconf 88' lang='lat' dir='ltr'>quod</span> <span class='ocrx_word' id='word_1_171' title='bbox 1532 2266 1601 2326; x_wconf 84' lang='lat' dir='ltr'>eas</span> <span class='ocrx_word' id='word_1_172' title='bbox 1625 2235 1678 2327; x_wconf 81' lang='lat' dir='ltr'>as·</span> 
     </span>
     <span class='ocr_line' id='line_1_18' title="bbox 219 2345 1678 2470; baseline -0.004 -21"><span class='ocrx_word' id='word_1_173' title='bbox 219 2358 377 2456; x_wconf 88' lang='lat' dir='ltr'>suaviet,</span> <span class='ocrx_word' id='word_1_174' title='bbox 404 2353 600 2470; x_wconf 90' lang='lat' dir='ltr'>quodque</span> <span class='ocrx_word' id='word_1_175' title='bbox 626 2377 691 2437; x_wconf 82' lang='lat' dir='ltr'>eas</span> <span class='ocrx_word' id='word_1_176' title='bbox 710 2345 928 2449; x_wconf 89' lang='lat' dir='ltr'>illuminet,</span> <span class='ocrx_word' id='word_1_177' title='bbox 969 2356 1010 2434; x_wconf 78' lang='grc' dir='ltr'>δι</span> <span class='ocrx_word' id='word_1_178' title='bbox 1035 2355 1081 2436; x_wconf 85' lang='lat' dir='ltr'>iis</span> <span class='ocrx_word' id='word_1_179' title='bbox 1105 2347 1285 2438; x_wconf 89' lang='lat' dir='ltr'>conferat</span> <span class='ocrx_word' id='word_1_180' title='bbox 1310 2356 1474 2455; x_wconf 84' lang='lat' dir='ltr'>monita,</span> <span class='ocrx_word' id='word_1_181' title='bbox 1495 2380 1542 2438; x_wconf 89' lang='lat' dir='ltr'>ac</span> <span class='ocrx_word' id='word_1_182' title='bbox 1565 2348 1678 2457; x_wconf 87' lang='lat' dir='ltr'>oble·</span> 
     </span>
     <span class='ocr_line' id='line_1_19' title="bbox 218 2462 1676 2585; baseline -0.005 -21"><span class='ocrx_word' id='word_1_183' title='bbox 218 2480 452 2564; x_wconf 74' lang='lat' dir='ltr'>diationtmr</span> <span class='ocrx_word' id='word_1_184' title='bbox 482 2494 570 2583; x_wconf 85' lang='lat' dir='ltr'>quae</span> <span class='ocrx_word' id='word_1_185' title='bbox 591 2471 769 2585; x_wconf 84' lang='lat' dir='ltr'>quamvis</span> <span class='ocrx_word' id='word_1_186' title='bbox 788 2462 863 2549; x_wconf 90' lang='lat' dir='ltr'>stnt</span> <span class='ocrx_word' id='word_1_187' title='bbox 886 2491 1034 2580; x_wconf 80' lang='lat' dir='ltr'>magna</span> <span class='ocrx_word' id='word_1_188' title='bbox 1057 2471 1186 2579; x_wconf 78' lang='lat' dir='ltr'>gratia</span> <span class='ocrx_word' id='word_1_189' title='bbox 1211 2467 1372 2568; x_wconf 83' lang='lat' dir='ltr'>divinae,</span> <span class='ocrx_word' id='word_1_190' title='bbox 1393 2490 1441 2552; x_wconf 90' lang='lat' dir='ltr'>ac</span> <span class='ocrx_word' id='word_1_191' title='bbox 1460 2463 1562 2582; x_wconf 80' lang='lat' dir='ltr'>saepc</span> <span class='ocrx_word' id='word_1_192' title='bbox 1582 2496 1676 2559; x_wconf 90' lang='lat' dir='ltr'>con·</span> 
     </span>
     <span class='ocr_line' id='line_1_20' title="bbox 214 2577 1679 2705; baseline -0.002 -30"><span class='ocrx_word' id='word_1_193' title='bbox 214 2598 352 2705; x_wconf 64' lang='lat' dir='ltr'>iuncta</span> <span class='ocrx_word' id='word_1_194' title='bbox 373 2586 446 2673; x_wconf 86' lang='lat' dir='ltr'>fint</span> <span class='ocrx_word' id='word_1_195' title='bbox 467 2611 555 2670; x_wconf 89' lang='lat' dir='ltr'>cum</span> <span class='ocrx_word' id='word_1_196' title='bbox 574 2584 695 2699; x_wconf 82' lang='lat' dir='ltr'>gratia</span> <span class='ocrx_word' id='word_1_197' title='bbox 711 2577 950 2690; x_wconf 80' lang='lat' dir='ltr'>justificante,</span> <span class='ocrx_word' id='word_1_198' title='bbox 978 2581 1112 2668; x_wconf 86' lang='lat' dir='ltr'>autad</span> <span class='ocrx_word' id='word_1_199' title='bbox 1128 2608 1217 2667; x_wconf 86' lang='lat' dir='ltr'>eant</span> <span class='ocrx_word' id='word_1_200' title='bbox 1242 2582 1403 2680; x_wconf 90' lang='lat' dir='ltr'>ducant,</span> <span class='ocrx_word' id='word_1_201' title='bbox 1431 2610 1518 2668; x_wconf 92' lang='lat' dir='ltr'>non</span> <span class='ocrx_word' id='word_1_202' title='bbox 1541 2584 1679 2672; x_wconf 81' lang='lat' dir='ltr'>tamen</span> 
     </span>
     <span class='ocr_line' id='line_1_21' title="bbox 215 2690 1674 2821; baseline -0.005 -27"><span class='ocrx_word' id='word_1_203' title='bbox 215 2704 367 2821; x_wconf 88' lang='lat' dir='ltr'>semper</span> <span class='ocrx_word' id='word_1_204' title='bbox 390 2729 479 2787; x_wconf 90' lang='lat' dir='ltr'>cum</span> <span class='ocrx_word' id='word_1_205' title='bbox 507 2725 553 2783; x_wconf 87' lang='lat' dir='ltr'>ea</span> <span class='ocrx_word' id='word_1_206' title='bbox 577 2702 791 2806; x_wconf 73' lang='lat' dir='ltr'>coniundiae</span> <span class='ocrx_word' id='word_1_207' title='bbox 820 2690 917 2782; x_wconf 87' lang='lat' dir='ltr'>sunt.</span> <span class='ocrx_word' id='word_1_208' title='bbox 975 2696 1023 2780; x_wconf 91' lang='lat' dir='ltr'>ld</span> <span class='ocrx_word' id='word_1_209' title='bbox 1056 2690 1259 2781; x_wconf 78' lang='lat' dir='ltr'>manifesto</span> <span class='ocrx_word' id='word_1_210' title='bbox 1277 2696 1469 2809; x_wconf 82' lang='lat' dir='ltr'>probatur</span> <span class='ocrx_word' id='word_1_211' title='bbox 1488 2723 1539 2783; x_wconf 88' lang='lat' dir='ltr'>ex</span> <span class='ocrx_word' id='word_1_212' title='bbox 1564 2699 1674 2787; x_wconf 88' lang='lat' dir='ltr'>dono</span> 
     </span>
     <span class='ocr_line' id='line_1_22' title="bbox 211 2811 1671 3007; baseline -0.007 -96"><span class='ocrx_word' id='word_1_213' title='bbox 211 2821 449 2934; x_wconf 81' lang='lat' dir='ltr'>Prophetiae,</span> <span class='ocrx_word' id='word_1_214' title='bbox 473 2812 589 2929; x_wconf 90' lang='lat' dir='ltr'>quod</span> <span class='ocrx_word' id='word_1_215' title='bbox 610 2812 768 2926; x_wconf 89' lang='lat' dir='ltr'>reperiri</span> <span class='ocrx_word' id='word_1_216' title='bbox 787 2811 916 2922; x_wconf 88' lang='lat' dir='ltr'>potest</span> <span class='ocrx_word' id='word_1_217' title='bbox 945 2813 1061 2895; x_wconf 83' lang='lat' dir='ltr'>etiarn</span> <span class='ocrx_word' id='word_1_218' title='bbox 1089 2815 1132 2896; x_wconf 93' lang='lat' dir='ltr'>in</span> <span class='ocrx_word' id='word_1_219' title='bbox 1156 2838 1232 2908; x_wconf 87' lang='lat' dir='ltr'>co,</span> <span class='ocrx_word' id='word_1_220' title='bbox 1260 2814 1332 3007; x_wconf 59' lang='lat' dir='ltr'>sni</span> <span class='ocrx_word' id='word_1_221' title='bbox 1360 2811 1591 2900; x_wconf 79' lang='lat' dir='ltr'>constitutus</span> <span class='ocrx_word' id='word_1_222' title='bbox 1617 2814 1671 2901; x_wconf 78' lang='lat' dir='ltr'>en</span> 
     </span>
     <span class='ocr_line' id='line_1_23' title="bbox 213 2920 1672 3049; baseline -0.012 -25"><span class='ocrx_word' id='word_1_223' title='bbox 213 2941 257 3024; x_wconf 88' lang='lat' dir='ltr'>in</span> <span class='ocrx_word' id='word_1_224' title='bbox 281 2955 446 3049; x_wconf 88' lang='lat' dir='ltr'>peccato</span> <span class='ocrx_word' id='word_1_225' title='bbox 468 2923 635 3014; x_wconf 86' lang='lat' dir='ltr'>mortali.</span> <span class='ocrx_word' id='word_1_226' title='bbox 694 2928 731 3012; x_wconf 78' lang='lat' dir='ltr'>Is</span> <span class='ocrx_word' id='word_1_227' title='bbox 751 2949 876 3011; x_wconf 84' lang='lat' dir='ltr'>certus</span> <span class='ocrx_word' id='word_1_228' title='bbox 891 2926 960 3023; x_wconf 87' lang='lat' dir='ltr'>est,</span> <span class='ocrx_word' id='word_1_229' title='bbox 978 2925 1110 3012; x_wconf 86' lang='lat' dir='ltr'>Deum</span> <span class='ocrx_word' id='word_1_230' title='bbox 1129 2920 1257 3011; x_wconf 90' lang='lat' dir='ltr'>secum</span> <span class='ocrx_word' id='word_1_231' title='bbox 1284 2928 1399 3040; x_wconf 92' lang='lat' dir='ltr'>oqui,</span> <span class='ocrx_word' id='word_1_232' title='bbox 1425 2929 1466 3009; x_wconf 83' lang='lat' dir='ltr'>dc</span> <span class='ocrx_word' id='word_1_233' title='bbox 1487 2924 1562 3015; x_wconf 87' lang='lat' dir='ltr'>sibi</span> <span class='ocrx_word' id='word_1_234' title='bbox 1580 2925 1672 3015; x_wconf 78' lang='lat' dir='ltr'>dart</span> 
     </span>
    </p>
   </div>
   <div class='ocr_carea' id='block_1_3' title="bbox 214 3033 1711 3614">
    <p class='ocr_par' dir='ltr' id='par_1_3' title="bbox 214 3033 1711 3614">
     <span class='ocr_line' id='line_1_24' title="bbox 214 3033 1711 3173; baseline -0.007 -35"><span class='ocrx_word' id='word_1_235' title='bbox 214 3053 379 3148; x_wconf 87' lang='lat' dir='ltr'>monita,</span> <span class='ocrx_word' id='word_1_236' title='bbox 406 3045 585 3161; x_wconf 83' lang='lat' dir='ltr'>quamvis</span> <span class='ocrx_word' id='word_1_237' title='bbox 608 3064 733 3125; x_wconf 84' lang='lat' dir='ltr'>certus</span> <span class='ocrx_word' id='word_1_238' title='bbox 752 3067 835 3124; x_wconf 92' lang='lat' dir='ltr'>non</span> <span class='ocrx_word' id='word_1_239' title='bbox 853 3038 910 3141; x_wconf 90' lang='lat' dir='ltr'>stt,</span> <span class='ocrx_word' id='word_1_240' title='bbox 928 3065 976 3123; x_wconf 88' lang='lat' dir='ltr'>an</span> <span class='ocrx_word' id='word_1_241' title='bbox 992 3033 1030 3126; x_wconf 92' lang='lat' dir='ltr'>se</span> <span class='ocrx_word' id='word_1_242' title='bbox 1048 3037 1233 3173; x_wconf 71' lang='lat' dir='ltr'>justificet.</span> <span class='ocrx_word' id='word_1_243' title='bbox 1285 3042 1419 3125; x_wconf 83' lang='lat' dir='ltr'>Potest</span> <span class='ocrx_word' id='word_1_244' title='bbox 1434 3036 1532 3173; x_wconf 71' lang='lat' dir='ltr'>elle,</span> <span class='ocrx_word' id='word_1_245' title='bbox 1558 3039 1672 3162; x_wconf 71' lang='lat' dir='ltr'>qnod</span> <span class='ocrx_word' id='word_1_246' title='bbox 1708 3088 1711 3092; x_wconf 95' lang='lat'>·</span> 
     </span>
     <span class='ocr_line' id='line_1_25' title="bbox 326 3150 1559 3274; baseline -0.002 -25"><span class='ocrx_word' id='word_1_247' title='bbox 326 3167 370 3274; x_wconf 64' lang='lat'>5.</span> <span class='ocrx_word' id='word_1_248' title='bbox 385 3154 579 3260; x_wconf 87' lang='lat' dir='ltr'>Thetesta‚</span> <span class='ocrx_word' id='word_1_249' title='bbox 601 3156 809 3269; x_wconf 84' lang='lat' dir='ltr'>postquam</span> <span class='ocrx_word' id='word_1_250' title='bbox 836 3150 992 3267; x_wconf 85' lang='lat' dir='ltr'>praefata</span> <span class='ocrx_word' id='word_1_251' title='bbox 1022 3150 1236 3268; x_wconf 81' lang='lat' dir='ltr'>scripserat,</span> <span class='ocrx_word' id='word_1_252' title='bbox 1269 3179 1462 3268; x_wconf 83' lang='lat' dir='ltr'>acceperit</span> <span class='ocrx_word' id='word_1_253' title='bbox 1502 3156 1559 3246; x_wconf 78' lang='lat' dir='ltr'>dc</span> 
     </span>
     <span class='ocr_line' id='line_1_26' title="bbox 430 3262 1447 3388; baseline -0.005 -25"><span class='ocrx_word' id='word_1_254' title='bbox 430 3269 497 3363; x_wconf 78' lang='lat' dir='ltr'>sua</span> <span class='ocrx_word' id='word_1_255' title='bbox 517 3275 639 3388; x_wconf 78' lang='lat' dir='ltr'>gratia</span> <span class='ocrx_word' id='word_1_256' title='bbox 660 3262 930 3383; x_wconf 82' lang='lat' dir='ltr'>particularem</span> <span class='ocrx_word' id='word_1_257' title='bbox 942 3264 1236 3368; x_wconf 86' lang='lat' dir='ltr'>revelationem,</span> <span class='ocrx_word' id='word_1_258' title='bbox 1251 3269 1296 3357; x_wconf 94' lang='lat' dir='ltr'>id</span> <span class='ocrx_word' id='word_1_259' title='bbox 1314 3294 1447 3377; x_wconf 79' lang='lat' dir='ltr'>tamen</span> 
     </span>
     <span class='ocr_line' id='line_1_27' title="bbox 651 3377 1222 3502; baseline 0 -32"><span class='ocrx_word' id='word_1_260' title='bbox 651 3411 729 3502; x_wconf 89' lang='lat' dir='ltr'>pro</span> <span class='ocrx_word' id='word_1_261' title='bbox 772 3408 881 3471; x_wconf 88' lang='lat' dir='ltr'>cetto</span> <span class='ocrx_word' id='word_1_262' title='bbox 919 3377 1096 3469; x_wconf 77' lang='lat' dir='ltr'>affirmati</span> <span class='ocrx_word' id='word_1_263' title='bbox 1135 3410 1222 3492; x_wconf 83' lang='lat' dir='ltr'>non</span> 
     </span>
     <span class='ocr_line' id='line_1_28' title="bbox 867 3500 1011 3614; baseline 0.035 -33"><span class='ocrx_word' id='word_1_264' title='bbox 867 3500 1011 3614; x_wconf 83' lang='lat' dir='ltr'>potest.</span> 
     </span>
    </p>
   </div>
   <div class='ocr_carea' id='block_1_4' title="bbox 720 3763 1128 3916">
    <p class='ocr_par' dir='ltr' id='par_1_4' title="bbox 720 3763 1128 3916">
     <span class='ocr_line' id='line_1_29' title="bbox 720 3763 1128 3916; baseline -0.007 0"><span class='ocrx_word' id='word_1_265' title='bbox 720 3763 1128 3916; x_wconf 56' lang='lat' dir='ltr'>nimia</span> 
     </span>
    </p>
   </div>
   <div class='ocr_carea' id='block_1_5' title="bbox 0 0 1902 4994">
    <p class='ocr_par' dir='ltr' id='par_1_5' title="bbox 0 0 1902 4994">
     <span class='ocr_line' id='line_1_30' title="bbox 0 0 1902 4994; baseline 0 5"><span class='ocrx_word' id='word_1_266' title='bbox 0 0 1902 4994; x_wconf 95' lang='lat' dir='ltr'> </span> 
     </span>
    </p>
   </div>
  </div>
 </body>
</html>
