3796 4994
88 320 93 330 ·
193 309 259 391 ιι
405 234 406 239 Ὗ
498 230 716 412 urampu
742 265 860 409 rufi
888 301 947 373 ev
977 269 1092 376 mut
1117 258 1331 381 mum:

333 512 388 617 '3.
423 484 681 594 Macarius
717 482 991 592 Romanus
1035 513 1076 594 in
1094 608 1098 613 ,
1114 504 1180 595 sua
1217 511 1310 596 Vita
1352 505 1404 594 C.
1435 503 1505 595 ru.¹
1533 500 1586 594 de
1611 505 1655 597 se‘

38 621 42 627 ¹
192 635 275 722 boec
299 654 444 716 narrate
481 629 654 713 l'oslbaec
679 621 847 742 laqueus
872 622 1037 713 Diaboli
1063 619 1194 715 affuit;
1227 651 1317 708 nam
1343 623 1409 707 die
1426 625 1597 738 quadam
1626 628 1655 713 ὲ

191 742 374 862 spelunca
393 742 498 829 suras
517 738 686 857 egressus
708 739 911 831 fasciolum
939 734 1078 828 subtile
1103 747 1207 845 juxta
1240 764 1306 824 me
1334 742 1377 824 in
1415 763 1516 824 tetta
1549 739 1655 851 post·

167 847 278 949 ‘rum
299 859 440 973 aspexi.
491 859 578 971 Ego
606 857 702 942 verb
721 862 762 943 in
785 853 1014 971 memetipso
1040 860 1217 970 cogitans
1241 853 1341 938 dixi:
1367 854 1484 939 Unde
1506 861 1547 940 in
1577 857 1654 941 hac

192 970 403 1064 solitudine
426 966 657 1058 fasciolum?
682 974 865 1058 aeslimtm
885 997 1029 1072 tamen,
1055 976 1150 1085 quia
1170 996 1305 1054 verum
1331 964 1423 1053 esset
1449 965 1654 1057 fasciolum

131 1117 134 1125 ·
194 1084 341 1176 oblinit
366 1084 447 1173 sum
467 1113 533 1172 me
553 1090 674 1172 crucis
694 1085 805 1201 stgno
826 1093 994 1192 munire,
1022 1084 1104 1172 miii
1124 1088 1240 1199 proin
1259 1111 1430 1182 manum,
1451 1089 1491 1168 dr
1515 1079 1652 1171 levans

194 1196 398 1290 fasciolum
427 1206 625 1316 reportavi
652 1207 693 1288 in
726 1198 959 1314 speluncam.
1030 1197 1165 1286 Altera
1195 1200 1262 1286 die
1298 1197 1464 1313 egressus
1494 1196 1653 1297 calceos

194 1316 407 1407 foemineos
427 1322 555 1429 repeti
572 1323 738 1426 iacentes
755 1323 796 1401 in
815 1343 940 1407 tettar
968 1314 1034 1402 sed
1054 1343 1128 1401 nec
1144 1340 1239 1401 tunc
1265 1341 1343 1433 ego
1364 1314 1475 1399 miset
1497 1314 1653 1401 infidias

186 1429 347 1520 ‘diaboli
363 1431 582 1531 advertens,
603 1459 678 1517 nec
700 1432 809 1546 signo
829 1436 950 1518 crucis
973 1458 1042 1523 me
1056 1435 1259 1528 muniens,
1284 1425 1436 1515 calceos
1455 1426 1579 1515 levavi
1609 1437 1649 1514 δι

21 1536 26 1552 ¹
195 1555 241 1636 in
266 1540 486 1662 speluncam
510 1570 669 1660 portans
688 1541 851 1632 fasciolo
878 1552 997 1656 junxi.
1036 1542 1187 1629 'Tertia
1212 1548 1278 1630 die
1298 1550 1428 1628 exiens
1447 1541 1650 1634 diabolum

190 1668 239 1751 ¹'m
260 1660 386 1775 speeie
408 1656 598 1759 mulieris,
627 1661 794 1746 vestibus
825 1661 999 1774 pretiose
1031 1663 1174 1746 induta
1211 1662 1369 1744 stantem
1396 1665 1542 1762 inveni,
1571 1688 1651 1778 ego

195 1779 296 1864 verb
320 1772 541 1862 miserabilis
561 1803 613 1860 ne
627 1775 679 1862 stc
699 1777 863 1892 quidem
882 1773 1046 1892 laqueos
1072 1770 1220 1859 diaboli
1244 1776 1450 1860 advertens
1459 1833 1477 1887 ,¹
1490 1803 1562 1860 nec
1581 1779 1657 1861 alt:

162 1887 165 1894 ’
196 1920 285 2008 quo
301 1893 428 1977 modo
445 1920 513 1976 me
538 1891 688 2004 lignum
704 1897 769 1999 ajo
795 1893 847 1979 ad
862 1887 990 1979 illam:
1034 1893 1153 1976 Unde
1175 1893 1251 1973 buc
1275 1892 1441 1975 venisti?
1470 1886 1537 1976 llla
1556 1898 1652 1977 flere

197 2009 390 2094 continui>
421 2005 643 2091 amarissime
669 2011 802 2119 coepit.
859 2014 973 2091 Tunc
1008 2033 1087 2118 ego
1122 1998 1287 2089 misellus
1316 2033 1403 2089 cum
1432 2000 1498 2091 illa
1527 2002 1650 2092 veluti

197 2122 480 2233 compatiendo
508 2115 624 2204 valde
657 2117 820 2231 ploravi.
876 2122 969 2205 von
1005 2122 1087 2204 haec
1120 2122 1359 2229 respondens
1387 2120 1505 2206 dixit:
1556 2125 1648 2235 Ego
1679 2199 1682 2202 ,

195 2232 418 2331 miserrima,
439 2262 466 2317 ο
487 2238 600 2318 Pater
622 2229 852 2332 sanniffine,
871 2230 951 2318 filia
969 2230 1048 2318 sum
1069 2237 1139 2318 viri
1162 2237 1340 2333 Rotnani,
1368 2242 1439 2348 qui
1467 2265 1555 2320 cum
1581 2264 1649 2322 me

196 2354 355 2437 invitam
378 2348 449 2433 des
472 2344 633 2432 onsaslet
658 2352 791 2455 *juveni
814 2345 1049 2437 nobilissimo
1070 2352 1251 2434 Romano
1275 2356 1315 2434 in
1333 2351 1410 2461 ipsa
1427 2358 1649 2464 nuptiarum
1724 2394 1725 2398 Ν

194 2471 321 2558 nodie
340 2377 495 2576 sponltls
523 2461 633 2548 meus
664 2458 867 2577 disparuit3
908 2492 1078 2579 cumque
1101 2492 1240 2551 omnes
1272 2465 1537 2564 turbarentur,
1568 2495 1647 2579 ego

195 2573 415 2680 elam'exii,
435 2577 660 2663 &errando
688 2580 767 2664 buc
788 2585 959 2692 perveni
1017 2587 1112 2665 Haec
1131 2609 1221 2664 cum
1245 2577 1510 2679 credidissem,
1537 2576 1647 2667 fimul

34 2691 42 2719 ''
195 2698 239 2777 du
255 2689 437 2804 sponsam
450 2721 593 2791 meam,
622 2721 740 2806 quam
760 2699 802 2778 in
825 2693 903 2808 ipsa
929 2699 1148 2806 nuptiarum
1179 2705 1297 2782 noue
1328 2693 1480 2808 fugiens
1508 2692 1649 2783 dereli-

89 2823 91 2826 ’
194 2834 377 2923 queram,
396 2804 485 2890 sore
511 2805 663 2918 sperans
685 2837 754 2918 pet
774 2834 909 2894 manus
932 2809 1173 2920 apprehendi
1202 2805 1321 2908 illam,
1348 2817 1387 2894 dr
1405 2816 1443 2894 in
1461 2813 1563 2897 hanc
1587 2819 1648 2895 in·

194 2921 359 3007 troduini
383 2915 617 3032 speluncam.
674 2923 883 3007 lachrimae
901 2924 995 3008 verb
1010 2924 1061 3007 ab
1086 2931 1166 3032 ejus
1186 2922 1310 3009 oculis
1327 2920 1544 3012 nullatenus
1562 2954 1647 3011 ces-

192 3032 343 3122 sabant.
424 3039 537 3119 Tunc
573 3041 815 3147 compatiens
848 3034 981 3123 sedere
1022 3067 1109 3123 eam
1149 3046 1252 3142 iuxta
1281 3068 1346 3124 rne
1370 3039 1462 3142 seci,
1491 3047 1531 3125 dv
1561 3043 1648 3128 diu·

187 3154 270 3261 tius
293 3145 500 3263 colloquia
518 3152 686 3234 invicem
703 3151 907 3238 habuimus
930 3149 1148 3268 &glandes
1180 3149 1235 3238 illi
1255 3157 1306 3240 ad
1332 3158 1646 3241 manducandum

191 3265 303 3352 dedi.
358 3268 474 3349 Tunc
500 3268 605 3376 coepi
627 3260 765 3351 somno
786 3273 957 3381 gravaris
988 3274 1028 3353 at
1041 3264 1105 3352 illa
1126 3271 1303 3354 manibus
1322 3269 1393 3354 suis
1406 3276 1540 3355 omnia
1558 3299 1647 3357 mea

56 3456 62 3465 .
190 3379 366 3467 membra
394 3374 595 3492 palpavit,
638 3385 678 3462 &
716 3408 766 3467 eo
794 3378 957 3495 amplius
987 3380 1123 3468 somno
1148 3410 1325 3496 gravatus
1351 3383 1444 3471 sum.
1532 3387 1645 3498 Quid

190 3497 352 3578 morer?
379 3494 489 3578 miser
509 3521 601 3608 ego,
624 3500 694 3608 qui
711 3523 910 3610 nunquam
932 3524 1045 3583 antea
1065 3526 1154 3582 cum
1175 3497 1336 3584 furmina
1361 3527 1524 3612 peccate
1545 3529 1644 3584 con·

188 3601 307 3705 sensi,
330 3608 372 3689 in
394 3605 537 3698 somnis
568 3635 771 3722 peccatum
806 3640 871 3695 me
897 3610 1129 3724 perpetrasse
1155 3620 1354 3727 cognovi;
1395 3643 1484 3699 nant
1512 3614 1642 3702 subitd

187 3717 483 3834 expergesaiius
501 3723 608 3835 quasi
634 3752 721 3808 cum
746 3723 909 3811 soemina
934 3725 1222 3842 discoopertum
1242 3735 1366 3819 mein
1388 3757 1488 3818 tetta
1510 3738 1642 3842 jacen·

186 3856 271 3924 tem
291 3832 552 3951 invenir‘ipsa
576 3838 672 3926 verb
694 3846 772 3951 jam
791 3866 873 3928 non
888 3847 1075 3958 apparuit.

1523 4267 1564 4339 4.
1590 4237 1636 4320 ln
