3772 4988
609 265 835 425 ¹lle‘aelan
846 313 901 413 de
919 314 1110 450 Agreda.
1134 325 1250 461 Μ
1272 326 1306 416 1.
1344 326 1350 341 ’
1401 368 1409 385 v
1585 361 1650 462 24
1656 364 1685 463 5

225 506 326 599 illud
354 541 538 629 magnum
567 478 923 632 Signum‘coelellis
952 524 1123 634 Reginae.
1209 525 1316 609 Nam
1345 550 1394 612 cx
1416 535 1502 639 eim
1528 528 1684 645 aspectu
1724 534 1730 547 '
1769 616 1772 622 ,
1849 605 1855 619 .

224 625 383 714 Lucifer
405 637 446 713 δι
466 638 546 738 eius
570 655 794 745 argumenta
821 657 903 717 non
919 658 1103 745 poterant
1121 632 1329 725 iubfistcrc.
1734 688 1738 697 ·

275 843 282 851 .
344 809 437 868 110.
459 810 551 869 ιιι.
595 782 649 869 Et
666 782 854 894 projeiius
881 777 931 890 esi
956 779 1095 867 &aaa
1128 778 1191 867 ille
1214 807 1371 900 magnus
1395 831 1415 852 ·
1432 784 1502 884 'Ga'
1543 788 1685 880 mediol

221 914 357 979 vocam
392 923 563 1014 magnam
588 887 805 981 drentem:
846 893 970 981 Nunc
990 896 1099 1005 faiia
1135 892 1340 1096 amum
1381 902 1470 1010 quia
1490 907 1683 1020 projeiiaa

221 1000 383 1110 eslaccu
400 1019 488 1096 ator
504 1013 680 1120 fratrum
707 1005 939 1117 ansianum,
962 1011 1027 1117 qua·
1056 1008 1171 1127 accus
1239 1019 1257 1095 a
1285 1008 1382 1123 ipsos
1408 1021 1499 1100 anie
1531 1024 1682 1136 compti

223 1117 355 1203 lium·
408 1123 464 1207 El
494 1119 555 1208 die
591 1148 638 1211 ac
670 1123 785 1208 noae.
872 1125 965 1206 Vox
996 1120 1077 1204 haec
1105 1119 1179 1207 fuit
1201 1127 1323 1227 Verbi
1338 1131 1516 1212 *nomine
1537 1132 1676 1217 huma·

222 1238 352 1318 nitatis
377 1232 628 1325 assummum
669 1240 710 1317 δι
731 1258 812 1321 erat
834 1233 916 1318 haec
939 1260 1022 1320 vox
1050 1234 1157 1347 quafi
1181 1233 1220 1319 su
1250 1232 1408 1347 plicatio
1431 1240 1483 1324 ad
1505 1246 1673 1343 Patrem,
1814 1234 1819 1239 ⁴

222 1368 268 1426 ut
291 1347 446 1433 daretur
472 1354 693 1435 executioni
716 1351 933 1432 lncarnatio
953 1371 1091 1431 contra
1112 1351 1203 1433 Luc'
1225 1376 1355 1448 mum,
1382 1355 1452 1464 qui
1472 1353 1674 1442 accusabat

221 1457 403 1547 homines
421 1462 507 1563 dic,
530 1466 574 1548 id
596 1467 663 1560 est,
686 1461 780 1546 dum
799 1460 928 1545 adhuc
949 1484 1030 1546 erat
1052 1465 1093 1545 in
1117 1463 1211 1547 statu
1231 1468 1374 1576 gratiae,
1396 1471 1437 1548 δι
1456 1475 1584 1583 pergit
1602 1494 1676 1556 eos
1828 1541 1833 1553 .

221 1574 395 1661 acc'usare
420 1584 552 1676 noae,
579 1577 706 1677 idest,
735 1577 823 1687 post
847 1572 956 1660 suum
982 1571 1126 1684 lapsum
1156 1577 1353 1687 usquead
1374 1576 1493 1665 finem
1523 1583 1675 1670 mundi.⁸
1783 1573 1786 1578 ⁴
1844 1596 1846 1601 ’

225 1714 321 1789 ω.
351 1689 427 1774 Hic
447 1689 521 1775 fuit
543 1698 666 1802 prima
687 1692 796 1787 vice,
829 1688 944 1805 quod
968 1688 1142 1777 Verbum
1169 1692 1332 1774 nomine
1358 1692 1604 1781 humanitatis
1623 1724 1673 1782 o-
1852 1712 1857 1725 '

220 1808 361 1888 raverit
375 1831 449 1916 pro
467 1805 691 1889 hominibus
722 1827 813 1888 ante
835 1804 1019 1886 thronum
1045 1803 1147 1887 DEI.
1229 1806 1342 1887 Patet
1364 1799 1476 1916 super
1499 1808 1572 1893 hac
1603 1836 1673 1920 pe-
1774 1800 1778 1810 ’
1849 1852 1856 1864 ’

222 1918 362 2001 titione
383 1914 612 2003 deliberavit
633 1946 721 2002 cum
742 1914 916 2000 Personis
947 1918 1014 1999 SS.
1037 1906 1256 2012 Trinitatis,
1286 1923 1325 1999 de
1355 1915 1475 2001 dixite
1513 1922 1670 2008 Lucifer
1731 1977 1737 1987 .

220 2026 315 2113 fecit
334 2030 383 2115 sac
409 2037 487 2116 &o
569 2036 656 2144 Ego
703 2053 861 2116 econtra
893 2031 1032 2114 faciam
1067 2026 1119 2112 fic
1146 2033 1224 2113 dac.
1260 2029 1346 2129 (hic
1377 2030 1667 2144 recensetutin

222 2146 462 2256 compendio
487 2141 599 2231 series
620 2146 811 2230 Actorum
837 2171 907 2255 per
930 2143 1163 2243 Christum.)
1622 2180 1628 2189 ·

341 2311 434 2385 114.
461 2311 556 2383 115·
588 2288 662 2366 Per
682 2281 847 2365 eandem
865 2276 1164 2374 vocemmeam
1192 2302 1397 2364 exeuntem
1418 2280 1471 2368 de
1497 2283 1668 2373 Throno'

219 2397 313 2491 Dei,
333 2397 635 2482 constituebatur
658 2390 829 2481 Michael
853 2419 939 2477 cum
965 2389 1149 2477 Gabriele
1166 2394 1333 2504 Legatus
1354 2398 1394 2477 in
1416 2402 1581 2509 negotio
1604 2402 1667 2485 ln·
1809 2410 1812 2415 ’

221 2516 478 2608 carnationis,
507 2506 689 2594 videlicet
720 2511 886 2619 Legatus
910 2528 1121 2616 perpetuus
1155 2508 1277 2591 Verbi
1297 2512 1482 2595 incarnati
1514 2515 1555 2592 de
1580 2521 1663 2612 ejus

217 2629 376 2713 Matris;
405 2629 446 2709 in
467 2651 583 2738 quem
599 2622 716 2707 finem
740 2627 855 2705 etiam
870 2613 980 2704 limul
996 2613 1060 2702 alii
1084 2611 1211 2730 angeli
1236 2619 1534 2729 deputabantur.
1591 2629 1666 2711 Ea·

219 2739 311 2822 dem
340 2736 546 2825 occalione
577 2736 884 2822 decernebantur
906 2728 1015 2843 plura
1039 2724 1139 2829 alia,
1157 2728 1359 2841 prasertim
1382 2737 1665 2843 praedestinatio

218 2851 442 2948 electorum.
478 2858 583 2937 Nam
599 2845 842 2963 Euangelista
854 2848 964 2932 dicit:
991 2843 1116 2935 Nunc
1125 2847 1234 2956 fabia
1248 2842 1429 2960 ejlsalus,
1440 2847 1500 2946 ἐς
1515 2854 1663 2954 virius,
1799 2920 1805 2956 2

217 2965 277 3063 ὅ
305 2995 456 3085 regnum
484 2965 595 3055 DEI
612 2961 739 3075 nostri.

340 3105 438 3194 aro.
478 3105 553 3203 Va
583 3111 694 3188 terra
729 3098 788 3198 δ’
823 3101 921 3184 mari
953 3097 1045 3205 quia
1077 3091 1262 3211 descendat
1286 3091 1457 3183 diabolas
1490 3095 1548 3185 ad
1573 3126 1662 3199 vos,

215 3227 285 3308 Vae
313 3242 439 3318 tetrae,
475 3224 568 3332 quia
605 3222 646 3300 in
680 3211 744 3300 illa
779 3216 1069 3299 comminentur
1099 3235 1160 3295 tot
1180 3205 1348 3299 scelerae
1399 3216 1441 3293 dt
1466 3216 1535 3298 vae
1551 3218 1661 3313 maii,

213 3340 307 3448 quia
333 3334 508 3419 videndo
534 3358 676 3416 tantam
702 3333 939 3438 impietatem
971 3350 1054 3407 non
1074 3328 1235 3410 adnuit
1258 3327 1568 3435 prevaricatores
1587 3324 1664 3416 suis

211 3448 404 3547 fluctibus,
430 3475 504 3532 nec
519 3449 695 3551 iniuriam
717 3446 792 3525 Dei
821 3436 943 3524 ultum
974 3439 1038 3522 est,

328 3612 425 3671 aar.
451 3589 555 3669 Tota
572 3584 694 3694 prima
722 3573 1001 3671 hebdomada,
1024 3597 1103 3685 qua
1121 3593 1268 3656 creatus
1291 3568 1345 3656 eil
1366 3572 1561 3671 mundus,
1580 3573 1658 3659 lu·
1683 3618 1688 3628 ·

212 3694 306 3782 cifer
341 3704 379 3781 δι
411 3705 490 3803 ejus
521 3691 647 3808 angeli
680 3689 905 3775 laborarunt
933 3690 974 3771 iti
996 3685 1263 3800 excogitandis
1287 3677 1492 3798 sceleribus
1522 3714 1659 3797 perpe·

210 3812 354 3896 trandis
383 3835 517 3896 contra
540 3808 734 3894 Christum
760 3809 798 3886 ἃ
823 3808 903 3910 ejus
923 3806 1099 3885 Matrem.
1182 3802 1287 3882 Nam
1316 3797 1381 3883 die
1400 3804 1530 3914 ptimo
1552 3825 1658 3885 crea·

209 3929 328 4014 tionis
353 3925 501 4024 mundi,
525 3926 593 4036 qui
615 3944 696 4006 erat
720 3922 950 4017 Dominicae,
971 3910 1008 3997 le
1032 3903 1299 4025 opposuerunt
1319 3908 1447 3998 DEO.
1507 3914 1586 3997 Die
1600 3907 1657 3996 se·

209 4041 358 4143 eundo,
376 4033 562 4150 videlicet
583 4038 715 4149 Luna,
739 4028 880 4146 deripi}
900 4028 1043 4230 lufithin
1060 4023 1267 4138 infernum.
1338 4020 1470 4140 Qualm
1489 4023 1658 4139 primum

1047 4168 1068 4248 3
1269 4242 1272 4247 ¹
1525 4161 1656 4245 autem
