3796 4994
542 304 879 444 Observationes
902 308 965 412 ad
986 311 1139 429 Revel.
1170 310 1228 433 ,de
1257 253 1448 448 Agreda.
1611 349 1706 452 54¹
1775 338 1778 342 “

260 523 402 610 inimici
429 522 593 607 Domini
611 549 680 631 pet
707 517 858 632 fulgura
884 523 924 600 &
949 522 1118 604 tonitrua
1139 491 1319 603 tetlibilia
1342 520 1594 608 vehementer
1614 553 1708 610 con·

260 647 381 724 territi
400 637 495 731 sunt.
551 643 643 720 Haec
659 631 903 747 Evangelistae
922 628 1158 744 &Apostoli
1179 657 1364 745 tanquam
1385 663 1467 718 rem
1492 666 1571 721 non
1596 667 1710 745 nota-

258 751 379 839 bilem
398 750 559 836 scribere
580 747 844 861 neglexerunt.
873 752 912 833 Ρ.
931 781 966 852 3.
988 754 1041 834 N.
1056 764 1122 848 65.
1138 777 1206 850 73.
1249 753 1341 830 Haec
1367 745 1493 862 plaga,
1513 749 1638 847 fimilis
1661 751 1708 839 il.

255 863 303 954 lis
320 870 574 979 Egyptians,
595 861 720 948 fuisset
739 868 876 976 utique
891 890 950 947 tes
965 859 1176 961 notabilis,
1209 868 1247 945 &
1263 888 1345 973 ptae
1367 870 1509 951 caetetis
1528 862 1708 957 serviilset

254 991 397 1078 Pecto,
417 987 455 1063 81
477 979 676 1090 Stephano
701 982 741 1061 in
763 972 946 1061 Concilio
964 978 1208 1081 Judaeorum,
1236 983 1276 1061 &
1300 978 1353 1059 D.
1383 975 1506 1066 Paulo
1528 989 1705 1096 arguenti
1758 1030 1761 1037 ·

252 1100 410 1204 Judaeot
430 1091 570 1206 saepius.
630 1095 734 1187 Dein
757 1121 824 1177 cut
845 1121 926 1176 non
942 1094 1044 1176 obiit
1060 1116 1152 1176 tunc
1167 1096 1281 1175 etiam
1306 1092 1503 1189 Herodes,
1518 1097 1705 1208 Caiphas,

251 1217 401 1307 Annas,
426 1215 463 1291 &
493 1234 620 1292 totum
641 1208 895 1292 Sacerdotum
918 1202 1155 1303 Concilium,
1175 1234 1279 1320 quos
1307 1229 1439 1311 tamen
1457 1236 1505 1293 ex
1525 1218 1630 1311 noir
1643 1217 1701 1301 A·

250 1322 495 1442 postolorum
519 1328 556 1405 &
576 1320 750 1432 Jolepho
775 1324 922 1406 constat
945 1321 1073 1407 adhuc
1092 1314 1363 1435 supervixisse?
1582 1423 1586 1435 Ι

229 1511 232 1516 .
369 1469 408 1537 7.
436 1437 616 1521 Scribunt
635 1439 692 1519 liae
716 1431 1009 1524 Revelationest
1036 1441 1217 1521 Montem
1238 1431 1459 1523 Calvatium
1482 1433 1556 1527 elle
1567 1433 1701 1531 locum

250 1553 436 1641 foetidum
458 1579 504 1636 ex
524 1550 669 1635 foetore
689 1551 950 1640 Cadavetum.
986 1555 1084 1635 Part.
1105 1581 1142 1636 a.
1169 1553 1224 1635 N.
1252 1579 1374 1654 1375.
1433 1555 1553 1638 Cum
1568 1564 1697 1642 tamen

249 1672 370 1774 Iudai
397 1666 664 1751 consueverint
688 1661 845 1776 sepelite
867 1689 1043 1750 extremo
1065 1659 1252 1778 supplicio
1273 1659 1458 1759 affectem
1483 1692 1525 1753 ut
1546 1675 1695 1762 constat

252 1814 301 1869 ex
322 1781 406 1896 ipso
429 1777 657 1891 Evangelio.
684 1788 769 1882 Joa.
797 1807 860 1876 ¹9·
1228 1858 1237 1869 ,

367 1920 403 1992 8.
432 1901 554 1979 Etiam
568 1896 800 1979 Sacerdotes
820 1903 991 2001 jecerunt
1009 1888 1158 2005 lapides
1179 1897 1218 1977 in
1244 1893 1440 1979 Christum
1459 1895 1694 1985 crucifixum.

244 2017 289 2098 P.
305 2043 340 2096 a.
361 2016 415 2094 N.
439 2030 556 2112 1388.
586 2013 684 2094 Non
706 2003 924 2118 permisisset
942 2009 1020 2090 hoc
1038 2007 1247 2093 Tribunus.

365 2154 402 2221 9.
431 2133 470 2208 B.
493 2130 613 2237 Virgo
635 2120 847 2207 acclinabat
861 2118 900 2206 se
917 2125 1029 2205 cruci
1057 2125 1102 2207 P.
1125 2152 1162 2208 a.
1189 2126 1244 2207 N.
1271 2139 1392 2226 1436.
1415 2124 1457 2209 in
1474 2121 1690 2240 Evangelio
1796 2148 1802 2160 “

242 2239 399 2340 elicitur,
422 2245 462 2322 B.
477 2244 673 2350 Virginem
693 2233 827 2322 stetisse
846 2247 950 2343 juxta
968 2262 1133 2322 crucem.
1160 2241 1248 2341 Joa.
1272 2267 1338 2334 19.

367 2386 429 2439 10.
445 2355 616 2436 Christus
624 2361 698 2461 jam
709 2349 780 2436 fuit
789 2357 963 2436 inunctus
972 2373 1063 2433 anto
1077 2347 1319 2462 sepulturam.
1334 2358 1375 2438 P.
1391 2385 1425 2438 2.
1438 2359 1492 2440 N.
1511 2372 1631 2458 1448.
1645 2358 1691 2439 ln

241 2467 458 2578 Evangelio
474 2469 625 2563 dicitur,
641 2467 754 2578 quod
768 2462 944 2550 mulieres
960 2462 1124 2574 ptimltm
1140 2464 1315 2550 Sabbato
1337 2474 1499 2554 emerint
1518 2495 1690 2554 aromata

208 2638 219 2659 -.
243 2586 296 2670 ad
319 2587 483 2688 ijUM
508 2580 802 2692 inungendumt
839 2585 1014 2667 inunctio
1050 2606 1216 2693 quoque
1247 2609 1330 2666 non
1355 2577 1453 2671 solet
1478 2581 1561 2667 fieti
1598 2609 1694 2673 ante.

241 2698 554 2786 eviscerationem
570 2698 777 2782 cadaveris.

363 2842 377 2894 t
393 2842 425 2895 1.
457 2817 556 2923 ignis
580 2815 620 2892 in
638 2800 862 2894 Pentecoste
880 2803 1115 2895 descendens
1135 2805 1232 2896 sedit
1250 2808 1359 2924 supra
1378 2811 1539 2900 domum
1558 2840 1687 2901 coena·

242 2923 316 3011 culi
339 2927 521 3009 omnibus
546 2928 685 3027 Judais
707 2929 748 3007 id
775 2924 1007 3008 videntibus.
1034 2929 1073 3008 P.
1096 2956 1132 3029 3.
1160 2930 1212 3010 N.
1232 2957 1296 3032 33.
1348 2932 1390 3013 st
1414 2930 1493 3014 hoc
1512 2927 1689 3016 vidissent

221 3043 377 3147 =Judttr',
399 3069 478 3124 non
500 3037 763 3124 existimassent
787 3035 1002 3149 Apostolos
1024 3039 1166 3125 ebrios.
1562 3136 1565 3143 .

360 3184 424 3240 11.
436 3157 598 3239 Donum
609 3149 878 3237 miraculorum
893 3182 962 3263 per
976 3153 1186 3239 adventum
1199 3156 1358 3266 Spiritus
1372 3160 1499 3242 Sansii
1513 3155 1587 3243 fuit
1602 3156 1688 3249 col·,

236 3265 485 3355 latum-etiam
496 3266 677 3357 foeminis.
687 3271 1080 3368 P.3.N.83.cuttem
1091 3265 1500 3356 tantamsiletS.I.ucas
1510 3275 1686 3357 inAiiis?

360 3414 424 3480 13.
454 3382 726 3468 Deliberatum
746 3376 927 3492 Apostoli
945 3387 983 3464 in
1004 3378 1204 3478 Concilio,
1227 3411 1274 3466 an
1302 3385 1491 3470 deberent
1511 3380 1686 3500 baptiza?

238 3526 281 3582 te
299 3497 491 3611 baptismo
505 3502 678 3598 Joannis,
701 3524 749 3580 an
763 3498 866 3596 ‚veto
888 3491 1078 3607 baptismo
1105 3499 1257 3582 Christi.
1281 3502 1319 3581 P.
1341 3533 1375 3603 3·
1393 3505 1446 3583 N.
1467 3529 1563 3584 roo.
1591 3508 1684 3586 Haec

238 3618 397 3725 quaestio
418 3611 543 3696 suisset
574 3618 668 3706 mita
693 3614 779 3722 post
804 3635 882 3693 tam
909 3607 1121 3721 expressum
1144 3613 1365 3697 mandatum
1392 3617 1532 3700 Christi
1555 3618 1596 3701 ut
1616 3617 1684 3700 ba-

234 3735 385 3840 ptizent
402 3733 620 3837 innomine
644 3731 849 3811 Trinitatis.
877 3728 1001 3809 Math.
1027 3744 1093 3817 28·
1563 3820 1566 3825 ¹

357 3872 419 3944 14.
458 3850 664 3954 Paupertas
689 3847 729 3924 in
753 3835 872 3922 Cleto
896 3834 1043 3952 semper
1067 3836 1141 3924 fuit
1167 3833 1389 3926 conservata
1410 3870 1497 3928 eum
1526 3844 1682 3929 abdica·

194 4006 200 4023 ·
235 3959 531 4040 tioneDominii
548 3983 672 4068 usque
687 3957 736 4038 ad
751 3980 881 4039 ortum
896 3952 1179 4068 Religiosotum
1192 3960 1396 4040 Ordinum.
1421 3962 1463 4040 Ρ.
1479 3964 1572 4058 3.Ν.
1589 3979 1682 4055 108.

234 4076 328 4154 Hac
347 4072 541 4154 abdicatio
566 4098 645 4153 101
669 4067 739 4154 suit
757 4074 831 4153 toti
856 4072 964 4153 statui
987 4065 1169 4167 Clerieali
1190 4077 1359 4184 proptia,
1391 4079 1493 4184 quia,
1520 4101 1561 4156 ut
1587 4104 1688 4159 con··

233 4187 303 4269 slat
326 4216 373 4268 ex
396 4191 446 4267 D.
462 4182 597 4282 Paulo,
612 4185 785 4297 Episcopi
797 4180 1027 4301 plerumque
1044 4185 1232 4301 tegebant
1245 4192 1418 4303 proprias
1439 4185 1614 4305 samilias,
1627 4193 1684 4277 uti

192 4348 199 4367 ι
234 4305 348 4387 etiam
365 4302 547 4395 Draconi.
561 4301 613 4386 ad
626 4306 726 4386 Tim.
742 4306 778 4383 &
794 4303 870 4386 Iit.
1134 4303 1235 4387 Xxx
1267 4329 1286 4406 3
1514 4302 1519 4309 ’
1616 4333 1683 4410 ¹5·
