3796 4994
634 192 944 330 Revelationes
980 233 1036 330 S.'
1068 226 1317 335 Gerttutd's.
1545 266 1548 279 ·
1629 266 1701 376 49

741 474 912 614 Num.
949 444 962 511 ⁵
996 466 1220 619 Viri
1319 580 1326 602 .

372 730 479 869 De
520 728 1042 867 Revelationibus
1062 860 1067 881 ,
1086 716 1148 866 s.'
1185 716 1546 875 Gertrudis.

223 1026 397 1416 INtet
415 1026 600 1136 'primatia
637 1025 863 1110 Germaniae¹
897 1022 1043 1109 deeota
1071 1021 1244 1110 admiror
1279 1018 1395 1112 valde
1434 1053 1481 1113 ae
1515 1048 1683 1117 venetos
1786 1000 1789 1005 Ι

320 1141 360 1224 8.
381 1141 634 1238 Gertrudem,
650 1134 867 1227 Monialem
890 1166 941 1224 ex
964 1138 1118 1225 Ordine
1141 1140 1195 1225 D.
1218 1142 1421 1229 Benedicti
1445 1147 1488 1229 in
1509 1144 1681 1231 Saxonis

315 1260 419 1340 eirca
437 1281 580 1340 annum
606 1282 741 1362 1300,
796 1284 853 1344 ute
875 1282 964 1341 cum
984 1257 1125 1339 eximia
1150 1256 1372 1344 eruditione
1398 1261 1442 1343 in
1475 1259 1557 1343 Scri
1585 1262 1680 1349 toti·

320 1369 394 1456 bus
415 1365 558 1468 latinis,
583 1394 663 1456 tam
691 1284 879 1484 prolana,
896 1368 1018 1485 quim
1040 1372 1177 1469 Sacris,
1193 1369 1398 1486 prasertim
1412 1377 1451 1458 in
1468 1373 1522 1461 D.
1541 1286 1680 1488 llugu·

218 1489 305 1574 llini
341 1484 552 1597 operibus,
590 1491 791 1592 conjunxit
825 1481 1059 1570 sanctitatem
1098 1512 1275 1591 morum,
1311 1483 1677 1575 &familiaritatem

221 1631 312 1691 eum
341 1602 437 1685 Deo
460 1599 744 1690 admirandams
773 1625 817 1686 ut
849 1603 954 1685 enim
973 1623 1055 1685 erat
1080 1603 1228 1712 ingenii
1249 1600 1494 1701 vivacissimi,
1521 1601 1676 1691 videtur

218 1714 513 1832 propemodum
546 1711 752 1803 exhausisse
778 1739 900 1801 artem
924 1713 1080 1800 amandi
1107 1714 1268 1815 laetam,
1300 1721 1340 1801 δι
1365 1717 1512 1803 modos
1542 1745 1675 1804 amari·
1720 1797 1730 1819 .,

215 1838 316 1923 tium
337 1827 586 1919 suaviffimosr
615 1858 689 1917 uec
709 1831 877 1931 dubito,
900 1855 988 1916 eam
1006 1825 1180 1915 habuisse
1204 1824 1477 1918 Revelationes
1499 1833 1592 1921 uere
1611 1835 1672 1919 di·

216 1954 340 2046 vitias,
360 1948 412 2032 eb
439 1944 552 2057 quod
575 1970 653 2031 tam
683 1945 880 2055 manifesta
904 1949 946 2030 in
966 1948 1013 2031 iis
1035 1940 1302 2058 resplendeant
1332 1942 1494 2060 superna
1510 1942 1673 2045 lumina.

215 2089 262 2149 ut
286 2090 370 2148 uon
390 2058 722 2147 videanturalium
749 2057 957 2174 agnoscere
980 2056 1088 2171 polle
1104 2058 1273 2160 fontem,
1294 2059 1414 2176 quam
1435 2067 1588 2149 Patrem
1611 2060 1694 2149 lu·-

215 2185 369 2264 minum
385 2183 530 2263 Deum.
589 2179 696 2262 Cum
722 2201 876 2275 tamen,
895 2172 989 2260 ficut
1008 2199 1118 2289 parte
1150 2203 1186 2262 ι.
1214 2176 1302 2290 ipsis
1328 2177 1671 2290 expertissimotum
1729 2208 1732 2213 ·

215 2287 447 2378 testimoniis
465 2289 653 2376 ostensum
674 2293 754 2389 est,
775 2317 1005 2377 concurrere
1023 2289 1173 2403 polline¹
1192 2316 1280 2378 cum
1313 2287 1483 2404 supernis
1509 2288 1670 2379 illustra-

215 2406 390 2495 tionibus
413 2433 457 2491 ac
479 2407 689 2492 visionibus
714 2411 963 2519 operationes
986 2403 1215 2518 phantafiae,
1245 2402 1592 2522 difficillimumque
1607 2408 1667 2521 fit.

216 2528 332 2608 etiam
349 2528 388 2608 in
411 2517 582 2634 personis
597 2519 731 2606 fandis
755 2516 952 2607 illusiones
970 2519 1174 2632 phantasiae
1205 2527 1411 2607 autetiam
1437 2518 1549 2607 subin
1577 2523 1666 2610 doe·
1772 2628 1774 2633 ι

215 2643 346 2723 monis
372 2637 557 2721 i-divinis
579 2634 870 2721 immissionibus
898 2636 1134 2732 discernere,
1163 2663 1245 2722 noti
1272 2660 1462 2750 repugnat
1482 2635 1668 2725 sauditati
1727 2650 1759 2733 “,

216 2755 330 2857 hujus
348 2747 501 2865 Sponsa
528 2753 665 2837 divinae
681 2745 1007 2848 illuminatiffimae,
1031 2749 1173 2835 saintet
1194 2757 1273 2859 ejus
1294 2751 1459 2837 visiones
1475 2756 1667 2867 reperian-

215 2894 278 2954 tur
296 2864 446 2982 aliquae‚
463 2867 513 2952 ad
533 2892 631 2980 quas
653 2890 798 2951 attenta
823 2866 1134 2952 consideratione
1155 2862 1336 2980 opus-fit,
1355 2864 1517 2967 sintned
1534 2866 1664 2970 DEO,

215 3011 265 3070 ati
287 2988 383 3067 verb
407 2982 457 3067 ab
477 2977 654 3067 illusione
669 2976 800 3066 saltem
818 2979 1033 3095 phantasia,
1051 2982 1108 3066 ob
1131 3003 1358 3094 perpetuam
1376 3008 1465 3068 eum
1479 2986 1592 3071 DEO
1608 2980 1687 3079 sa2

214 3094 468 3186 miliatitatem
489 3092 714 3180 assuetarum
738 3094 928 3181 visionum
945 3090 1102 3194 emula,
1123 3101 1162 3181 δι
1184 3122 1233 3181 ex
1257 3092 1354 3182 cella
1367 3097 1506 3209 Spoufi
1521 3102 1666 3184 vinaria
1725 3184 1728 3189 .

215 3212 341 3301 ebtiae.
421 3217 559 3299 Meum
582 3211 743 3325 quidem
763 3211 930 3309 nonest,
949 3211 1120 3318 judicare
1138 3215 1287 3295 animas
1308 3207 1465 3311 sancias,
1487 3239 1584 3326 quas
1609 3213 1663 3299 ad

215 3358 279 3416 me
296 3328 546 3431 judicandum
562 3323 641 3410 scio
656 3321 809 3411 sessuras
828 3352 916 3410 cum
936 3326 1079 3435 judice,
1098 3352 1313 3442 quarumve
1331 3350 1373 3411 ut
1389 3331 1431 3410 iii
1453 3332 1589 3414 mortis
1601 3330 1664 3414 di·
1716 3420 1719 3431 ,
1779 3352 1786 3365 ·

214 3441 387 3530 scrimine
406 3436 686 3555 periclitantem
705 3440 754 3526 ab
780 3439 922 3526 insidiis
947 3440 1184 3552 doemonum
1210 3464 1403 3539 tueantur,
1427 3450 1552 3528 titolo
1574 3440 1662 3529 sub·

217 3559 378 3648 sidiums
407 3559 500 3671 quia
525 3580 656 3641 tamen
672 3556 828 3642 interest
847 3548 1036 3654 Ecclesiae,
1058 3552 1419 3669 nedScriptoribus
1439 3552 1663 3645 indiscrimi-

214 3679 333 3760 natim
356 3672 435 3757 sine
458 3668 542 3757 ullo
573 3676 750 3757 examine
768 3697 813 3755 ac
832 3668 913 3756 sine
930 3664 1009 3753 ulla
1031 3669 1274 3756 distinetione
1297 3672 1489 3779 ejusmodi
1516 3667 1661 3759 revela·

213 3795 342 3875 tiones
364 3784 446 3898 spar
495 3811 586 3872 ntur
603 3793 643 3870 in
663 3780 870 3898 populum,
889 3789 967 3868 riec
987 3781 1092 3868 aliud
1105 3808 1288 3898 appareat
1309 3812 1524 3898 congruum
1542 3791 1661 3873 cotti-

213 3903 335 4019 gendi
359 3902 407 3985 ab
451 3930 494 3985 us
515 3900 743 4000 remedium,
772 3898 914 3984 cedent
931 3925 1016 3983 eam
1038 3898 1255 4011 partermsi
1278 3926 1357 4014 qua
1371 3902 1438 4002 eli,
1455 3899 1508 3986 sui
1528 3906 1661 4015 magni

213 4021 383 4109 nominis
403 4016 622 4100 commodis
648 4013 842 4119 Ecclesia,
866 4036 908 4098 ut
923 4008 1174 4129 indulgeant,
1191 4018 1232 4099 iri
1254 4039 1385 4101 earum
1414 4014 1579 4125 uifiones
1600 4022 1660 4100 in·

327 4131 392 4224 D.
411 4129 462 4220 Ε.
476 4134 533 4220 A.
550 4128 596 4220 de
611 4126 792 4220 Revelat.
813 4128 916 4219 Pars
930 4128 990 4220 ΙΙ.
1089 4164 1093 4169 ·
1181 4130 1225 4232 ‚G
1542 4133 1660 4242 quiri.
