3796 4994
242 349 338 428 122
603 307 1311 449 RegulaeexCard.delaurert.l

232 525 329 613 fines
358 517 441 610 sunt
470 517 648 604 instituta.
702 523 738 603 Τ
740 547 816 603 unc
844 517 871 604 st
900 519 1062 604 effectus
1089 523 1307 634 contingat,
1329 519 1602 608 doemoniacus
1619 516 1687 616 cll.

234 648 288 728 Ut
307 639 334 725 st
356 642 428 723 ritu
449 637 605 744 judaico
632 637 742 718 Deus
765 631 930 732 coletur,
956 633 982 721 fi
1004 631 1106 718 milla
1128 631 1193 720 vel
1212 638 1288 719 alia
1308 635 1441 720 divina
1459 639 1603 724 ordine
1625 644 1687 726 in·

236 750 345 843 verso
365 777 430 838 aut
452 747 616 833 confuso
637 745 891 853 celebrentur.
952 755 1033 833 Has
1063 753 1166 834 eninr
1189 749 1507 838 deordinationes
1523 754 1563 838 in
1580 746 1688 849 eou-¹

233 861 645 984 temptum*religjonis
685 889 872 977 procurat
898 864 1093 961 doemon,
1138 861 1200 949 vel
1228 864 1255 951 li
1286 867 1325 951 in
1358 867 1551 970 eiusmodi
1574 864 1687 956 lactis

232 1010 353 1073 voces
378 979 571 1099 profana,
601 1004 669 1065 aut
694 1007 858 1064 resnou
893 977 1003 1064 sacrae
1038 976 1104 1064 led
1136 1007 1246 1066 vanae
1280 976 1529 1072 misceanturs
1564 983 1684 1071 autfi

230 1125 424 1215 quaeratur
445 1094 623 1180 sacerdos
649 1090 716 1178 tali
746 1096 812 1178 die
834 1118 901 1178 aut
923 1089 1053 1179 mense
1073 1120 1196 1197 natus,
1211 1120 1278 1181 aut
1302 1097 1515 1197 ordinatus,
1538 1095 1603 1182 vel
1627 1124 1684 1184 ta·

230 1212 260 1301 li
285 1240 350 1299 aut
369 1209 435 1297 tali
453 1214 614 1297 nornine
634 1237 876 1320 nuncupatus
900 1214 975 1294 dcc.
1012 1210 1053 1294 si
1073 1208 1240 1324 aliquod
1263 1212 1422 1297 illorum
1450 1214 1683 1314 intercedat,

231 1337 272 1415 ἃ
301 1325 460 1415 effeetus
486 1327 714 1426 obtinetur,
745 1326 1018 1408 doemoniacus
1051 1325 1106 1408 est
1144 1322 1370 1411 censendus.
1424 1360 1469 1430 4.
1493 1330 1534 1412 Si
1561 1325 1683 1416 sacta·

231 1438 413 1532 mentalia
435 1437 677 1555 applicentur
697 1466 786 1524 cunr
813 1441 943 1523 modis
965 1434 1029 1523 seu
1060 1443 1345 1525 circumstantiis
1367 1442 1563 1529 indebitis.
1585 1473 1623 1529 v.
1645 1434 1700 1558 g(

230 1563 270 1645 Si
293 1554 535 1672 applicentur
566 1554 685 1640 verba
707 1556 747 1639 S.
774 1557 977 1750 Scriptura
1001 1548 1152 1664 speciali
1179 1550 1316 1668 aliquo
1349 1558 1568 1642 charadere
1592 1556 1680 1644 scri·

230 1702 309 1788 pta,
329 1670 393 1757 vel
416 1677 455 1756 in
475 1673 630 1784 pagina,
658 1666 811 1766 tabula,
834 1674 964 1752 aiove
988 1664 1184 1773 subjecto,
1212 1696 1301 1753 curn
1324 1667 1455 1783 aliqua
1479 1698 1578 1757 vana
1605 1675 1682 1759 ob-

229 1790 443 1876 servatione
459 1811 615 1898 parato.
682 1788 724 1869 Si
751 1779 991 1896 applicentur
1021 1784 1253 1869 Sannorum
1285 1781 1456 1901 reliquiae
1482 1814 1572 1873 curn
1599 1786 1683 1875 aliis

228 1902 560 2018 irnpertinentibus
578 1899 709 1996 rebus,
731 1893 793 1983 seu
823 1900 965 1996 verbis,
989 1921 1058 1989 aut
1079 1896 1209 2012 liguris
1232 1904 1389 2013 ignotis.
1446 1904 1487 1985 si
1506 1930 1599 1988 crux
1616 1898 1679 1989 vel

228 2016 386 2122 inversa,
417 2016 479 2104 vel
495 2021 535 2100 in
550 2009 685 2128 aliquo
705 2015 876 2122 subjeclo
900 2008 1053 2126 speciali
1079 2011 1260 2111 formata,
1273 2011 1336 2100 vel
1351 2023 1490 2118 ereda,
1504 2014 1572 2103 led
1588 2046 1677 2105 curu

228 2131 364 2250 aliquo
382 2140 522 2248 ignoto
541 2124 755 2226 vocabulo,
784 2153 850 2212 aut
871 2127 993 2245 figura
1013 2125 1223 2226 'offuciam
1250 2126 1313 2213 vel
1336 2136 1376 2214 in
1397 2157 1582 2245 tempore
1609 2130 1678 2219 ali-

228 2280 314 2387 quo
342 2249 613 2344 determinato,
641 2239 707 2329 vel
730 2249 770 2328 in
795 2239 893 2329 loco
915 2239 1081 2357 speciali,
1104 2241 1227 2331 aliave
1258 2239 1368 2330 simili
1401 2249 1679 2336 circumstantia

226 2366 344 2455 inani.
397 2365 438 2450 Si
457 2363 731 2449 determinatus
750 2386 934 2445 numerus
953 2362 1122 2447 crucium
1136 2355 1353 2473 applicetur
1369 2365 1444 2446 dre.
1473 2359 1679 2451 fieffedus

228 2483 383 2569 eveniat
404 2507 491 2565 cum
508 2471 645 2592 aliquo
658 2475 816 2561 istorum
831 2499 1074 2586 procuratus,
1087 2474 1357 2560 daemoniacus
1378 2477 1431 2560 est
1452 2473 1677 2566 censendus.

98 2610 102 2616 ’
230 2629 265 2705 5.
295 2599 336 2681 Si
366 2590 432 2678 alii
462 2588 598 2678 abusus
625 2594 963 2676 Sacramentorum
992 2612 1059 2673 aut
1090 2584 1433 2675 Sacramentalium
1454 2594 1677 2704 praecedant

223 2742 298 2828 pro
322 2711 459 2794 mediis
480 2705 732 2821 praeparandis
753 2704 805 2789 ad
828 2699 1010 2789 effedlum
1026 2730 1079 2787 co
1176 2705 1370 2796 uendurn3
1398 2729 1442 2790 ut
1460 2706 1675 2823 srbaptize-

222 2854 364 2917 turres
386 2820 529 2938 aliqua,
547 2825 746 2935 imagines,
765 2820 900 2917 herba,
918 2817 1075 2902 brutum
1134 2842 1169 2903 c.
1192 2824 1229 2903 dr
1250 2823 1294 2904 iis
1313 2812 1451 2935 aliquis
1475 2844 1608 2910 utatur
1625 2824 1675 2909 ad

223 2916 405 3033 effedlam
432 2933 764 3052 consequendum.
825 2936 868 3020 Si
884 2928 995 3045 super
1016 2960 1059 3016 re
1080 2930 1212 3048 aliqua
1232 2935 1381 3019 dicatur
1395 2932 1531 3039 Milia,
1558 2932 1671 3026 velfi

221 3056 332 3149 oleo·
348 3058 578 3143 chrismatis
613 3058 839 3165 inungatur,
865 3074 907 3132 ut
953 3045 1039 3133 offit
1057 3050 1193 3162 postea
1211 3045 1393 3162 applicari
1414 3050 1465 3137 ad
1487 3048 1672 3141 effeaum

220 3170 553 3287 consequendum:
610 3172 653 3252 si
681 3163 851 3283 sequitur
875 3192 897 3249 e
930 3172 1034 3247 ectus
1068 3191 1156 3247 curn
1183 3159 1319 3277 aliquo
1341 3167 1499 3250 istorum
1527 3196 1672 3280 procu·

219 3317 322 3381 ratus
346 3288 616 3371 doemoniacus
636 3284 690 3367 est
703 3277 933 3371 censendus.
990 3292 1029 3364 6.
1059 3282 1099 3361 Si
1168 3308 1195 3362 o
1214 3274 1354 3362 effectu
1373 3278 1597 3369 obtinendo
1609 3290 1671 3371 in·-

170 3408 173 3413 ’
218 3428 410 3491 vocentur
425 3392 565 3514 angeli,
583 3425 753 3512 quorum
776 3396 938 3479 nomina
955 3308 1384 3507 lgnotalllrltEcclefiae,
1405 3391 1469 3482 vel
1483 3396 1676 3486 miscenti

196 3604 199 3610 .
218 3547 281 3608 tur
300 3547 388 3604 cum
410 3512 497 3601 illis.
556 3518 595 3598 Si
615 3508 773 3597 effeetus
792 3509 1005 3610 obtinetur,
1024 3510 1077 3593 est
1094 3507 1376 3595 doemoniacun
1433 3514 1524 3596 Tria
1537 3516 1672 3601 nomi·'¹

78 3666 83 3675 ·
215 3664 266 3722 na
291 3627 518 3748 angelorum
541 3624 626 3714 sunt
647 3628 852 3725 Canonica
875 3629 914 3709 in
936 3624 1153 3737 Scriptura,
1182 3619 1348 3722 scilicet,
1379 3623 1566 3728 Michael,
1587 3633 1669 3717 Ga·

215 3746 326 3850 briel,
346 3741 530 3860 llapltael.
585 3738 692 3830 Utiel
711 3730 842 3826 autern
859 3744 900 3825 in
918 3737 1032 3824 Esdra
1052 3733 1213 3823 relatum
1226 3768 1308 3824 non
1321 3739 1485 3826 habetur
1498 3770 1574 3855 pro
1588 3746 1669 3830 ca.

215 3869 377 3951 nonico.
437 3863 588 3947 Caetera
605 3884 748 3953 autem,
770 3882 857 3968 quae
872 3851 1153 3967 &quibusdam
1182 3852 1511 3959 circumferuntur,
1536 3863 1666 3946 norni-

77 3982 80 3987 ⁴
214 4008 265 4066 na
282 3979 581 4065 doemoniorum
604 3968 699 4056 sunt.
756 3974 811 4053 lta
832 3971 1031 4054 Zacharias
1052 3971 1093 4051 in
1116 3965 1305 4055 Concilio
1320 3974 1506 4056 Romano
1530 3969 1666 4060 secun·

212 4096 281 4185 do.
341 4124 379 4198 7.
407 4095 448 4178 Si
471 4084 694 4204 philaderia
713 4082 778 4171 seu
798 4075 966 4171 amuleta
984 4083 1179 4197 gestentur
1195 4112 1285 4195 curn
1308 4080 1440 4202 aliqua
1467 4082 1662 4202 Reliquit,

1253 4326 1268 4353 ,,
1394 4304 1429 4347 t.
1456 4334 1472 4343 ..
1517 4200 1665 4349 non
