3796 4994
597 244 901 349 revelationes
936 245 983 341 S.
1024 242 1267 345 Genmdir.
1549 276 1646 381 155

212 466 283 551 'nes
301 486 384 545 non
410 455 570 570 perstitit
597 458 636 538 in
661 452 778 539 fide?
814 448 1087 549 Nicodemus,
1113 448 1302 561 Josepbua
1329 446 1381 537 ab
1406 454 1646 556 arimathea.

212 586 254 661 δε
278 575 478 672 mulieres,
504 596 592 682 quae
613 570 836 652 adstiterunt
860 568 988 650 cruci?
1015 565 1097 649 Sed
1116 569 1245 677 potest
1260 568 1340 651 ltoe
1356 569 1404 650 -in
1424 576 1469 654 Β.
1490 577 1648 685 Virgine

211 689 374 803 intelligi
397 691 447 772 de
462 682 543 769 fide
567 681 761 795 perfecta,
792 707 874 765 non
899 674 1102 766 vacillante
1127 684 1226 763 circa
1255 684 1568 771 circumstantiam
1591 716 1652 776 re,-
1692 766 1697 777 ,

212 803 514 894 surrectionis&
537 799 754 910 mysterium
772 797 895 879 crucis
915 818 1104 906 tanquam
1128 820 1230 905 opus
1248 795 1541 908 redemptionis.
1676 866 1679 873 .

334 982 372 1039 a.
406 951 445 1035 S.
473 944 691 1032 Genrudet
712 942 810 1028 vidit
833 936 1277 1031 multos'Benediciinos
1302 948 1520 1052 damnator,
1542 953 1657 1069 quod

213 1095 347 1157 tamen
367 1084 557 1178 repugnat
582 1053 691 1144 alten‘
711 1052 953 1153 revelationi,
978 1053 1175 1157 asserenti,
1199 1061 1315 1173 qaod
1340 1061 1467 1151 nullut
1496 1069 1656 1154 damne-

213 1210 291 1271 tur.
320 1186 365 1268 1.
384 1210 425 1278 4·
446 1181 498 1263 C.
514 1196 583 1259 Διι.
603 1170 656 1257 fic
675 1171 810 1256 babet:
837 1172 1024 1257 Gellabat
1041 1175 1087 1257 u.
1107 1176 1342 1261 benedictus
1361 1174 1469 1264 velut
1486 1210 1564 1294 pro
1587 1183 1655 1268 ba·

216 1294 310 1386 culo
331 1294 519 1405 sceptrum
536 1285 745 1402 quoddam
765 1281 1087 1376 decentissmumt
1129 1288 1242 1397 quod
1265 1290 1354 1375 crlrn
1376 1322 1495 1379 manu
1509 1320 1659 1384 teneret

217 1442 266 1499 ex
285 1411 446 1527 gemmis
463 1401 601 1512 sceptri
615 1400 808 1484 arridebat
830 1404 867 1483 ei
886 1395 1046 1480 felicitas
1066 1406 1244 1486 omnium
1265 1411 1338 1517 qui
1359 1436 1428 1516 per
1442 1407 1658 1523 regularem

216 1518 487 1611 discretionem
513 1514 672 1599 Ordinis
693 1508 748 1597 sui
768 1538 941 1624 unquam
961 1508 1046 1594 sunt
1067 1520 1283 1600 correcti&
1302 1523 1554 1619 emendaturi
1573 1553 1658 1636 pat·
1831 1582 1837 1593 ·

217 1662 261 1727 te
286 1638 382 1723 verb
402 1630 519 1717 astera
537 1624 797 1739 respondebat
819 1631 941 1709 decor
965 1625 1104 1709 divinar
1123 1632 1270 1735 jullitiae
1297 1636 1336 1716 in
1359 1637 1456 1732 boc,
1479 1640 1593 1751 quod
1612 1635 1660 1724 il·-

216 1751 296 1849 los,
322 1774 428 1865 quos
447 1745 499 1829 ad
521 1745 621 1826 tanti
642 1739 801 1824 Ordinis
823 1740 1051 1848 dignitatem
1071 1736 1353 1843 sublimaverat,
1380 1743 1504 1860 culpis
1519 1776 1661 1839 eorum

219 1861 465 2067 Exigentibpls
480 1859 577 2057 iaulsto
600 1855 747 2050 jnd‘dlio
769 1849 1180 2052 [υρρέρριὲἒρεῐρρωέἰτ
1193 1864 1349 2055 aeternis(i
1392 1863 1482 1995 'Sed
1505 1862 1661 1977 respon.

220 1995 851 2181 increbuissent?
872 1994 1059 2200 qnia
1073 1981 1665 2197 tenllssssn²r¹tl⁰ll⁰bff
1834 2176 1839 2183 ,

217 2214 412 2325 sectiones
432 2198 651 2315 sequentes.
1189 2248 1192 2253 -

342 2382 377 2456 3.
430 2352 498 2435 De
539 2344 709 2463 paflione
741 2334 906 2453 Domini
938 2348 982 2431 1„
1016 2372 1054 2447 4.
1093 2344 1146 2431 C.
1174 2373 1239 2449 15·
1270 2346 1322 2434 lic
1354 2330 1502 2438 babet:
1556 2358 1667 2441 Circa

225 2474 380 2561 tertiam
403 2467 579 2578 apparuit
602 2465 637 2544 ei
658 2462 852 2545 Dominus
878 2448 992 2563 JEsus
1008 2464 1048 2543 in
1069 2452 1135 2542 tali
1155 2458 1415 2573 dispositione,
1436 2494 1514 2581 qua
1531 2468 1581 2551 ad
1600 2460 1668 2552 lla·

224 2613 336 2674 tuanr
360 2580 413 2664 cll
436 2572 658 2690 flagellatus,
687 2576 784 2659 stans
811 2578 909 2657 inter
932 2575 1033 2657 duos
1058 2569 1213 2658 lictores
1239 2581 1399 2680 vincius,
1456 2608 1593 2666 uorum
1624 2609 1669 2666 u·

200 2728 302 2789 -nus
328 2694 529 2807 uidebatur
551 2716 639 2772 eutn
662 2682 847 2771 caedtres
865 2690 949 2785 init,
964 2682 1059 2768 alter
1081 2688 1175 2772 verd
1194 2687 1349 2801 flagello
1366 2610 1542 2805 nodosor
1569 2721 1670 2781 utet·

228 2839 314 2928 que
344 2811 439 2893 ueto
463 2803 634 2889 cadebat
653 2827 742 2885 eum
763 2806 802 2882 in
819 2716 981 2901 duem,
1004 2800 1110 2884 unde
1133 2796 1244 2885 faciei
1271 2810 1350 2910 ejus
1369 2804 1588 2893 miserabilis
1612 2809 1669 2892 vi·

227 2926 395 3013 debatur
415 2916 600 3030 aspectus.
687 2917 792 2998 Nam
813 2940 899 3025 pars
920 2906 985 2997 illa
1010 2910 1122 3019 satiei
1158 2943 1244 3030 quae
1264 2913 1376 3031 spinis
1398 2922 1498 3029 caedi,
1515 2921 1673 3015 videba-

228 3067 309 3135 tur,
332 3041 520 3119 intantum
546 3031 725 3140 apparuit
757 3022 980 3128 dilacerata,
1008 3030 1256 3140 quodetiam
1284 3029 1428 3145 pupilla
1449 3030 1553 3117 oculi
1571 3039 1671 3141 intef

228 3158 309 3241 rius
338 3172 418 3232 erat
455 3138 651 3228 vulnerata
665 3197 679 3237 ,
703 3136 853 3252 insuper
886 3146 925 3223 δε
955 3139 1075 3224 livida
1099 3169 1147 3226 ex
1171 3167 1326 3231 tumore
1352 3152 1401 3229 lla
1431 3140 1493 3230 elli
1516 3144 1672 3251 'nodosi

228 3264 451 3352 Videbatur
469 3263 584 3341 etiam
604 3285 651 3338 ex
676 3255 929 3340 arnaritudine
949 3252 1125 3369 pollionis·
1151 3254 1369 3344 subtrahere
1392 3177 1530 3346 sacient
1552 3286 1673 3374 quam

231 3382 331 3465 dum
350 3380 416 3459 uni
434 3369 684 3464 subtraberet,
708 3362 804 3451 alter
824 3372 945 3452 acrius
970 3362 1187 3483 insurgebat
1199 3375 1243 3454 in
1266 3368 1386 3477 illum.
1438 3371 1533 3475 Alia
1548 3376 1675 3460 lieve-

231 3490 399 3588 lationes
419 3482 528 3568 aliter
550 3478 788 3570 narranti'&
807 3486 847 3564 in
871 3480 1065 3594 Propheta
1090 3485 1245 3569 dicitur:
1276 3490 1427 3585 Faciein
1443 3496 1572 3579 meant
1593 3478 1677 3597 non

233 3606 357 3693 averti
378 3598 428 3686 ab
452 3596 738 3707 increpantibus
760 3601 801 3677 de
822 3591 1117 3708 conspuentibus
1140 3600 1182 3682 itt
1199 3625 1277 3685 tne.
1404 3610 1407 3615 '
1509 3600 1520 3621 ⁴
1584 3598 1588 3605 ’

354 3776 396 3846 4.
450 3746 515 3828 De
546 3744 715 3826 Latrone
742 3736 929 3825 conuerso
960 3744 1001 3824 iu
1027 3767 1141 3825 crum
1166 3743 1210 3827 1.
1234 3773 1275 3847 a„
1299 3745 1351 3833 C.
1371 3690 1444 3847 aa.³
1457 3690 1676 3833 fic'scribitd

238 3858 357 3945 Latro
385 3852 463 3952 ille,
493 3860 563 3968 qui
584 3880 662 3938 tarn
680 3852 867 3939 salubrem
893 3853 1057 3966 adeptus
1083 3858 1137 3939 est
1168 3851 1335 3942 fructum
1355 3848 1612 3969 poenitentiae,
1627 3860 1679 3945 ad

237 3970 344 4057 illam
374 3967 451 4056 suit
483 3964 703 4057 babrlitatus
733 3997 803 4085 per
833 3968 931 4060 hocs
976 3973 1153 4168 qpanpvit
1172 3964 1388 4077 scelera-tus.¹
1408 3977 1449 4055 δι
1468 3964 1684 4172 latroffl
