3796 4994
689 263 860 395 Regula
884 288 941 358 eat
961 263 1006 358 S.
1025 250 1234 391 Therefid.
1582 292 1695 391 ¹772

178 420 187 429 .
236 492 310 552 nrm
326 488 534 552 motuum.
591 468 682 549 Hac
713 463 818 578 signa
842 464 980 550 Etiafis
1001 459 1181 549 naturalis
1199 486 1266 547 aut
1288 458 1491 549 diabolica
1512 463 1553 549 S.
1572 466 1678 557 ilre-

233 580 314 664 refia
336 587 457 691 ponit
481 587 526 664 in
549 573 796 690 sequentibus
818 575 926 663 locis.
983 575 1221 665 insuavia
1244 580 1296 667 C.
1317 604 1384 663 ao.
1401 584 1474 662 ait:
1503 580 1544 659 ln
1565 583 1677 668 fiata-

230 692 364 777 sivera
382 691 657 805 relinquuntur
679 697 722 775 in
754 697 888 775 animo
914 692 1057 802 praefati
1086 687 1270 788 effecius,
1303 719 1404 803 pax,
1420 688 1594 777 alacritas
1619 691 1671 779 ad

231 802 383 890 laudem
410 811 506 901 Dei,
536 812 611 888 &c
634 806 798 917 quando
822 806 916 888 verb
935 830 1014 887 non
1039 798 1307 916 relinquuntur
1334 801 1476 917 praefari
1501 800 1673 902 effectus,

228 920 445 1004 dubitarem
473 914 602 1014 valde,
625 946 674 1002 an
695 916 832 1001 Eciasts
852 916 895 1000 srt
914 918 938 1001 a
959 919 1083 1017 Dent
1103 923 1226 1013 immo¹
1246 945 1480 1014 metuerem,
1502 944 1554 1001 ne
1574 914 1670 1001 loco

225 1034 365 1119 Eciasrs
391 1033 436 1119 fit
459 1033 625 1129 insania,
654 1030 707 1116 de
733 1056 813 1143 qua
840 1029 965 1115 scribit
990 1034 1031 1115 S.
1063 1036 1301 1115 Vincentius.
1359 1031 1510 1114 ibidem
1529 1037 1581 1115 C.
1601 1061 1668 1134 ις.

222 1154 291 1232 ait:
317 1150 364 1231 Si
381 1144 557 1258 persona,
579 1149 641 1228 cui
661 1144 706 1227 fit
722 1140 920 1244 revelatio,
940 1143 1050 1231 sentit
1066 1141 1105 1227 se
1122 1151 1162 1228 in
1183 1146 1484 1256 cogitationibus
1500 1145 1668 1229 tituban-

221 1288 301 1355 tem
325 1264 431 1343 circa
459 1253 639 1343 articulos
665 1257 778 1345 sidcis
816 1256 973 1368 stnpud
999 1255 1233 1368 semetipsam
1258 1258 1379 1342 dicat:
1431 1264 1535 1367 Quia
1557 1259 1667 1341 Deus
1708 1352 1711 1361 ,

221 1377 316 1459 milti
349 1376 432 1467 hoc
452 1368 648 1468 revelavit,
671 1374 797 1480 potest
816 1373 927 1480 atque
949 1366 1024 1454 esse
1043 1396 1201 1468 vetum,
1223 1398 1268 1454 ac
1290 1365 1414 1470 illud,
1448 1372 1561 1482 quod
1584 1366 1666 1455 aliis

218 1491 371 1574 sinens
402 1485 519 1575 dixita
553 1485 696 1569 etiamsi
724 1481 820 1567 tales
854 1482 1112 1595 suggestiones
1143 1481 1291 1567 diaboli
1324 1511 1405 1570 uon
1429 1486 1570 1584 credat,
1597 1480 1663 1569 sed

217 1600 377 1714 praedse
408 1626 479 1712 per
500 1600 664 1683 modum
692 1605 905 1708 primorum
935 1623 1113 1682 motuum
1143 1594 1330 1702 ejusmodi
1359 1597 1662 1711 cogitationibus

215 1720 293 1801 inci
322 1719 378 1797 iat
401 1716 552 1808 tentari,
571 1719 646 1818 jam
666 1706 832 1821 suspecta
850 1710 895 1794 fit
920 1710 1026 1795 visto.
1080 1707 1230 1809 Censeo
1257 1716 1380 1810 enim,
1411 1712 1439 1796 st
1470 1715 1658 1823 apparitio

215 1744 342 1913 finisset
366 1830 484 1923 vera,
512 1848 657 1911 tantam
686 1826 708 1906 d
740 1826 832 1908 Deo
855 1820 963 1907 simul
993 1821 1269 1909 conferendam
1295 1823 1403 1909 fuisse
1426 1824 1659 1924 firmitatem,

214 1937 464 2034 soliditatem,
494 1964 540 2023 ac
569 1933 831 2020 invariabilem
864 1939 1140 2035 constantiam,
1169 1963 1210 2021 ut
1234 1936 1330 2050 saepe
1354 1939 1587 2052 nequidem
1613 1945 1656 2022 in

215 2057 451 2139 contrarium
473 2075 660 2161 exurgant
678 2055 789 2161 primi
810 2075 952 2136 motus.
1010 2054 1051 2134 ln
1063 2055 1105 2135 1.
1122 2050 1174 2136 de
1194 2051 1455 2137 Manstonibus
1476 2056 1601 2136 Mans.
1621 2081 1656 2154 5.

216 2168 267 2251 C.
293 2196 332 2253 r.
353 2168 430 2251 aits
459 2166 635 2274 Quando
665 2166 774 2247 Deus
796 2191 865 2273 ptr
880 2190 1011 2247 veram
1032 2163 1216 2249 vibonem
1251 2170 1384 2252 animae
1404 2162 1554 2278 aliquid
1576 2191 1656 2249 nta-

217 2278 380 2377 nifestat,
399 2273 640 2387 semetipsum
662 2280 703 2360 in
729 2302 877 2388 partem
902 2280 1077 2363 intimam
1104 2285 1239 2364 anima
1259 2302 1338 2364 tam
1364 2277 1561 2392 profunde
1591 2284 1652 2365 in·

261 2400 271 2415 '
315 2398 323 2414 '
376 2416 434 2489 ut,
449 2392 655 2503 postquam
673 2390 724 2473 ad
745 2386 782 2472 se
805 2384 951 2473 reversa
972 2388 1110 2491 fuerit,
1128 2388 1343 2477 nullatenus
1367 2393 1543 2477 dubitate
1563 2419 1651 2504 pos·
1691 2494 1695 2499 1

233 2511 239 2524 ’
294 2512 425 2591 Deum
453 2510 494 2587 in
517 2501 568 2600 se,
596 2509 635 2584 &
655 2502 691 2586 se
713 2507 753 2587 in
772 2505 864 2587 Deo
885 2499 1005 2589 fuisse.
1060 2511 1153 2589 Hac
1178 2511 1314 2591 veritas
1330 2532 1409 2592 tam
1430 2505 1588 2611 firmiter¹
1607 2532 1653 2594 ac

222 2622 397 2704 tenaciter
415 2616 485 2728 ipst
514 2618 689 2717 inheret,
718 2644 760 2699 ut
788 2616 929 2701 etiamsi
958 2611 1133 2729 pluribus
1158 2627 1266 2703 annis
1303 2647 1385 2703 non
1417 2645 1655 2730 repeteretur

223 2730 406 2835 eimedi
423 2733 557 2843 gratia,
567 2727 812 2813 nihilominus
826 2726 925 2813 illius
947 2727 1121 2815 oblivisci
1139 2759 1221 2815 non
1236 2731 1373 2844 posset.
1430 2735 1651 2836 Quomodo

224 2868 341 2929 autem
364 2842 618 2954 scripturali,
641 2865 685 2927 ut
712 2869 759 2927 ea
784 2842 938 2951 objedta
962 2872 1062 2957 ,qua
1086 2851 1126 2929 in
1151 2841 1218 2929 tali
1240 2847 1385 2932 visione
1403 2841 1651 2937 intellectuali

223 2954 501 3073 intelliguntur,
529 2961 707 3069 quamvis
732 2982 815 3039 non
841 2956 1055 3057 videannrt,
1082 2957 1331 3046 nihilominus
1357 2987 1440 3045 tam
1450 2966 1650 3047 ..tenaciter

225 3074 415 3159 bhoereant
431 3072 662 3155 memoria?
716 3069 795 3154 hoc
820 3065 975 3176 nescios
1029 3073 1111 3157 hoc
1143 3096 1273 3161 tamen
1309 3071 1389 3159 scio
1420 3099 1493 3184 pro
1528 3098 1651 3172 cetto,
1709 3070 1718 3089 ‘

225 3212 279 3271 ne
295 3210 432 3271 verum
459 3183 613 3271 diceres
642 3181 726 3267 &st
750 3180 833 3267 talis
850 3180 1012 3297 persona
1036 3183 1230 3296 prefatam
1257 3188 1525 3272 certitudinem
1553 3185 1653 3272 inse

221 3326 291 3385 run
315 3298 568 3410 experiretur,
601 3291 749 3402 nollem
775 3297 928 3394 dicere,
951 3304 994 3381 in
1011 3294 1077 3383 illa
1104 3298 1304 3413 contigisse
1327 3306 1510 3384 unionem
1528 3306 1649 3389 totius

221 3414 343 3499 nina
374 3434 464 3496 cum
496 3411 612 3508 Deo,
651 3405 717 3494 sed
746 3413 892 3494 tanttim
925 3416 1113 3496 unionem
1142 3423 1253 3498 utrius
1281 3410 1436 3520 alicujus
1456 3419 1650 3501 interioris

217 3530 417 3638 maiar
443 3546 510 3609 aut
527 3522 727 3719 contigisse
747 3518 937 3609 censerem
964 3530 1098 3611 attimae
1120 3531 1280 3639 gratiam
1308 3522 1461 3613 alterius
1479 3536 1648 3641 generis,

216 3640 404 3725 ffimabus
435 3633 607 3721 conferri
658 3634 803 3725 olitana.
859 3635 1011 3723 ibidem
1042 3637 1289 3726 Maniae.
1317 3645 1442 3740 pair:
1470 3644 1646 3753 Quando

210 3760 336 3839 nine
352 3746 574 3843 revelanmr
596 3744 725 3864 aliqua
746 3747 884 3847 futura,
903 3747 1105 3861 prasertim
1129 3757 1170 3837 in
1188 3758 1420 3839 executione
1444 3762 1576 3851 ardua,
1601 3756 1645 3839 st·
1733 3790 1742 3813 1

211 3862 287 3953 mul
314 3862 533 3951 ursunditu'r
558 3866 694 3948 anima
720 3889 823 3975 pax,
859 3866 1043 3976 gaudium
1072 3872 1111 3950 in
1140 3873 1246 3967 Deo,
1273 3873 1312 3951 dt
1342 3892 1446 3953 certa
1470 3866 1647 3953 securitas

212 3980 260 4069 de
276 4004 434 4077 uentu,
462 4002 558 4092 quae
589 3972 842 4087 perseverant,
870 3986 1046 4092 quamvis
1085 3981 1329 4067 intercedant
1353 4005 1467 4068 tanta
1489 3977 1651 4067 difficul-

316 4094 378 4186 D.
398 4092 448 4181 Ε.
465 4096 527 4179 A.
551 4086 599 4177 de
614 4087 793 4178 &aaut
814 4092 916 4178 Pars
931 4092 964 4176 s.
1170 4099 1200 4176 z
1552 4116 1651 4179 tates
