3796 4994
699 176 702 180 ¹
861 158 877 209 ι
994 134 1014 151 ..

543 261 546 265 ¹
598 333 800 432 nevero.
821 330 874 431 de
889 331 1079 470 Agreda.
1099 340 1212 434 Pars
1233 342 1293 437 li.
1494 441 1497 448 ,
1574 375 1597 467 3
1609 378 1670 472 33

220 541 391 659 stationis
420 540 461 623 in
487 561 614 627 utero.
698 544 838 656 Itaque
865 541 1029 627 durante
1049 535 1115 628 illa
1137 544 1337 629 Novenna
1358 539 1512 661 lingulis
1534 547 1676 641 diebus

217 655 368 745 acceisrt
389 654 440 739 ad
474 656 663 769 tempium
690 659 788 744 hora
821 661 952 760 tertia,
980 661 1020 740 δι
1044 656 1179 742 manfit
1204 658 1261 744 ibi
1285 662 1329 751 in
1350 667 1529 751 oratione
1551 672 1593 754 in
1618 672 1677 755 in-

214 778 312 862 fimo
337 766 434 857 loco
456 797 544 855 cum
569 768 721 857 Infante
745 800 871 887 usque
893 774 945 858 ad
967 770 1185 884 uesperam

336 901 433 979 608.
463 882 591 969 Semel
615 888 716 970 hanc
732 882 985 1001 longiffimam
1009 891 1228 977 orationem
1245 886 1390 976 obtulit
1402 891 1512 992 Deo,
1528 897 1676 986 dicensi

217 1002 392 1118 supreme
414 999 586 1088 Domine
612 1051 633 1071 ·
689 999 836 1090 exultat
867 1029 937 1089 cor
973 1028 1133 1102 meum,
1159 1003 1276 1119 quod
1300 1005 1415 1120 poffrt
1440 1006 1583 1100 offerre
1606 994 1678 1102 tibi

220 1112 580 1210 consubstantialem
608 1167 653 1201 -.
859 1202 865 1209 .
1528 1150 1532 1157 ’
1802 1206 1806 1213 .

187 1240 190 1247 ’
219 1232 262 1305 nn
339 1247 434 1332 609.
464 1233 576 1317 Deus
601 1226 755 1317 viciffim
778 1229 846 1345 ipsi
875 1228 1071 1333 conceffit,
1098 1232 1212 1347 quod
1232 1230 1326 1323 elset
1344 1241 1594 1351 impetratura
1614 1268 1678 1331 us·

219 1377 302 1471 que
323 1345 506 1434 adfinem
525 1349 686 1446 mundi,
712 1373 957 1462 quacunque
982 1372 1133 1460 peteret
1159 1377 1236 1461 pro
1262 1346 1335 1436 suis
1363 1347 1594 1448 clientibusr
1633 1365 1675 1446 δι

211 1464 338 1584 'quod
363 1468 479 1548 etiarn
511 1464 640 1575 magni
668 1487 894 1575 peccatores
918 1458 1037 1549 effent
1059 1467 1301 1574 impetraturi
1319 1474 1497 1573 veniam,
1519 1470 1547 1556 fi
1568 1471 1621 1558 ad
1638 1478 1679 1571 ,i-
1760 1556 1765 1563 .

219 1585 320 1699 psius
337 1575 643 1665 intercessionem
669 1574 946 1690 confugerentr
975 1579 1147 1691 &quod
1167 1583 1209 1665 in
1228 1607 1335 1665 nova
1355 1585 1462 1698 Lege
1482 1612 1572 1671 cum
1590 1584 1676 1701 ipso

218 1694 304 1786 lilio
321 1690 414 1781 esset
429 1691 558 1779 futura
576 1697 821 1807 cooperatrix
844 1697 884 1779 &
907 1695 1177 1804 conmagistra.
1230 1690 1365 1785 Plures
1380 1721 1476 1786 tunc
1491 1699 1562 1813 ipfi
1578 1728 1677 1791 con·

220 1809 309 1900 tulit
327 1814 480 1925 gratias,
505 1835 602 1921 quat
629 1835 707 1922 ego
737 1833 818 1890 non
836 1803 991 1921 polium
1013 1803 1162 1922 eloqui.
1485 1856 1492 1866 ·

340 1941 435 2010 610.
483 1927 646 2035 ,Quinto
673 1922 739 2008 die
767 1921 1019 2009 manifestavit
1047 1918 1085 2010 le
1108 1925 1144 2019 ei
1171 1923 1298 2024 Deus,
1327 1928 1368 2010 &
1396 1925 1561 2043 replevit
1587 1957 1696 2018 earn>

220 2044 362 2156 Spiritu
386 2043 545 2126 Sancto.
630 2042 734 2124 Nam
752 2034 845 2125 licet
863 2046 940 2148 jam
966 2042 1072 2153 prius
1092 2034 1209 2126 fuerit
1235 2033 1384 2154 repleta
1399 2036 1555 2154 spiritu,
1576 2072 1676 2133 nun·

222 2185 343 2274 quam
380 2179 511 2241 tamen
552 2155 663 2239 Dens
702 2177 851 2239 tantum
888 2155 956 2239 dat
990 2178 1194 2256 creaturae,
1231 2161 1330 2270 quin
1358 2158 1473 2271 potiit
1499 2163 1536 2246 ei
1564 2158 1682 2276 plura
1837 2162 1857 2169 ’

223 2279 327 2359 dare.
411 2276 525 2355 Tunc
549 2268 620 2384 ipsi
648 2270 757 2355 Deus
789 2269 918 2357 dixirr
955 2269 1054 2359 Non
1082 2274 1230 2384 polerit
1257 2270 1437 2387 complere
1461 2272 1558 2366 hanc
1585 2277 1678 2370 No·
1777 2389 1779 2394 .

220 2391 661 2610 vennallalmQuanio
690 2498 736 2587 B.
760 2503 809 2584 V.
833 2501 1016 2585 excitavit
1037 2495 1210 2607 Jelulum
1235 2500 1286 2585 ad
1318 2474 1585 2615 capellendam
1614 2471 1755 2597 iit-ms

223 2648 313 2737 garn
331 2621 372 2703 in
384 2622 616 2731 iligyptum
635 2615 750 2699 dixit:
776 2619 896 2728 Fuge,
917 2610 1074 2702 Dieuc
1094 2619 1170 2706 mia
1196 2611 1392 2704 affimilare
1407 2614 1573 2709 hinnulo
1592 2646 1678 2707 cer·
1713 2620 1716 2625 ’
1743 2697 1746 2701 .
1862 2572 1864 2576 ¹

224 2763 380 2832 vorum,
401 2739 442 2818 δι
471 2758 615 2844 caprea
631 2734 671 2815 in
688 2756 845 2816 montes
860 2755 1094 2818 aromatum.
1149 2733 1266 2831 Veni,
1289 2726 1444 2821 Dileiie
1469 2738 1537 2834 mi,
1560 2732 1688 2851 egrem

222 2852 375 2939 dianam
397 2854 439 2934 in
464 2874 613 2961 agrurn,
636 2872 932 2959 commoremur
954 2852 994 2933 in
1016 2842 1132 2935 villis.
1201 2937 1204 2940 Α
1614 2907 1643 2953 ·.

341 2981 441 3072 614.
494 2955 644 3070 Jesulus
684 2962 752 3050 dat
786 2963 825 3051 S.
852 2958 1025 3079 Josepho
1061 2969 1101 3049 δι
1131 2966 1174 3048 B.
1206 2965 1259 3051 V.
1288 2957 1483 3072 vifibiliter
1510 2964 1678 3054 benedi·

225 3086 412 3170 ctionem.
449 3112 454 3153 τ

344 3214 442 3300 615.
478 3190 667 3281 Revelato
696 3192 793 3278 milti
826 3189 900 3279 fuit
924 3191 1143 3280 concordia
1163 3195 1264 3279 inter
1295 3186 1549 3307 Evangelium
1573 3198 1678 3287 Mat·

223 3313 311 3400 thaei
326 3319 365 3397 δι
391 3315 503 3397 Lucae
520 3315 621 3397 circa
645 3312 723 3396 hoc
743 3311 977 3422 mysterium.
1033 3312 1139 3395 Nam
1160 3305 1328 3424 quilibet
1351 3306 1676 3423 Evangelillarum

225 3432 265 3512 in
293 3423 439 3513 lumine
466 3429 629 3538 Spiritus
658 3428 788 3511 saneti
816 3430 1000 3538 agnovit,
1028 3423 1228 3538 quidquid
1255 3418 1479 3536 scripserunt
1506 3449 1584 3512 tres
1613 3423 1676 3514 alil
1738 3436 1741 3441 ’

226 3539 483 3656 Evangelistae.
499 3589 530 3606 ··
586 3544 752 3626 Certum
789 3542 873 3636 eil,
913 3541 1029 3652 quod
1063 3535 1215 3623 oblatio
1248 3543 1288 3624 in
1317 3536 1472 3653 templo
1506 3546 1676 3653 primurn

194 3738 201 3747 .
229 3664 434 3771 contigerit
450 3658 537 3769 post
554 3651 750 3741 discessum
771 3665 886 3738 trium
910 3660 1086 3767 Regum,
1109 3655 1203 3739 ficut
1224 3658 1457 3740 contestatur
1479 3658 1518 3741 S.
1542 3661 1680 3747 Lucas.

343 3781 440 3871 617.
483 3774 595 3857 Deus
618 3798 660 3856 ut
685 3772 824 3857 author
839 3774 966 3884 gratiae
982 3794 1063 3853 non
1083 3771 1137 3855 est
1156 3768 1229 3873 fibi
1247 3772 1457 3857 contrarius
1477 3795 1519 3856 ut
1535 3776 1677 3857 autho·

226 3891 257 3975 ri
287 3915 440 3974 natura.
524 3881 826 3975 iiincrniracula
848 3886 998 3975 debent
1017 3881 1094 3972 elle
1115 3909 1222 3989 rara,
1244 3889 1285 3971 &
1304 3878 1429 3975 lolirm
1450 3891 1679 4003 contingere
1816 3938 1821 3945 -

228 4009 268 4090 in
290 4000 374 4089 calu
402 4001 637 4092 neceffitatis.
1729 4041 1735 4045 ·
