3796 4994
424 431 428 435 Α
618 294 789 446 Regula
810 314 866 408 e'x
890 277 1010 410 Catil.
1033 308 1085 410 de
1101 318 1295 412 Lauraea.
1574 340 1678 453 119

213 514 275 604 nili
304 514 426 633 quod
449 519 590 630 potius
614 512 718 631 eligo
744 513 817 602 illis
843 545 969 603 carere
990 496 1175 622 florinus,
1203 547 1308 633 quos
1332 519 1384 605 de
1401 518 1471 608 luti
1493 514 1671 612 sordibus

212 631 342 750 legere
365 634 573 718 deberem.
643 637 690 717 Et
713 632 806 716 ficut
837 628 925 717 illos
957 635 1141 721 damnare
1170 664 1251 727 non
1281 638 1434 734 audeo,
1466 648 1535 749 qui
1562 645 1672 729 inviti
1789 719 1792 723 ,

213 749 510 863 quandoquein
524 748 747 845 huiusmodi
759 742 1010 858 spiritualibus
1027 745 1298 834 affectionibus
1310 756 1465 835 carnalis
1480 758 1606 839 fluxus
1622 750 1670 840 li·
1745 756 1750 763 ’
1836 764 1841 770 ’

215 892 344 978 quore
373 858 633 951 maculantem
681 868 735 946 ita
774 890 845 947 eos
886 858 1065 985 excusare
1109 864 1263 962 nescio,
1293 863 1457 978 quitali
1486 873 1592 954 fluxu
1621 898 1671 956 ex
1764 906 1766 916 ·
1840 867 1843 873 ’

215 975 402 1064 consensu
425 974 680 1064 delcetantur.

320 1118 495 1249 Regale
535 1149 615 1240 27.
661 1111 1029 1247 apparitiones,
1066 1121 1119 1218 in
1156 1111 1341 1253 quibus
1377 1146 1489 1222 non
1524 1127 1670 1226 intet-

216 1253 350 1362 cedit
374 1253 586 1359 honesta
617 1263 849 1394 gravitas,
887 1287 998 1358 non
1029 1256 1196 1362 sunta
1227 1256 1361 1361 Deo.
1434 1283 1489 1366 lb.
1512 1311 1549 1368 n.
1573 1306 1668 1386 38¹·

217 1394 486 1484 Tertullianus
502 1404 541 1480 in
568 1399 610 1480 L.
633 1398 684 1480 de
702 1390 901 1508 praescript.
924 1398 974 1480 C.
997 1428 1066 1502 43.
1088 1399 1167 1481 hoc
1190 1398 1336 1511 fignum
1359 1402 1484 1482 innuit
1513 1399 1669 1484 dicens:

214 1517 293 1599 Ubi
311 1517 425 1596 Deus
444 1514 509 1612 est,
539 1513 594 1595 ibi
613 1536 738 1596 metus
759 1517 798 1593 in
823 1513 973 1599 Deums
1001 1517 1070 1625 qui
1089 1515 1142 1596 cst
1157 1518 1307 1599 initium
1330 1511 1530 1625 sapientire.
1591 1514 1668 1598 Ubi

215 1655 342 1714 merus
364 1633 404 1711 in
426 1630 572 1724 Deum,
604 1626 659 1710 ibi
682 1630 847 1739 gravitas
864 1628 1039 1723 honesta,
1065 1622 1262 1741 diligentia
1285 1633 1463 1728 attonita,
1485 1656 1573 1711 cura
1595 1624 1670 1712 sol·

215 1739 333 1842 licita,
349 1738 521 1828 adleciio
536 1737 748 1853 explorata,
764 1745 1068 1825 communicatio
1090 1740 1313 1839 deliberata,
1336 1748 1536 1855 promotio
1562 1769 1669 1826 eme·

216 1856 502 1964 rita,subjettio
524 1854 710 1969 religiosa,
731 1861 919 1969 apparitio
940 1858 1097 1959 devota,
1117 1857 1307 1972 processio
1323 1861 1513 1957 modesta,
1533 1854 1667 1943 Eccle-
1796 1933 1799 1937 .

215 1968 410 2070 litturae,
436 1979 476 2055 dr
501 1975 579 2056 Dei
605 1980 748 2065 omnia.
824 2044 839 2070 χ
1590 2052 1595 2057 ,
1646 1990 1662 2005 ·

217 2222 221 2227 ,
320 2113 492 2244 Regula
528 2134 607 2218 ιιι.-
653 2104 882 2238 Quando
932 2116 1159 2215 internus
1203 2111 1488 2230 instinilus,
1524 2110 1666 2229 visto,

217 2250 293 2356 vel
329 2258 584 2388 apparitio
618 2250 830 2385 impellit
866 2249 930 2355 ad
967 2251 1152 2387 aliquid
1186 2285 1307 2359 cum
1343 2264 1664 2392 praecipitan-

219 2404 315 2514 tia,
356 2392 734 2533 inquietudine‚
788 2423 847 2496 ac
894 2397 1119 2531 quadam
1164 2408 1483 2534 impatientia
1520 2398 1580 2504 de
1618 2410 1664 2503 c·

188 2563 410 2655 uentu,
455 2570 568 2641 non
603 2538 714 2640 sunt
750 2535 779 2639 ὲ
815 2534 980 2640 Deos
1034 2563 1092 2646 rb.
1119 2590 1157 2646 n.
1188 2586 1281 2664 384·
1339 2567 1451 2648 Hanc
1474 2564 1666 2675 optimam
1822 2558 1824 2563 ’

219 2684 254 2761 dc
285 2705 431 2765 certam
460 2673 631 2791 regulam
661 2678 776 2761 tradit
807 2677 1017 2761 Richardus
1049 2685 1088 2760 in
1110 2681 1226 2762 Cant·
1250 2686 1295 2763 C.
1315 2709 1352 2776 7.
1371 2677 1437 2761 ubi
1454 2682 1524 2762 ait:
1555 2681 1665 2764 Cum

217 2791 351 2909 aliquis
385 2796 435 2878 ad
465 2791 629 2907 aliquod
657 2793 809 2876 bonum
839 2819 1020 2876 movetur
1046 2789 1178 2888 facile,
1210 2798 1250 2875 de
1274 2821 1361 2876 cum
1385 2788 1665 2906 aliquacordis

216 2906 395 3007 levrtate,
426 2898 646 2992 timendum
665 2911 731 3008 est,
757 2908 869 3020 quod
897 2909 1122 3006 hujusmodi
1141 2905 1277 2990 leuitas
1299 2903 1343 2991 srt
1374 2907 1396 2993 ai
1430 2904 1664 3005 carnalitate,

218 3026 383 3109 maxime
408 3024 434 3107 sr
455 3020 604 3136 aliquid
631 3022 686 3106 ibi
715 3050 906 3106 annexum
931 3023 987 3118 stt,
1020 3024 1135 3137 quod
1166 3018 1358 3119 deleuiare
1388 3024 1665 3123 humanitatem

216 3139 336 3252 poss'rt.
393 3143 489 3222 Item
518 3135 682 3248 l'uspetia
711 3140 763 3220 est
792 3136 919 3220 cordis
955 3136 1151 3237 alacritas,
1188 3139 1348 3250 quando
1377 3132 1586 3248 impellitur
1615 3137 1666 3221 ad

217 3255 364 3368 aliquid
390 3256 621 3337 homocum
644 3253 812 3365 quadam
844 3256 1099 3348 vehementia,
1130 3258 1170 3336 δι
1192 3256 1431 3364 impatientia
1458 3245 1665 3335 dilationis.

219 3378 318 3479 Quia
338 3374 501 3482 Spiritus
534 3373 694 3453 Sandtus
720 3367 917 3452 modestus
943 3371 1022 3470 est,
1057 3372 1096 3452 δι
1124 3363 1375 3480 tranquillas,
1398 3373 1436 3450 δι
1463 3371 1665 3480 temperati

219 3483 298 3570 lunt
324 3510 457 3569 motus
487 3489 580 3590 ejus.
1652 3522 1660 3551 ·

320 3628 492 3757 Regula
534 3657 611 3754 ²9·
668 3615 904 3748 Quando
955 3619 1211 3724 instindus
1262 3627 1529 3736 internus,
1586 3613 1667 3722 vel

223 3766 335 3868 visto
374 3785 616 3902 operatur
652 3771 1031 3899 poenitentiam,
1054 3787 1143 3868 aut
1178 3762 1302 3865 alios
1342 3761 1530 3866 fruitus
1561 3760 1667 3896 Spi-

223 3919 337 4013 ritus
369 3907 572 4022 Saniii,
610 3904 639 4007 ὲ
678 3903 795 4008 Deo·
831 3905 955 4008 sunt.
1044 3925 1100 4006 lb.
1126 3953 1164 4007 n.
1193 3944 1284 4024 382·
1316 3927 1356 4004 ἃ
1384 3912 1478 4023 ιιι.
1507 3918 1544 4006 S.
1566 3921 1667 4005 Ber-

223 4048 504 4137 redissem.
529 4074 595 4143 ιγ.
614 4054 651 4128 in
676 4043 792 4129 Cant.
813 4045 929 4127 dicit:
970 4047 1011 4129 Si
1036 4037 1199 4137 sensero,
1226 4041 1363 4146 aperiri
1387 4040 1479 4119 milri
1506 4032 1685 4132 sensum,

224 4188 259 4248 ut
278 4163 494 4283 intelligam
514 4154 1057 4281 scripturasautiermonem
1082 4149 1272 4267 sapientia
1295 4144 1408 4264 [quali
1437 4143 1597 4237 ebullire
1618 4172 1668 4230 ex

1472 4307 1473 4311 ι
1524 4263 1666 4343 intimis
1795 4295 1805 4313 ι
