3772 4988
206 304 307 406 ³42
555 434 560 447 Ι
593 285 797 390 Revelat.
817 286 870 387 de
894 284 1079 424 Agreda.
1099 290 1211 386 Pars
1224 288 1281 384 Π.

325 493 424 601 636.
450 489 498 574 B.
517 494 569 576 V.
594 494 644 578 ad
665 499 828 600 JESUM
850 497 965 582 dixit:
1005 499 1105 582 Non
1126 489 1278 607 possum
1301 488 1384 574 hoc
1404 484 1504 598 pati,
1527 500 1574 565 ut
1598 502 1662 562 mt-

207 597 458 713 dispedrbus
480 612 651 697 incedas.
733 616 782 697 Et
813 607 893 697 sola
923 639 1017 726 roga
1053 609 1133 695 stne
1164 604 1317 692 indusio
1352 609 1473 687 nimis
1510 593 1664 680 molesia

209 717 293 833 erit.
351 714 588 833 Respondit:
617 722 788 813 Casceos
813 726 909 811 viles
932 733 1152 839 permittam
1179 749 1305 836 usque
1324 720 1377 803 ad
1401 724 1561 825 tempus
1577 737 1665 822 prr·

208 828 436 934 dicationis;
475 837 668 929 indusium
695 867 827 929 tamen
848 830 1053 958 nunquam
1077 841 1305 933 admittam,
1330 841 1425 950 quia
1445 829 1668 915 linteamina

205 940 293 1031 'sunt
313 952 508 1035 incentiva
533 961 666 1041 carnis.

171 1066 180 1097 ²
329 1079 426 1161 687.
453 1068 593 1183 Iraque
619 1079 661 1158 B.
686 1075 734 1156 V.
758 1077 854 1157 texit
873 1065 1050 1187 togulam
1077 1092 1126 1155 ex
1154 1062 1280 1153 subrisi
1297 1060 1386 1150 lana
1408 1092 1496 1159 non
1520 1051 1667 1143 colora·

210 1182 252 1260 ta
279 1173 357 1261 fine
384 1175 539 1281 sutura,
577 1190 618 1269 δι
656 1185 734 1273 srne
772 1182 883 1299 plicis
916 1213 959 1270 ut
986 1182 1110 1269 solent
1135 1187 1294 1268 contexi
1321 1175 1494 1265 aciculis.
1607 1177 1668 1255 Fa·

210 1294 317 1375 num
348 1317 478 1405 autem
509 1323 552 1384 ut
576 1296 665 1386 lana
696 1306 900 1388 mutaverit
927 1298 1037 1386 suum
1070 1293 1248 1385 colorem
1281 1300 1321 1382 io
1349 1292 1470 1381 alium
1500 1289 1669 1375 medium

213 1407 316 1489 inter
340 1404 517 1495 colorem
547 1412 765 1502 violaceum
795 1423 1101 1532 &argenteum
1188 1410 1267 1527 lpsa
1299 1438 1473 1528 quoque
1504 1402 1591 1491 filio
1618 1398 1668 1486 se·

213 1522 268 1605 tit
288 1516 581 1614 succinctorium
615 1535 773 1618 interius
798 1529 958 1630 lineum,
983 1524 1207 1615 &sandalia
1232 1556 1281 1612 ear
1309 1551 1471 1640 campe.

335 1654 432 1732 688.
460 1647 701 1743 Recurrente
720 1643 976 1732 anniversario
991 1650 1267 1729 iucarnationis
1289 1649 1328 1747 dt
1347 1639 1578 1727 Natiuitatis
1591 1637 1670 1721 Do·

113 1846 120 1859 ‚
214 1753 313 1837 mini
340 1758 385 1836 Β.
406 1760 530 1870 Virgo
546 1765 620 1845 hos
637 1760 755 1848 festos
774 1764 858 1847 dies
874 1766 1043 1847 etiamin
1066 1764 1260 1872 AEgyptm
1279 1764 1319 1842 dc
1345 1758 1438 1841 dein
1459 1780 1533 1866 per
1553 1777 1669 1853 totam

52 1870 72 1913 '
120 1885 125 1897 '
215 1868 338 1952 viram
362 1866 544 1957 celebrat.
603 1877 743 1962 Invitat
764 1878 817 1963 ad
838 1880 917 1961 hoc
933 1873 1121 1990 angeloss
1151 1879 1189 1957 ἃ
1215 1877 1378 1980 JESUM
1399 1894 1520 1984 rogat
1536 1890 1670 1978 expan-

217 1978 264 2068 sis
293 1983 481 2086 brachiis,
510 2012 553 2071 ut
587 2018 661 2100 pro
684 1987 722 2076 se
747 2000 891 2105 gratias
907 1991 1047 2076 referat
1071 1996 1185 2074 Patri.
1275 1983 1514 2072 Elevabarur
1542 1981 1673 2067 runci

216 2116 355 2194 terra,
397 2104 436 2181 δι
476 2103 640 2189 canebat
677 2134 765 2191 curn
793 2101 941 2219 angelis
978 2133 1081 2190 nova
1115 2108 1280 2191 Cantica
1311 2102 1566 2214 reciprocatis
1595 2124 1673 2181 can-

218 2232 264 2295 tu
290 2211 473 2301 verstbus.
556 2221 668 2306 Echo
694 2223 807 2329 huius
836 2224 1028 2309 cantionis
1055 2224 1386 2334 perveniensque
1416 2217 1469 2303 ad
1498 2218 1674 2303 thronum

69 2402 81 2419 ..
218 2328 311 2413 Dei.

344 2459 441 2541 692.
472 2450 648 2558 Quando
673 2458 718 2538 B.
742 2454 793 2539 V.
813 2450 938 2537 induit
959 2450 1125 2555 JESUM
1149 2447 1246 2567 rogi
1268 2454 1309 2534 δι
1330 2443 1532 2560 sandaliis,
1563 2470 1673 2561 getru-

221 2560 326 2647 dexa
348 2589 481 2649 coram
509 2594 560 2651 eo
583 2568 709 2653 dixit:
749 2566 895 2656 Summe
919 2566 1073 2657 Deus·
1103 2627 1114 2653 .
1168 2576 1283 2681 Toga
1317 2566 1497 2652 accurate
1528 2564 1675 2691 pertigit

225 2681 614 2905 sistitis?
634 2684 1137 2913 {giddddsmsiiuii
1154 2679 1549 2909 diffisis&
1564 2674 1677 2878 sii

227 2908 401 2992 tunditas
421 2904 594 3022 superior
614 2914 786 2999 habebat
806 2921 977 3023 junctum
1012 2911 1119 3028 quast
1143 2907 1310 3002 collater
1340 2907 1599 2997 nihilominus
1619 2930 1678 3018 pa·

226 3023 307 3111 ruit
325 3050 420 3138 toga
433 3032 485 3111 Β.
512 3031 674 3142 Virgini,
700 3054 743 3115 ut
762 3028 843 3114 sine
859 3025 1082 3117 difficultate
1096 3030 1361 3127 attraheretur,
1388 3032 1429 3111 dt
1449 3026 1680 3112 accomoda·

168 3154 171 3159 ’
227 3164 335 3224 retur
365 3147 537 3253 corpori.
593 3149 707 3229 Hanc
740 3169 876 3260 rogam
902 3147 1076 3233 Christus
1114 3171 1316 3259 nunquam
1351 3144 1459 3228 exuit
1489 3130 1682 3259 usquead

230 3256 537 3359 crucifixionem,
558 3263 651 3374 quia
669 3265 789 3346 crevit
814 3289 902 3347 cum
925 3286 1107 3373 corpore.
1160 3260 1269 3344 Idem
1300 3260 1466 3371 contigit
1497 3285 1588 3343 cum
1610 3249 1682 3336 suc·

211 3371 424 3493 cinctorio
463 3380 504 3459 δι
538 3368 729 3462 sandaliis.
819 3379 912 3462 Nec
960 3400 1091 3463 tamen
1129 3374 1392 3460 atterebantur
1429 3399 1504 3486 per
1537 3374 1684 3487 triginta

232 3482 338 3570 duos
366 3512 514 3588 annos,
539 3519 614 3576 nec
647 3515 744 3606 toga
768 3491 888 3577 amisit
919 3517 1095 3605 unquam
1123 3487 1227 3576 suant
1260 3494 1424 3603 primam
1460 3493 1684 3573 novitatem

231 3602 529 3704 vestimentum,
546 3608 662 3721 quod
684 3608 860 3695 Christus
885 3605 1064 3720 deposuit
1086 3608 1125 3690 in
1149 3602 1303 3691 lotione
1325 3604 1493 3718 pedum,
1513 3628 1596 3689 erat
1612 3590 1685 3717 pal·

164 3758 172 3769 ·
233 3705 347 3814 sium,
368 3722 482 3831 quod
507 3727 649 3832 pariter
665 3726 708 3806 Β.
727 3727 853 3835 Virgo
873 3721 1042 3808 confecit
1058 3722 1148 3835 post
1170 3721 1339 3807 reditum
1363 3721 1403 3804 in
1422 3722 1639 3806 Nazareth.
1678 3828 1685 3843 .

353 3859 451 3929 700.
489 3841 689 3923 Numerus
710 3842 947 3936 animarum,
970 3864 1067 3952 quas
1089 3840 1130 3921 Β.
1153 3839 1202 3922 V.
1225 3830 1472 3921 sandificavit
1490 3821 1686 3950 Heliopolt

236 3964 277 4048 ει
295 3952 337 4034 in
356 3973 442 4036 tota
461 3958 665 4068 Egypros
692 3979 896 4069 agrorum,
919 3979 1022 4066 quos
1044 3948 1207 4039 sanavits
1239 3956 1278 4034 ἃ
1296 3946 1593 4054 miraculorum,
1612 3967 1689 4067 qut

237 4076 310 4168 illo
330 4069 537 4188 septennio
555 4075 733 4184 patravit,
754 4097 838 4156 non
859 4071 990 4185 potest
1014 4065 1307 4180 comprehendi.

1605 4207 1691 4288 703.
