3796 4994
203 315 302 428 ³4⁸
548 288 750 392 Revela.
781 291 835 387 de
860 283 1051 425 Agreda.
1082 291 1193 427 Pars
1218 272 1276 385 li.

225 587 229 597 ,
318 513 418 604 7ς8.
448 495 574 610 Qtod
596 520 725 584 autent
744 456 894 583 amissus
919 493 1035 582 fuerit
1061 493 1234 602 JESUS,
1254 491 1341 580 'hoc
1358 489 1491 579 modo
1517 484 1661 582 sadum

42 686 45 690 ,
201 620 269 709 est.
354 614 512 700 Immisit
539 614 651 699 Deus
672 618 718 699 B.
741 616 893 727 Virgini
915 610 1087 709 sinain,
1109 636 1189 722 qua
1213 609 1379 697 durante
1399 607 1535 698 evasit.
1605 612 1661 694 Si·

194 728 344 823 militet
366 733 407 813 dt
425 729 464 814 S.
484 722 674 841 Josephus
693 753 775 813 erat
799 750 893 814 tunc
911 722 1114 841 absorptus
1137 727 1180 810 in
1206 719 1339 839 aliqua
1359 720 1512 813 coelesti
1540 725 1662 813 medi·

198 871 360 942 tattone.

320 984 420 1060 759.
446 960 521 1043 Pet
538 957 619 1044 boc
637 957 808 1044 triduum
830 958 976 1063 JESUS
1006 950 1220 1071 colligebat
1246 948 1556 1045 eleemosinamt
1584 954 1663 1042 visi·

199 1075 309 1171 tabat
327 1067 555 1187 hospitaliar
587 1068 860 1158 consolabatur
885 1098 1096 1186 pauperent
1132 1066 1374 1184 dispensabat
1395 1075 1441 1157 iis
1460 1066 1664 1157 eleemosi-

102 1273 109 1281 .
201 1187 335 1281 nanti
360 1184 398 1272 se
422 1182 640 1286 collectam,
666 1193 707 1272 dc
735 1184 966 1272 conferebat
983 1183 1181 1273 nonnullis
1203 1189 1310 1300 aegris
1327 1179 1426 1270 tlatn
1451 1181 1662 1274 sanuatm

200 1301 520 1397 uenefauoribns
543 1302 803 1389 abundantius
821 1298 1103 1386 benefaciebat
1574 1390 1584 1398 ‚

202 1508 208 1517 ,
318 1430 419 1520 760.
438 1432 536 1515 761.
575 1419 750 1528 Quando
773 1419 921 1521 JESUS
948 1416 1172 1500 duodennis
1196 1419 1338 1501 eratin
1364 1409 1539 1529 templo,
1566 1443 1663 1532 quae·

195 1535 276 1623 ‘iiio
299 1556 381 1617 erat
401 1537 502 1616 inter
522 1532 749 1631 Doctores,
774 1558 821 1614 an
840 1529 991 1615 Messias
1014 1537 1090 1636 iarn
1117 1527 1303 1615 venerit?
1356 1535 1563 1619 'senentes
1588 1532 1664 1620 sen·

202 1653 364 1736 tentiam
382 1650 600 1762 negativam
616 1648 697 1732 hoc
712 1645 933 1751 nitebantur
958 1668 1204 1761 argumento,
1228 1649 1320 1758 quia
1342 1642 1498 1730 Messias
1529 1672 1664 1734 ventu·

204 1789 277 1849 rus·
295 1764 349 1846 est
366 1789 455 1846 curn
479 1763 678 1871 Maiestate
701 1768 741 1846 de
771 1762 976 1875 potestate.
1062 1775 1159 1862 762.
1189 1765 1289 1844 Cutn
1318 1761 1465 1863 JESUS
1499 1762 1663 1861 videret,

30 1932 36 1939 ·
204 1879 306 1967 hanc
327 1874 552 1964 sententiam
575 1871 806 1990 praevalete,
828 1874 878 1961 stc
904 1901 946 1960 ut
970 1872 1148 1988 plerique
1174 1880 1210 1960 ei
1230 1872 1464 1974 accesserint,
1489 1874 1590 1962 dixit
1616 1876 1663 1962 ad

49 2050 52 2057 ·
203 1995 428 2079 Dodores:
457 2008 510 2088 76
518 2020 555 2097 3.
611 1990 790 2076 Dubium
828 1991 1070 2105 propositum
1105 1989 1157 2073 de
1188 1988 1361 2093 aduentu
1398 1987 1545 2076 Meffiae
1579 2019 1663 2078 cunt

204 2115 287 2210 eius
318 2101 543 2191 discussione
574 2105 717 2189 audivi.
752 2110 828 2190 dec.
863 2152 881 2171 ·
943 2112 1057 2189 Tunc
1090 2101 1266 2190 fusissime
1296 2103 1581 2191 demonstravit
1618 2134 1661 2192 ex

60 2221 66 2227 “
202 2225 246 2309 S.
268 2223 476 2332 Scriptura,
491 2216 704 2304 secundum
724 2219 935 2304 adventurn
956 2218 1097 2305 Mesia
1113 2214 1203 2304 sore
1225 2245 1314 2305 cum
1341 2220 1564 2332 potestate,
1588 2224 1662 2338 pri·

204 2362 315 2427 mum
337 2358 468 2419 autem
492 2332 583 2419 fore
598 2329 830 2449 ignobilem.

192 2559 195 2566 ¹
325 2465 425 2555 767.
447 2452 675 2566 Mysteriunr
694 2451 838 2536 borum
856 2445 1069 2534 verboruni
1089 2446 1232 2536 Christi
1251 2450 1296 2535 B.
1313 2450 1442 2563 Virgo
1466 2450 1508 2532 dt
1537 2446 1577 2561 S,
1596 2436 1679 2567 Ιο-Ι

205 2561 345 2681 sephus
362 2594 444 2652 non
469 2561 760 2656 intellexeruntr
788 2564 914 2678 idque
939 2559 1083 2650 fadum
1106 2569 1243 2676 partim
1271 2592 1348 2676 pra
1368 2562 1551 2678 gaudio,
1581 2588 1663 2679 par·

203 2687 275 2771 titn
299 2687 391 2799 quia
407 2675 511 2764 islatn
544 2681 917 2765 demonstrationem
942 2679 1083 2765 Christi
1102 2706 1183 2763 non
1205 2680 1409 2764 audierunt
1430 2683 1639 2795 integram.

323 2809 421 2897 7⁶8·
448 2800 492 2880 B.
510 2801 559 2881 V.
578 2801 616 2879 in
633 2795 759 2881 reditu
787 2798 990 2906 genuflexa
1013 2792 1192 2878 adoravit
1212 2796 1406 2896 Jsssunt,
1433 2798 1477 2878 dt
1502 2797 1662 2912 agnovit

143 3015 150 3023 ,
205 2916 342 3000 omnia
366 2911 542 3025 tnysteria
561 2911 640 2995 hoc
659 2909 793 2994 triduo
815 2934 885 3020 per
903 2904 1012 2992 illum
1036 2932 1197 3020 patrata.
1362 2972 1366 2980 f
1503 2910 1507 2917 '

244 3109 247 3123 ,
322 3043 420 3128 769.
459 3027 504 3111 ln
519 3024 652 3108 'reditu
673 3027 814 3128 Jueus
839 3014 984 3107 multos
1011 3027 1216 3122 convenit,
1240 3022 1458 3108 &adhoc
1485 3022 1664 3111 utebatut

204 3143 459 3230 instrumento
483 3144 526 3225 is.
551 3142 735 3251 Virgines
777 3137 959 3222 sanabant
987 3145 1102 3222 etiam
1125 3134 1271 3223 nrultos
1295 3162 1481 3252 aegrotos,
1508 3143 1549 3222 δι
1572 3164 1665 3225 eon·

201 3254 426 3346 solabantur
444 3253 604 3342 moestos
625 3260 700 3338 &n
753 3253 872 3367 Quia
906 3254 1003 3338 verb
1031 3258 1167 3361 jamin
1194 3248 1276 3339 aliis
1302 3280 1441 3338 eorum
1463 3253 1666 3341 itineribus

28 3466 30 3470 ,
203 3369 334 3460 finilia
356 3362 522 3480 protuli,
540 3392 622 3451 non
650 3394 714 3452 ure
735 3363 800 3453 hic
823 3367 1038 3465 detinebo,
1067 3371 1233 3453 maxime
1263 3369 1421 3451 cunrad
1446 3378 1588 3454 omnia
1604 3370 1665 3455 ista

204 3484 394 3572 narranda
426 3486 713 3596 requirerentur
742 3478 862 3567 ntulta
891 3477 1080 3596 capitula,
1110 3489 1150 3566 dc
1176 3511 1241 3568 me
1267 3482 1379 3570 seties
1404 3483 1592 3571 historica
1618 3482 1666 3569 ad

204 3595 279 3687 alia
299 3622 429 3689 vocet.
754 3693 757 3697 ,
1303 3700 1307 3705 ¹
1641 3601 1650 3617 ’

322 3740 418 3816 77-1.
447 3711 616 3819 'Jsssus
639 3709 794 3797 'divinae
836 3709 929 3795 huic
965 3713 1121 3828 Virgini.
1153 3704 1349 3824 obligatus
1383 3707 1462 3798 fuit
1499 3716 1542 3814 in
1581 3740 1661 3801 tan·

142 3805 289 3969 stum

322 3968 417 4054 774.
448 3949 490 4026 B.
515 3946 564 4025 V.
586 3939 637 4024 ad
657 3909 721 4023 rne
743 3939 858 4024 dixit:
886 3940 926 4021 Si
948 3945 1071 4025 amori
1091 3965 1180 4052 erga
1197 3961 1386 4029 creaturas
1401 3940 1557 4029 aditum
1574 3970 1663 4030 con·

204 4057 327 4162 cerba,
349 4058 427 4145 stne
443 4057 567 4145 dubio
586 4083 625 4142 te
651 4078 826 4141 avertent
847 4055 871 4144 ai
893 4050 1042 4141 sumum
1065 4054 1179 4141 bono
1207 4100 1225 4120 ·
1278 4059 1472 4171 Propone
1492 4089 1572 4177 pro
1596 4059 1660 4143 ob

408 4182 411 4187 ’
764 4202 767 4207 ’
1079 4202 1081 4206 ·
1426 4195 1429 4199 ’
1562 4182 1657 4287 jede
