<?xml version="1.0" encoding="UTF-8"?>
<!DOCTYPE html PUBLIC "-//W3C//DTD XHTML 1.0 Transitional//EN"
    "http://www.w3.org/TR/xhtml1/DTD/xhtml1-transitional.dtd">
<html xmlns="http://www.w3.org/1999/xhtml" xml:lang="en" lang="en">
 <head>
  <title>
</title>
<meta http-equiv="Content-Type" content="text/html;charset=utf-8" />
  <meta name='ocr-system' content='tesseract 3.04.00' />
  <meta name='ocr-capabilities' content='ocr_page ocr_carea ocr_par ocr_line ocrx_word'/>
</head>
<body>
  <div class='ocr_page' id='page_1' title='image "./derevelationibu00amorgoog_0556.png"; bbox 0 0 3796 4994; ppageno 0'>
   <div class='ocr_carea' id='block_1_1' title="bbox 211 267 1660 616">
    <p class='ocr_par' dir='ltr' id='par_1_1' title="bbox 211 267 1660 616">
     <span class='ocr_line' id='line_1_1' title="bbox 214 267 1285 425; baseline -0.016 -22"><span class='ocrx_word' id='word_1_1' title='bbox 214 327 315 421; x_wconf 70' lang='lat' dir='ltr'>asa</span> <span class='ocrx_word' id='word_1_2' title='bbox 600 267 1087 425; x_wconf 69' lang='lat' dir='ltr'>nevelalaagren.</span> <span class='ocrx_word' id='word_1_3' title='bbox 1111 292 1285 391; x_wconf 79' lang='lat' dir='ltr'>Parti.</span> 
     </span>
     <span class='ocr_line' id='line_1_2' title="bbox 211 482 1660 616; baseline 0.001 -33"><span class='ocrx_word' id='word_1_4' title='bbox 211 501 376 616; x_wconf 79' lang='lat' dir='ltr'>reperiar</span> <span class='ocrx_word' id='word_1_5' title='bbox 412 491 469 583; x_wconf 78' lang='lat' dir='ltr'>ad</span> <span class='ocrx_word' id='word_1_6' title='bbox 494 490 653 583; x_wconf 70' lang='lat' dir='ltr'>Porian</span> <span class='ocrx_word' id='word_1_7' title='bbox 687 496 862 584; x_wconf 83' lang='lat' dir='ltr'><em>Auream</em></span> <span class='ocrx_word' id='word_1_8' title='bbox 897 505 1003 586; x_wconf 77' lang='lat' dir='ltr'>raam</span> <span class='ocrx_word' id='word_1_9' title='bbox 1035 482 1251 615; x_wconf 54' lang='lat' dir='ltr'>coniugem,</span> <span class='ocrx_word' id='word_1_10' title='bbox 1277 518 1329 581; x_wconf 80' lang='lat' dir='ltr'>eta</span> <span class='ocrx_word' id='word_1_11' title='bbox 1353 484 1427 582; x_wconf 77' lang='lat' dir='ltr'>bac</span> <span class='ocrx_word' id='word_1_12' title='bbox 1448 490 1530 611; x_wconf 76' lang='lat' dir='ltr'>ipsa</span> <span class='ocrx_word' id='word_1_13' title='bbox 1551 486 1660 608; x_wconf 65' lang='grc' dir='ltr'>σαψ</span> 
     </span>
    </p>
   </div>
   <div class='ocr_carea' id='block_1_2' title="bbox 72 605 777 730">
    <p class='ocr_par' dir='ltr' id='par_1_2' title="bbox 72 605 777 730">
     <span class='ocr_line' id='line_1_3' title="bbox 72 605 777 730; baseline -0.004 -31"><span class='ocrx_word' id='word_1_14' title='bbox 72 640 92 651; x_wconf 93' lang='grc'>··</span> <span class='ocrx_word' id='word_1_15' title='bbox 207 619 475 730; x_wconf 74' lang='lat' dir='ltr'><em>properantem</em></span> <span class='ocrx_word' id='word_1_16' title='bbox 507 613 547 696; x_wconf 82' lang='lat' dir='ltr'>in</span> <span class='ocrx_word' id='word_1_17' title='bbox 571 605 777 725; x_wconf 75' lang='lat' dir='ltr'>Templum.</span> 
     </span>
    </p>
   </div>
   <div class='ocr_carea' id='block_1_3' title="bbox 334 737 1662 879">
    <p class='ocr_par' dir='ltr' id='par_1_3' title="bbox 334 737 1662 879">
     <span class='ocr_line' id='line_1_4' title="bbox 334 737 1662 879; baseline -0.001 -47"><span class='ocrx_word' id='word_1_18' title='bbox 334 765 426 840; x_wconf 75' lang='lat' dir='ltr'>teo.</span> <span class='ocrx_word' id='word_1_19' title='bbox 459 749 608 833; x_wconf 82' lang='lat' dir='ltr'>Totum</span> <span class='ocrx_word' id='word_1_20' title='bbox 640 745 722 830; x_wconf 88' lang='lat' dir='ltr'>boc</span> <span class='ocrx_word' id='word_1_21' title='bbox 745 751 960 831; x_wconf 86' lang='lat' dir='ltr'>nuntiatum</span> <span class='ocrx_word' id='word_1_22' title='bbox 989 741 1064 831; x_wconf 86' lang='lat' dir='ltr'>fuit</span> <span class='ocrx_word' id='word_1_23' title='bbox 1085 744 1294 848; x_wconf 76' lang='lat' dir='ltr'>joachimo</span> <span class='ocrx_word' id='word_1_24' title='bbox 1330 744 1373 831; x_wconf 88' lang='lat' dir='ltr'>in</span> <span class='ocrx_word' id='word_1_25' title='bbox 1400 737 1578 879; x_wconf 38' lang='lat' dir='ltr'>summor</span> <span class='ocrx_word' id='word_1_26' title='bbox 1596 747 1662 859; x_wconf 81' lang='lat' dir='ltr'>qtti</span> 
     </span>
    </p>
   </div>
   <div class='ocr_carea' id='block_1_4' title="bbox 71 853 1078 977">
    <p class='ocr_par' dir='ltr' id='par_1_4' title="bbox 71 853 1078 977">
     <span class='ocr_line' id='line_1_5' title="bbox 71 853 1078 977; baseline -0.009 -23"><span class='ocrx_word' id='word_1_27' title='bbox 71 964 75 975; x_wconf 47' lang='lat'>‚</span> <span class='ocrx_word' id='word_1_28' title='bbox 214 859 286 977; x_wconf 71' lang='lat' dir='ltr'>ipfi</span> <span class='ocrx_word' id='word_1_29' title='bbox 305 857 379 946; x_wconf 85' lang='lat' dir='ltr'>fuit</span> <span class='ocrx_word' id='word_1_30' title='bbox 405 854 586 944; x_wconf 76' lang='lat' dir='ltr'>immiss&#39;ut</span> <span class='ocrx_word' id='word_1_31' title='bbox 608 859 650 943; x_wconf 87' lang='lat' dir='ltr'>in</span> <span class='ocrx_word' id='word_1_32' title='bbox 667 855 789 973; x_wconf 80' lang='lat' dir='ltr'>longa</span> <span class='ocrx_word' id='word_1_33' title='bbox 806 853 870 943; x_wconf 85' lang='lat' dir='ltr'>sua</span> <span class='ocrx_word' id='word_1_34' title='bbox 888 861 1078 945; x_wconf 79' lang='lat' dir='ltr'>oratione.</span> 
     </span>
    </p>
   </div>
   <div class='ocr_carea' id='block_1_5' title="bbox 214 979 1663 1215">
    <p class='ocr_par' dir='ltr' id='par_1_5' title="bbox 214 979 1663 1215">
     <span class='ocr_line' id='line_1_6' title="bbox 337 979 1663 1101; baseline 0.002 -33"><span class='ocrx_word' id='word_1_35' title='bbox 337 1004 431 1079; x_wconf 79' lang='lat'>181.</span> <span class='ocrx_word' id='word_1_36' title='bbox 461 985 613 1071; x_wconf 79' lang='lat' dir='ltr'>Eodem</span> <span class='ocrx_word' id='word_1_37' title='bbox 647 1009 827 1101; x_wconf 87' lang='lat' dir='ltr'>tempore</span> <span class='ocrx_word' id='word_1_38' title='bbox 844 985 985 1072; x_wconf 84' lang='lat' dir='ltr'>orabat</span> <span class='ocrx_word' id='word_1_39' title='bbox 1003 984 1123 1072; x_wconf 79' lang='lat' dir='ltr'>Anna</span> <span class='ocrx_word' id='word_1_40' title='bbox 1136 984 1278 1069; x_wconf 84' lang='lat' dir='ltr'>DEum</span> <span class='ocrx_word' id='word_1_41' title='bbox 1301 1013 1376 1096; x_wconf 88' lang='lat' dir='ltr'>pro</span> <span class='ocrx_word' id='word_1_42' title='bbox 1403 979 1663 1090; x_wconf 84' lang='lat' dir='ltr'>accelerando</span> 
     </span>
     <span class='ocr_line' id='line_1_7' title="bbox 214 1096 1299 1215; baseline 0.002 -29"><span class='ocrx_word' id='word_1_43' title='bbox 214 1100 391 1199; x_wconf 78' lang='lat' dir='ltr'>adventu</span> <span class='ocrx_word' id='word_1_44' title='bbox 415 1096 578 1188; x_wconf 59' lang='lat' dir='ltr'>nemu</span> <span class='ocrx_word' id='word_1_45' title='bbox 606 1097 738 1215; x_wconf 84' lang='lat' dir='ltr'>sthuc</span> <span class='ocrx_word' id='word_1_46' title='bbox 756 1099 918 1187; x_wconf 82' lang='lat' dir='ltr'>orabata</span> <span class='ocrx_word' id='word_1_47' title='bbox 944 1098 1104 1185; x_wconf 85' lang='lat' dir='ltr'><strong>Summe</strong></span> <span class='ocrx_word' id='word_1_48' title='bbox 1123 1099 1205 1184; x_wconf 85' lang='lat' dir='ltr'>Rex</span> <span class='ocrx_word' id='word_1_49' title='bbox 1224 1103 1299 1188; x_wconf 77' lang='lat' dir='ltr'>dcc.</span> 
     </span>
    </p>
   </div>
   <div class='ocr_carea' id='block_1_6' title="bbox 219 1225 1665 1553">
    <p class='ocr_par' dir='ltr' id='par_1_6' title="bbox 219 1225 1665 1553">
     <span class='ocr_line' id='line_1_8' title="bbox 339 1225 1664 1349; baseline -0.002 -28"><span class='ocrx_word' id='word_1_50' title='bbox 339 1253 434 1328; x_wconf 78' lang='lat'>182.</span> <span class='ocrx_word' id='word_1_51' title='bbox 474 1238 621 1321; x_wconf 89' lang='lat' dir='ltr'>Omnia</span> <span class='ocrx_word' id='word_1_52' title='bbox 646 1257 775 1321; x_wconf 86' lang='lat' dir='ltr'>autem</span> <span class='ocrx_word' id='word_1_53' title='bbox 806 1234 889 1321; x_wconf 79' lang='lat' dir='ltr'>haec</span> <span class='ocrx_word' id='word_1_54' title='bbox 915 1229 1143 1319; x_wconf 86' lang='lat' dir='ltr'>conferebat</span> <span class='ocrx_word' id='word_1_55' title='bbox 1167 1232 1286 1317; x_wconf 87' lang='lat' dir='ltr'>Anna</span> <span class='ocrx_word' id='word_1_56' title='bbox 1311 1260 1400 1318; x_wconf 90' lang='lat' dir='ltr'>cum</span> <span class='ocrx_word' id='word_1_57' title='bbox 1422 1226 1572 1349; x_wconf 83' lang='lat' dir='ltr'>angelo</span> <span class='ocrx_word' id='word_1_58' title='bbox 1596 1225 1664 1321; x_wconf 87' lang='lat' dir='ltr'>suu</span> 
     </span>
     <span class='ocr_line' id='line_1_9' title="bbox 220 1341 1665 1463; baseline -0.001 -29"><span class='ocrx_word' id='word_1_59' title='bbox 220 1348 398 1448; x_wconf 80' lang='lat' dir='ltr'>custode,</span> <span class='ocrx_word' id='word_1_60' title='bbox 427 1352 497 1463; x_wconf 90' lang='lat' dir='ltr'>qui</span> <span class='ocrx_word' id='word_1_61' title='bbox 519 1371 611 1433; x_wconf 90' lang='lat' dir='ltr'>tuuc</span> <span class='ocrx_word' id='word_1_62' title='bbox 632 1342 767 1435; x_wconf 83' lang='lat' dir='ltr'>clarius</span> <span class='ocrx_word' id='word_1_63' title='bbox 789 1341 906 1433; x_wconf 82' lang='lat' dir='ltr'>solito</span> <span class='ocrx_word' id='word_1_64' title='bbox 928 1350 966 1431; x_wconf 83' lang='lat' dir='ltr'>ei</span> <span class='ocrx_word' id='word_1_65' title='bbox 987 1370 1232 1463; x_wconf 74' lang='lat' dir='ltr'>apparueratt</span> <span class='ocrx_word' id='word_1_66' title='bbox 1260 1351 1298 1429; x_wconf 79' lang='grc' dir='ltr'>δι</span> <span class='ocrx_word' id='word_1_67' title='bbox 1318 1369 1399 1433; x_wconf 84' lang='lat' dir='ltr'>erat</span> <span class='ocrx_word' id='word_1_68' title='bbox 1417 1346 1665 1459; x_wconf 76' lang='lat' dir='ltr'>occupatam</span> 
     </span>
     <span class='ocr_line' id='line_1_10' title="bbox 219 1457 1186 1553; baseline -0.004 -2"><span class='ocrx_word' id='word_1_69' title='bbox 219 1460 475 1551; x_wconf 74' lang='lat' dir='ltr'>meditatione</span> <span class='ocrx_word' id='word_1_70' title='bbox 492 1462 544 1546; x_wconf 91' lang='lat' dir='ltr'>de</span> <span class='ocrx_word' id='word_1_71' title='bbox 557 1459 688 1553; x_wconf 87' lang='lat' dir='ltr'>fututa</span> <span class='ocrx_word' id='word_1_72' title='bbox 707 1470 831 1547; x_wconf 76' lang='lat' dir='ltr'>matre</span> <span class='ocrx_word' id='word_1_73' title='bbox 850 1457 1001 1548; x_wconf 82' lang='lat' dir='ltr'>Meffiae.</span> <span class='ocrx_word' id='word_1_74' title='bbox 1181 1468 1186 1473; x_wconf 83' lang='grc'><strong>’</strong></span> 
     </span>
    </p>
   </div>
   <div class='ocr_carea' id='block_1_7' title="bbox 48 1580 1708 3518">
    <p class='ocr_par' dir='ltr' id='par_1_7' title="bbox 48 1580 1664 2383">
     <span class='ocr_line' id='line_1_11' title="bbox 340 1580 1663 1702; baseline 0.004 -30"><span class='ocrx_word' id='word_1_75' title='bbox 340 1611 442 1701; x_wconf 61' lang='lat'>¹830,</span> <span class='ocrx_word' id='word_1_76' title='bbox 462 1595 573 1697; x_wconf 79' lang='lat' dir='ltr'>Tunc</span> <span class='ocrx_word' id='word_1_77' title='bbox 597 1593 749 1677; x_wconf 88' lang='lat' dir='ltr'>intravit</span> <span class='ocrx_word' id='word_1_78' title='bbox 772 1592 823 1676; x_wconf 87' lang='lat' dir='ltr'>ad</span> <span class='ocrx_word' id='word_1_79' title='bbox 845 1616 931 1675; x_wconf 87' lang='lat' dir='ltr'>eam</span> <span class='ocrx_word' id='word_1_80' title='bbox 950 1582 1110 1675; x_wconf 83' lang='lat' dir='ltr'>Gabriel</span> <span class='ocrx_word' id='word_1_81' title='bbox 1135 1585 1294 1702; x_wconf 79' lang='lat' dir='ltr'><strong>angelus</strong></span> <span class='ocrx_word' id='word_1_82' title='bbox 1312 1585 1392 1675; x_wconf 88' lang='lat' dir='ltr'>sole</span> <span class='ocrx_word' id='word_1_83' title='bbox 1410 1580 1663 1700; x_wconf 78' lang='lat' dir='ltr'>splendidior,</span> 
     </span>
     <span class='ocr_line' id='line_1_12' title="bbox 220 1698 1663 1930; baseline -0.001 -139"><span class='ocrx_word' id='word_1_84' title='bbox 220 1703 463 1815; x_wconf 69' lang='lat' dir='ltr'>&amp;dicebare</span> <span class='ocrx_word' id='word_1_85' title='bbox 495 1704 623 1803; x_wconf 79' lang='lat' dir='ltr'>Anna,</span> <span class='ocrx_word' id='word_1_86' title='bbox 646 1698 787 1791; x_wconf 77' lang='lat' dir='ltr'>ancilla</span> <span class='ocrx_word' id='word_1_87' title='bbox 809 1698 992 1792; x_wconf 75' lang='lat' dir='ltr'>altiffimit</span> <span class='ocrx_word' id='word_1_88' title='bbox 1018 1704 1136 1788; x_wconf 77' lang='lat' dir='ltr'>DEus</span> <span class='ocrx_word' id='word_1_89' title='bbox 1158 1705 1509 1930; x_wconf 43' lang='lat' dir='ltr'>exaudivifftecct</span> <span class='ocrx_word' id='word_1_90' title='bbox 1533 1728 1619 1789; x_wconf 78' lang='lat' dir='ltr'>naar</span> <span class='ocrx_word' id='word_1_91' title='bbox 1643 1747 1663 1771; x_wconf 93' lang='lat'><strong>·</strong></span> 
     </span>
     <span class='ocr_line' id='line_1_13' title="bbox 217 1810 1664 2044; baseline -0.003 -26"><span class='ocrx_word' id='word_1_92' title='bbox 217 1810 1217 2044; x_wconf 46' lang='lat' dir='ltr'>girrtiduiitctdgdiidnrtosusdlgdepttglffiemddbffler</span> <span class='ocrx_word' id='word_1_93' title='bbox 1229 1820 1362 2041; x_wconf 47' lang='lat' dir='ltr'>pdddet</span> <span class='ocrx_word' id='word_1_94' title='bbox 1373 1841 1664 2015; x_wconf 52' lang='lat' dir='ltr'>easvgtit&#39;rtpiitetceis</span> 
     </span>
     <span class='ocr_line' id='line_1_14' title="bbox 219 2041 1663 2155; baseline -0.003 -25"><span class='ocrx_word' id='word_1_95' title='bbox 219 2050 426 2141; x_wconf 83' lang='lat' dir='ltr'>necionem</span> <span class='ocrx_word' id='word_1_96' title='bbox 444 2042 516 2128; x_wconf 81' lang='lat' dir='ltr'>suat</span> <span class='ocrx_word' id='word_1_97' title='bbox 539 2046 677 2155; x_wconf 75' lang='lat' dir='ltr'>gentiu</span> <span class='ocrx_word' id='word_1_98' title='bbox 759 2045 896 2148; x_wconf 89' lang='lat' dir='ltr'>Judith</span> <span class='ocrx_word' id='word_1_99' title='bbox 918 2069 1144 2155; x_wconf 77' lang='lat' dir='ltr'>perpetres</span> <span class='ocrx_word' id='word_1_100' title='bbox 1174 2041 1468 2152; x_wconf 67' lang='lat' dir='ltr'>confortabatur</span> <span class='ocrx_word' id='word_1_101' title='bbox 1490 2045 1545 2129; x_wconf 90' lang='lat' dir='ltr'>ad</span> <span class='ocrx_word' id='word_1_102' title='bbox 1564 2066 1663 2129; x_wconf 90' lang='lat' dir='ltr'>tanta</span> 
     </span>
     <span class='ocr_line' id='line_1_15' title="bbox 48 2152 1662 2270; baseline 0 -29"><span class='ocrx_word' id='word_1_103' title='bbox 48 2234 52 2241; x_wconf 92' lang='lat'><em>.</em></span> <span class='ocrx_word' id='word_1_104' title='bbox 219 2187 249 2244; x_wconf 93' lang='lat' dir='ltr'>o</span> <span class='ocrx_word' id='word_1_105' title='bbox 278 2184 341 2241; x_wconf 83' lang='lat' dir='ltr'>era</span> <span class='ocrx_word' id='word_1_106' title='bbox 397 2206 414 2221; x_wconf 93' lang='lat'>·</span> <span class='ocrx_word' id='word_1_107' title='bbox 470 2157 603 2240; x_wconf 89' lang='lat' dir='ltr'>David</span> <span class='ocrx_word' id='word_1_108' title='bbox 635 2156 837 2267; x_wconf 84' lang='lat' dir='ltr'>superabat</span> <span class='ocrx_word' id='word_1_109' title='bbox 875 2152 1038 2242; x_wconf 81' lang='lat' dir='ltr'>Goliath</span> <span class='ocrx_word' id='word_1_110' title='bbox 1075 2161 1169 2270; x_wconf 87' lang='lat' dir='ltr'>quia</span> <span class='ocrx_word' id='word_1_111' title='bbox 1207 2161 1403 2242; x_wconf 86' lang='lat' dir='ltr'>invocavit</span> <span class='ocrx_word' id='word_1_112' title='bbox 1431 2158 1662 2241; x_wconf 85' lang='lat' dir='ltr'>Dominum.</span> 
     </span>
     <span class='ocr_line' id='line_1_16' title="bbox 219 2187 1664 2383; baseline -0.002 -25"><span class='ocrx_word' id='word_1_113' title='bbox 219 2187 322 2358; x_wconf 65' lang='lat' dir='ltr'>nitas</span> <span class='ocrx_word' id='word_1_114' title='bbox 339 2295 409 2380; x_wconf 83' lang='lat' dir='ltr'>per</span> <span class='ocrx_word' id='word_1_115' title='bbox 427 2272 645 2353; x_wconf 87' lang='lat' dir='ltr'>orationem</span> <span class='ocrx_word' id='word_1_116' title='bbox 669 2269 833 2355; x_wconf 83' lang='lat' dir='ltr'>detraxit</span> <span class='ocrx_word' id='word_1_117' title='bbox 852 2273 985 2383; x_wconf 84' lang='lat' dir='ltr'>ignem</span> <span class='ocrx_word' id='word_1_118' title='bbox 1006 2295 1031 2353; x_wconf 85' lang='lat' dir='ltr'>e</span> <span class='ocrx_word' id='word_1_119' title='bbox 1051 2267 1182 2369; x_wconf 87' lang='lat' dir='ltr'>coelo,</span> <span class='ocrx_word' id='word_1_120' title='bbox 1208 2275 1248 2352; x_wconf 74' lang='grc' dir='ltr'>ἃ</span> <span class='ocrx_word' id='word_1_121' title='bbox 1280 2265 1410 2359; x_wconf 82' lang='lat' dir='ltr'>claufit</span> <span class='ocrx_word' id='word_1_122' title='bbox 1429 2265 1578 2355; x_wconf 81' lang='lat' dir='ltr'>coelum</span> <span class='ocrx_word' id='word_1_123' title='bbox 1601 2287 1664 2355; x_wconf 86' lang='lat' dir='ltr'>aut</span> 
     </span>
    </p>

    <p class='ocr_par' dir='ltr' id='par_1_8' title="bbox 92 2376 1708 3518">
     <span class='ocr_line' id='line_1_17' title="bbox 92 2376 1664 2497; baseline -0.003 -26"><span class='ocrx_word' id='word_1_124' title='bbox 92 2400 97 2407; x_wconf 84' lang='grc'><strong>“</strong></span> <span class='ocrx_word' id='word_1_125' title='bbox 221 2387 386 2497; x_wconf 87' lang='lat' dir='ltr'>aperuit.</span> <span class='ocrx_word' id='word_1_126' title='bbox 465 2377 684 2481; x_wconf 60' lang='lat' dir='ltr'>Humilitan</span> <span class='ocrx_word' id='word_1_127' title='bbox 704 2379 803 2467; x_wconf 83' lang='lat' dir='ltr'>fides</span> <span class='ocrx_word' id='word_1_128' title='bbox 810 2386 883 2485; x_wconf 79' lang='lat' dir='ltr'>,dt</span> <span class='ocrx_word' id='word_1_129' title='bbox 908 2376 1156 2469; x_wconf 82' lang='lat' dir='ltr'>Eleemostnae</span> <span class='ocrx_word' id='word_1_130' title='bbox 1177 2384 1392 2487; x_wconf 77' lang='lat' dir='ltr'>joachimi,</span> <span class='ocrx_word' id='word_1_131' title='bbox 1416 2405 1574 2497; x_wconf 84' lang='lat' dir='ltr'>tuaeque</span> <span class='ocrx_word' id='word_1_132' title='bbox 1600 2408 1664 2468; x_wconf 88' lang='lat' dir='ltr'>ve·</span> 
     </span>
     <span class='ocr_line' id='line_1_18' title="bbox 100 2491 1664 2611; baseline -0.003 -26"><span class='ocrx_word' id='word_1_133' title='bbox 100 2523 105 2531; x_wconf 86' lang='lat'>·</span> <span class='ocrx_word' id='word_1_134' title='bbox 221 2521 361 2585; x_wconf 85' lang='lat' dir='ltr'>nerunt</span> <span class='ocrx_word' id='word_1_135' title='bbox 382 2494 434 2581; x_wconf 90' lang='lat' dir='ltr'>ad</span> <span class='ocrx_word' id='word_1_136' title='bbox 452 2497 635 2582; x_wconf 89' lang='lat' dir='ltr'>thronum</span> <span class='ocrx_word' id='word_1_137' title='bbox 657 2498 749 2583; x_wconf 83' lang='lat' dir='ltr'>DEI</span> <span class='ocrx_word' id='word_1_138' title='bbox 775 2542 793 2563; x_wconf 94' lang='lat'><strong>·</strong></span> <span class='ocrx_word' id='word_1_139' title='bbox 822 2497 962 2583; x_wconf 82' lang='lat' dir='ltr'><strong>DEUS</strong></span> <span class='ocrx_word' id='word_1_140' title='bbox 989 2493 1107 2610; x_wconf 86' lang='lat' dir='ltr'>elegit</span> <span class='ocrx_word' id='word_1_141' title='bbox 1129 2501 1231 2582; x_wconf 90' lang='lat' dir='ltr'>rein</span> <span class='ocrx_word' id='word_1_142' title='bbox 1251 2520 1412 2580; x_wconf 88' lang='lat' dir='ltr'>matrem</span> <span class='ocrx_word' id='word_1_143' title='bbox 1435 2491 1553 2594; x_wconf 77' lang='lat' dir='ltr'>illius,</span> <span class='ocrx_word' id='word_1_144' title='bbox 1581 2523 1664 2611; x_wconf 83' lang='lat' dir='ltr'>quae</span> 
     </span>
     <span class='ocr_line' id='line_1_19' title="bbox 220 2608 1664 2726; baseline -0.002 -30"><span class='ocrx_word' id='word_1_145' title='bbox 220 2615 389 2726; x_wconf 84' lang='lat' dir='ltr'>paritura</span> <span class='ocrx_word' id='word_1_146' title='bbox 414 2611 469 2694; x_wconf 86' lang='lat' dir='ltr'>est</span> <span class='ocrx_word' id='word_1_147' title='bbox 494 2612 742 2724; x_wconf 83' lang='lat' dir='ltr'>Unigenitum</span> <span class='ocrx_word' id='word_1_148' title='bbox 762 2613 897 2696; x_wconf 79' lang='lat' dir='ltr'>Patris.</span> <span class='ocrx_word' id='word_1_149' title='bbox 983 2614 1112 2696; x_wconf 81' lang='lat' dir='ltr'>Panes</span> <span class='ocrx_word' id='word_1_150' title='bbox 1140 2608 1271 2710; x_wconf 74' lang='lat' dir='ltr'>filiam,</span> <span class='ocrx_word' id='word_1_151' title='bbox 1293 2636 1380 2723; x_wconf 84' lang='lat' dir='ltr'>quae</span> <span class='ocrx_word' id='word_1_152' title='bbox 1403 2610 1535 2695; x_wconf 89' lang='lat' dir='ltr'>divina</span> <span class='ocrx_word' id='word_1_153' title='bbox 1559 2610 1664 2695; x_wconf 87' lang='lat' dir='ltr'>ordi·</span> 
     </span>
     <span class='ocr_line' id='line_1_20' title="bbox 222 2719 1663 2824; baseline -0.003 -12"><span class='ocrx_word' id='word_1_154' title='bbox 222 2729 382 2812; x_wconf 90' lang='lat' dir='ltr'>natione</span> <span class='ocrx_word' id='word_1_155' title='bbox 404 2724 564 2809; x_wconf 85' lang='lat' dir='ltr'>habebit</span> <span class='ocrx_word' id='word_1_156' title='bbox 590 2753 741 2810; x_wconf 86' lang='lat' dir='ltr'>nomeu</span> <span class='ocrx_word' id='word_1_157' title='bbox 767 2727 918 2813; x_wconf 71' lang='lat' dir='ltr'>Marino</span> <span class='ocrx_word' id='word_1_158' title='bbox 962 2727 1034 2808; x_wconf 90' lang='lat' dir='ltr'>erit</span> <span class='ocrx_word' id='word_1_159' title='bbox 1054 2723 1261 2808; x_wconf 71' lang='lat' dir='ltr'>benedicta</span> <span class='ocrx_word' id='word_1_160' title='bbox 1279 2729 1378 2807; x_wconf 87' lang='lat' dir='ltr'>inter</span> <span class='ocrx_word' id='word_1_161' title='bbox 1404 2719 1598 2824; x_wconf 84' lang='lat' dir='ltr'>mulieres,</span> <span class='ocrx_word' id='word_1_162' title='bbox 1625 2728 1663 2807; x_wconf 77' lang='lat' dir='ltr'>u</span> 
     </span>
     <span class='ocr_line' id='line_1_21' title="bbox 221 2832 1665 2949; baseline -0.003 -24"><span class='ocrx_word' id='word_1_163' title='bbox 221 2834 370 2949; x_wconf 86' lang='lat' dir='ltr'>repieta</span> <span class='ocrx_word' id='word_1_164' title='bbox 385 2832 532 2949; x_wconf 81' lang='lat' dir='ltr'>Spiritu</span> <span class='ocrx_word' id='word_1_165' title='bbox 553 2839 711 2923; x_wconf 64' lang='lat' dir='ltr'>Sanno.</span> <span class='ocrx_word' id='word_1_166' title='bbox 794 2838 875 2923; x_wconf 81' lang='lat' dir='ltr'>Erit</span> <span class='ocrx_word' id='word_1_167' title='bbox 904 2835 1043 2934; x_wconf 80' lang='lat' dir='ltr'>nubes,</span> <span class='ocrx_word' id='word_1_168' title='bbox 1065 2838 1171 2921; x_wconf 90' lang='lat' dir='ltr'>unde</span> <span class='ocrx_word' id='word_1_169' title='bbox 1196 2832 1358 2948; x_wconf 86' lang='lat' dir='ltr'>depluct</span> <span class='ocrx_word' id='word_1_170' title='bbox 1377 2863 1444 2921; x_wconf 87' lang='lat' dir='ltr'>ros</span> <span class='ocrx_word' id='word_1_171' title='bbox 1467 2834 1574 2934; x_wconf 81' lang='lat' dir='ltr'>coeli,</span> <span class='ocrx_word' id='word_1_172' title='bbox 1597 2840 1665 2922; x_wconf 86' lang='lat' dir='ltr'>erit</span> 
     </span>
     <span class='ocr_line' id='line_1_22' title="bbox 223 2945 1664 3067; baseline -0.002 -31"><span class='ocrx_word' id='word_1_173' title='bbox 223 2976 340 3067; x_wconf 81' lang='lat' dir='ltr'>porta</span> <span class='ocrx_word' id='word_1_174' title='bbox 359 2953 460 3045; x_wconf 77' lang='lat' dir='ltr'>vitre,</span> <span class='ocrx_word' id='word_1_175' title='bbox 482 2952 520 3032; x_wconf 80' lang='lat' dir='ltr'>dt</span> <span class='ocrx_word' id='word_1_176' title='bbox 544 2945 640 3034; x_wconf 78' lang='lat' dir='ltr'>salut</span> <span class='ocrx_word' id='word_1_177' title='bbox 655 2945 826 3035; x_wconf 80' lang='lat' dir='ltr'>filiorum</span> <span class='ocrx_word' id='word_1_178' title='bbox 843 2950 982 3035; x_wconf 80' lang='lat' dir='ltr'>Adam.</span> <span class='ocrx_word' id='word_1_179' title='bbox 1064 2952 1271 3053; x_wconf 88' lang='lat' dir='ltr'>Joachimo</span> <span class='ocrx_word' id='word_1_180' title='bbox 1293 2949 1458 3061; x_wconf 87' lang='lat' dir='ltr'>quidem</span> <span class='ocrx_word' id='word_1_181' title='bbox 1480 2953 1664 3047; x_wconf 87' lang='lat' dir='ltr'>nuntiavi,</span> 
     </span>
     <span class='ocr_line' id='line_1_23' title="bbox 222 3058 1665 3182; baseline -0.001 -33"><span class='ocrx_word' id='word_1_182' title='bbox 222 3063 341 3182; x_wconf 86' lang='lat' dir='ltr'>quod</span> <span class='ocrx_word' id='word_1_183' title='bbox 358 3061 555 3148; x_wconf 84' lang='lat' dir='ltr'>habiturus</span> <span class='ocrx_word' id='word_1_184' title='bbox 580 3062 677 3148; x_wconf 79' lang='lat' dir='ltr'>effer</span> <span class='ocrx_word' id='word_1_185' title='bbox 694 3059 811 3147; x_wconf 87' lang='lat' dir='ltr'>filiam</span> <span class='ocrx_word' id='word_1_186' title='bbox 835 3062 988 3148; x_wconf 84' lang='lat' dir='ltr'>beatam</span> <span class='ocrx_word' id='word_1_187' title='bbox 1007 3088 1052 3146; x_wconf 90' lang='lat' dir='ltr'>ac</span> <span class='ocrx_word' id='word_1_188' title='bbox 1072 3063 1343 3163; x_wconf 72' lang='lat' dir='ltr'>benedidiam3</span> <span class='ocrx_word' id='word_1_189' title='bbox 1381 3058 1450 3147; x_wconf 91' lang='lat' dir='ltr'>sed</span> <span class='ocrx_word' id='word_1_190' title='bbox 1472 3064 1665 3149; x_wconf 79' lang='lat' dir='ltr'>Dominus</span> 
     </span>
     <span class='ocr_line' id='line_1_24' title="bbox 205 3173 1708 3291; baseline -0.001 -23"><span class='ocrx_word' id='word_1_191' title='bbox 205 3179 294 3291; x_wconf 80' lang='lat' dir='ltr'>ipsi</span> <span class='ocrx_word' id='word_1_192' title='bbox 324 3174 527 3261; x_wconf 85' lang='lat' dir='ltr'>abscondit</span> <span class='ocrx_word' id='word_1_193' title='bbox 556 3176 635 3261; x_wconf 91' lang='lat' dir='ltr'>hoc</span> <span class='ocrx_word' id='word_1_194' title='bbox 659 3179 909 3288; x_wconf 88' lang='lat' dir='ltr'>mysterium,</span> <span class='ocrx_word' id='word_1_195' title='bbox 935 3178 1049 3289; x_wconf 88' lang='lat' dir='ltr'>quod</span> <span class='ocrx_word' id='word_1_196' title='bbox 1082 3173 1174 3263; x_wconf 79' lang='lat' dir='ltr'>eiset</span> <span class='ocrx_word' id='word_1_197' title='bbox 1202 3174 1329 3260; x_wconf 85' lang='lat' dir='ltr'>futura</span> <span class='ocrx_word' id='word_1_198' title='bbox 1364 3198 1489 3261; x_wconf 87' lang='lat' dir='ltr'>mater</span> <span class='ocrx_word' id='word_1_199' title='bbox 1512 3175 1664 3263; x_wconf 75' lang='lat' dir='ltr'>Media.</span> <span class='ocrx_word' id='word_1_200' title='bbox 1701 3252 1708 3266; x_wconf 91' lang='lat'><strong>.</strong></span> 
     </span>
     <span class='ocr_line' id='line_1_25' title="bbox 222 3286 1666 3405; baseline -0.003 -27"><span class='ocrx_word' id='word_1_201' title='bbox 222 3297 364 3405; x_wconf 87' lang='lat' dir='ltr'>Itaque</span> <span class='ocrx_word' id='word_1_202' title='bbox 385 3294 465 3385; x_wconf 82' lang='lat' dir='ltr'>hoc</span> <span class='ocrx_word' id='word_1_203' title='bbox 487 3290 705 3402; x_wconf 85' lang='lat' dir='ltr'>mysterium</span> <span class='ocrx_word' id='word_1_204' title='bbox 732 3286 855 3375; x_wconf 82' lang='lat' dir='ltr'>ferves</span> <span class='ocrx_word' id='word_1_205' title='bbox 883 3295 925 3373; x_wconf 91' lang='lat' dir='ltr'>in</span> <span class='ocrx_word' id='word_1_206' title='bbox 962 3289 1083 3374; x_wconf 87' lang='lat' dir='ltr'>corde</span> <span class='ocrx_word' id='word_1_207' title='bbox 1119 3318 1203 3376; x_wconf 89' lang='lat' dir='ltr'>tuo.</span> <span class='ocrx_word' id='word_1_208' title='bbox 1286 3292 1408 3372; x_wconf 89' lang='lat' dir='ltr'>Nunc</span> <span class='ocrx_word' id='word_1_209' title='bbox 1430 3293 1526 3377; x_wconf 86' lang='lat' dir='ltr'>cito·</span> <span class='ocrx_word' id='word_1_210' title='bbox 1540 3316 1604 3375; x_wconf 82' lang='lat' dir='ltr'>eas</span> <span class='ocrx_word' id='word_1_211' title='bbox 1626 3293 1666 3373; x_wconf 88' lang='lat' dir='ltr'>in</span> 
     </span>
     <span class='ocr_line' id='line_1_26' title="bbox 221 3399 1667 3518; baseline -0.001 -27"><span class='ocrx_word' id='word_1_212' title='bbox 221 3399 432 3515; x_wconf 65' lang='lat' dir='ltr'>fremphnn</span> <span class='ocrx_word' id='word_1_213' title='bbox 457 3454 474 3470; x_wconf 93' lang='lat'><strong>·</strong></span> <span class='ocrx_word' id='word_1_214' title='bbox 500 3404 728 3515; x_wconf 84' lang='lat' dir='ltr'>adponam</span> <span class='ocrx_word' id='word_1_215' title='bbox 758 3429 914 3489; x_wconf 78' lang='lat' dir='ltr'>auream</span> <span class='ocrx_word' id='word_1_216' title='bbox 936 3429 1114 3493; x_wconf 88' lang='lat' dir='ltr'>occurret</span> <span class='ocrx_word' id='word_1_217' title='bbox 1135 3405 1206 3491; x_wconf 90' lang='lat' dir='ltr'>tibi</span> <span class='ocrx_word' id='word_1_218' title='bbox 1220 3403 1435 3504; x_wconf 76' lang='lat' dir='ltr'>Joachim,</span> <span class='ocrx_word' id='word_1_219' title='bbox 1463 3430 1553 3490; x_wconf 90' lang='lat' dir='ltr'>cum</span> <span class='ocrx_word' id='word_1_220' title='bbox 1583 3429 1667 3518; x_wconf 77' lang='lat' dir='ltr'>quo</span> 
     </span>
    </p>
   </div>
   <div class='ocr_carea' id='block_1_8' title="bbox 52 3511 651 3606">
    <p class='ocr_par' dir='ltr' id='par_1_9' title="bbox 52 3511 651 3606">
     <span class='ocr_line' id='line_1_27' title="bbox 52 3511 651 3606; baseline 0.002 -3"><span class='ocrx_word' id='word_1_221' title='bbox 52 3593 62 3603; x_wconf 91' lang='lat'><strong>.</strong></span> <span class='ocrx_word' id='word_1_222' title='bbox 224 3520 279 3606; x_wconf 90' lang='lat' dir='ltr'>de</span> <span class='ocrx_word' id='word_1_223' title='bbox 298 3519 372 3602; x_wconf 83' lang='lat' dir='ltr'>htc</span> <span class='ocrx_word' id='word_1_224' title='bbox 397 3543 440 3601; x_wconf 90' lang='lat' dir='ltr'>re</span> <span class='ocrx_word' id='word_1_225' title='bbox 462 3511 651 3604; x_wconf 83' lang='lat' dir='ltr'>conferas.</span> 
     </span>
    </p>
   </div>
   <div class='ocr_carea' id='block_1_9' title="bbox 105 3590 1669 4018">
    <p class='ocr_par' dir='ltr' id='par_1_10' title="bbox 105 3590 1669 4018">
     <span class='ocr_line' id='line_1_28' title="bbox 346 3590 1668 3776; baseline 0 -31"><span class='ocrx_word' id='word_1_226' title='bbox 346 3683 441 3762; x_wconf 71' lang='grc' dir='ltr'>ης.</span> <span class='ocrx_word' id='word_1_227' title='bbox 470 3664 560 3746; x_wconf 87' lang='lat' dir='ltr'>Nec</span> <span class='ocrx_word' id='word_1_228' title='bbox 579 3662 712 3760; x_wconf 80' lang='lat' dir='ltr'>DEut,</span> <span class='ocrx_word' id='word_1_229' title='bbox 733 3654 808 3745; x_wconf 81' lang='lat' dir='ltr'>ne&#39;c</span> <span class='ocrx_word' id='word_1_230' title='bbox 826 3600 942 3746; x_wconf 84' lang='lat' dir='ltr'>Anna</span> <span class='ocrx_word' id='word_1_231' title='bbox 963 3688 1132 3775; x_wconf 87' lang='lat' dir='ltr'>unquam</span> <span class='ocrx_word' id='word_1_232' title='bbox 1150 3664 1298 3773; x_wconf 88' lang='lat' dir='ltr'>aperuit</span> <span class='ocrx_word' id='word_1_233' title='bbox 1312 3590 1536 3764; x_wconf 83' lang='lat' dir='ltr'>Joachinto,</span> <span class='ocrx_word' id='word_1_234' title='bbox 1556 3661 1668 3776; x_wconf 88' lang='lat' dir='ltr'>quod</span> 
     </span>
     <span class='ocr_line' id='line_1_29' title="bbox 105 3770 1669 3888; baseline 0.003 -28"><span class='ocrx_word' id='word_1_235' title='bbox 105 3770 119 3791; x_wconf 74' lang='lat'><em>&#39;</em></span> <span class='ocrx_word' id='word_1_236' title='bbox 211 3780 306 3884; x_wconf 83' lang='lat' dir='ltr'>-ejus</span> <span class='ocrx_word' id='word_1_237' title='bbox 323 3773 403 3860; x_wconf 87' lang='lat' dir='ltr'>filia</span> <span class='ocrx_word' id='word_1_238' title='bbox 429 3801 603 3888; x_wconf 87' lang='lat' dir='ltr'>unquam</span> <span class='ocrx_word' id='word_1_239' title='bbox 628 3771 721 3860; x_wconf 78' lang='lat' dir='ltr'>effer</span> <span class='ocrx_word' id='word_1_240' title='bbox 746 3771 873 3859; x_wconf 87' lang='lat' dir='ltr'>futura</span> <span class='ocrx_word' id='word_1_241' title='bbox 902 3801 1023 3861; x_wconf 88' lang='lat' dir='ltr'>mater</span> <span class='ocrx_word' id='word_1_242' title='bbox 1048 3774 1209 3873; x_wconf 65' lang='lat' dir='ltr'>Medum,</span> <span class='ocrx_word' id='word_1_243' title='bbox 1237 3777 1440 3886; x_wconf 88' lang='lat' dir='ltr'>usquead</span> <span class='ocrx_word' id='word_1_244' title='bbox 1471 3773 1669 3864; x_wconf 79' lang='lat' dir='ltr'>articulum</span> 
     </span>
     <span class='ocr_line' id='line_1_30' title="bbox 227 3887 1420 4018; baseline -0.002 -40"><span class='ocrx_word' id='word_1_245' title='bbox 227 3890 381 3981; x_wconf 72' lang='lat' dir='ltr'>mortiet</span> <span class='ocrx_word' id='word_1_246' title='bbox 410 3912 503 3977; x_wconf 89' lang='lat' dir='ltr'>tunc</span> <span class='ocrx_word' id='word_1_247' title='bbox 527 3893 630 3976; x_wconf 81' lang='lat' dir='ltr'>cuim</span> <span class='ocrx_word' id='word_1_248' title='bbox 651 3892 768 3980; x_wconf 70' lang='lat' dir='ltr'>otus</span> <span class='ocrx_word' id='word_1_249' title='bbox 788 3890 857 4001; x_wconf 84' lang='lat' dir='ltr'>ipfi</span> <span class='ocrx_word' id='word_1_250' title='bbox 881 3887 1065 4018; x_wconf 85' lang='lat' dir='ltr'>revelavit</span> <span class='ocrx_word' id='word_1_251' title='bbox 1083 3894 1163 3976; x_wconf 86' lang='lat' dir='ltr'>hoc</span> <span class='ocrx_word' id='word_1_252' title='bbox 1187 3891 1420 4001; x_wconf 83' lang='lat' dir='ltr'>mysterium.</span> 
     </span>
    </p>
   </div>
   <div class='ocr_carea' id='block_1_10' title="bbox 1580 4133 1668 4215">
    <p class='ocr_par' dir='ltr' id='par_1_11' title="bbox 1580 4133 1668 4215">
     <span class='ocr_line' id='line_1_31' title="bbox 1580 4133 1668 4215; baseline -0.034 -7"><span class='ocrx_word' id='word_1_253' title='bbox 1580 4133 1668 4215; x_wconf 75' lang='lat'>186.</span> 
     </span>
    </p>
   </div>
   <div class='ocr_carea' id='block_1_11' title="bbox 0 0 1921 4994">
    <p class='ocr_par' dir='ltr' id='par_1_12' title="bbox 0 0 1921 4994">
     <span class='ocr_line' id='line_1_32' title="bbox 0 0 1921 4994; baseline 0 0"><span class='ocrx_word' id='word_1_254' title='bbox 0 0 1921 4994; x_wconf 95' lang='lat' dir='ltr'> </span> 
     </span>
    </p>
   </div>
  </div>
 </body>
</html>
