3796 4994
555 342 665 461 480
812 288 1102 453 Perferiones
1117 310 1174 433 Θ
1185 318 1293 421 ulra
1309 311 1474 424 Marii
1489 312 1544 422 de
1560 317 1760 459 Agrede.

684 556 751 637 3²·
785 528 830 615 ln
851 530 897 614 Β.
912 532 1073 646 Virgine
1092 522 1242 642 semper
1258 548 1462 613 creverunt
1480 532 1634 643 gratie,
1660 552 1804 645 utque
1826 521 1857 614 d
1884 573 1898 600 ιι

370 736 377 749 ,
562 648 672 735 venit
691 642 744 731 ad
757 636 947 731 summum
970 648 1155 732 verricem
1177 640 1395 729 sanditatir.

946 821 1184 933 Praefatio
1208 822 1273 932 ad
1303 820 1520 930 Librum
1548 822 1632 931 lli.

421 1012 428 1023 '
508 938 522 952 a
568 1020 605 1081 r.
631 984 876 1189 Domine
897 976 1130 1111 Deuenum'
1148 986 1377 1119 pergem-oin
1395 978 1629 1119 scribendo?
1652 986 1792 1089 Mater
1812 1009 1898 1101 gra

769 1100 870 1187 clara
888 1090 1238 1207 mssuoluntatem
1265 1096 1334 1183 filu
1354 1123 1423 1187 tut.

682 1247 723 1306 a.
751 1221 859 1302 Deus
875 1214 1023 1329 semper
1041 1218 1135 1301 milri
1154 1214 1352 1327 respondit
1368 1217 1464 1297 invo
1513 1216 1568 1297 nti
1588 1206 1639 1299 se.

565 1360 738 1531 ..n
751 1238 1853 1638 euertetlhuulussetuer

559 1559 730 1644 verbum
747 1553 933 1656 scribam,
952 1581 1019 1643 aut
1044 1552 1207 1645 scribere
1229 1560 1414 1669 cogitem,
1435 1580 1490 1669 qu
1504 1578 1531 1638 n
1543 1540 1674 1667 plures
1699 1580 1780 1669 exp

564 1676 709 1773 tiones,
737 1670 858 1787 quim
884 1670 957 1757 srnt
976 1664 1143 1785 syllaba,
1169 1694 1267 1786 quat
1288 1667 1427 1753 scribo.
1484 1664 1673 1783 proposui
1694 1670 1794 1755 Deo
1893 1708 1898 1739 ·

563 1810 730 1901 partem,
750 1800 807 1873 uti
826 1782 1046 1873 obtuleram
1065 1789 1244 1898 primam.
1297 1781 1538 1867 obedientia
1549 1784 1663 1865 bmni
1689 1784 1826 1895 rigore
1848 1814 1890 1869 m

564 1904 624 2013 git
643 1899 696 1985 ad
718 1896 958 1987 scribendam
980 1904 1097 1985 etiam
1118 1902 1269 1983 tertiam
1291 1921 1452 2009 partem.
1522 1900 1614 1980 Hoc
1639 1922 1722 1981 non
1750 1898 1895 1985 obstan

563 2039 671 2127 quot
698 2013 838 2101 diebus
862 2012 1032 2123 jauebar
1052 2018 1154 2100 inter
1169 2014 1453 2127 cogitationum
1478 2014 1679 2096 condidus
1698 2032 1818 2129 tanq
1842 2057 1872 2088 s.

566 2124 654 2213 cuda
668 2129 772 2216 inter
792 2133 945 2214 flodus.
1185 2160 1188 2167 ¹
1703 2156 1707 2167 ·

949 2262 1030 2326 atre
1043 2240 1153 2325 Deus
1172 2239 1267 2323 mihi
1287 2234 1499 2352 respondit,
1515 2260 1560 2323 ut

683 2274 726 2341 4
756 2244 907 2327 Exuno
1609 2236 1812 2355 ergeremt
1843 2266 1873 2354 q

566 2354 648 2439 hoc
669 2352 893 2440 mandatum
916 2270 999 2439 liei
1015 2348 1225 2468 aliquoties
1247 2348 1449 2471 celaverim
1467 2379 1559 2437 meo
1578 2267 1846 2475 slonfessario.

565 2462 620 2553 lin
639 2491 750 2581 parte
776 2467 995 2555 avocabant
1016 2473 1228 2585 annumeres
1247 2494 1335 2582 quae
1357 2494 1409 2553 eo
1427 2470 1549 2580 magis
1564 2444 1807 2570 'lieslbbrnn
1823 2494 1898 2585 qu

564 2585 654 2697 pius
673 2566 907 2683 accedffin
929 2582 982 2669 ad
1004 2572 1122 2669 sinim
1141 2585 1253 2691 liujus
1278 2586 1421 2697 operis.
1580 2578 1602 2627 ·'·
1620 2574 1698 2647 W

691 2727 728 2801 ς.
773 2700 878 2783 Inter
913 2700 982 2784 hat
1012 2701 1224 2783 anxietates
1264 2692 1477 2782 clamabam
1515 2692 1570 2781 ad
1598 2696 1824 2783 Dominum
1861 2696 1889 2781 d

565 2807 772 2909 Domine,
807 2837 1032 2927 conqueror
1054 2813 1106 2896 de
1125 2836 1180 2899 re.
1245 2810 1329 2897 Aut
1356 2816 1459 2897 enim
1485 2813 1681 2929 ptaen‘pir,
1734 2810 1822 2896 uod
1841 2816 1895 2896 mi

565 2919 819 3037 impossibile,
850 2951 917 3010 aut
947 2925 1096 3039 prebes
1128 2918 1309 3010 auxilium
1330 2920 1494 3010 inimicis
1514 2922 1634 3029 ιιίὲίι,Ι
1648 2840 1784 3011 utlnr
1806 2923 1897 3013 mal

565 3037 794 3152 impediant.
845 3045 957 3126 Deus
977 3034 1195 3153 respondis:
1220 3088 1240 3105 ·
1297 3038 1419 3124 debes
1442 3068 1468 3151 p
1541 3034 1630 3125 a‘tit'
1650 3038 1758 3119 ¹:⁰³⁰*

683 3168 724 3241 6.
751 3156 893 3240 Secuta
912 3156 966 3239 cst
984 3155 1076 3242 dein
1093 3157 1134 3239 in
1152 3180 1216 3239 me
1234 3158 1399 3239 maxima
1423 3153 1517 3238 deso
1533 3146 1635 3240 atio‘t
1664 3176 1852 3268 preterea
1870 3158 1879 3175 ⁶

563 3274 734 3381 'corpore
759 3263 852 3356 sensi
872 3292 1019 3355 tantam
1048 3271 1290 3356 vivacitatem
1316 3260 1464 3367 sensus,
1500 3271 1680 3354 ucetiam
1702 3263 1826 3354 serisii
1868 3315 1878 3328 „

566 3378 729 3467 cultores
750 3385 845 3469 mihi
865 3381 1008 3470 fuerint
1035 3379 1118 3469 vise
1141 3378 1418 3469 intolerabiles.
1473 3378 1826 3467 Mortificationum
1848 3412 1898 3468 o·

564 3518 637 3578 nes
660 3494 754 3582 mibi
781 3522 891 3583 erant
912 3492 1122 3589 terribilem
1163 3501 1203 3581 dt
1223 3498 1352 3581 omnis
1380 3489 1500 3580 dolor
1514 3492 1718 3583 videbatur
1737 3496 1890 3610 quafil

562 3605 721 3696 uulnus.
774 3607 982 3724 Disciplina
1001 3606 1241 3725 flagellorum
1269 3634 1350 3697 erat
1377 3610 1472 3693 mihi
1498 3613 1539 3694 in
1558 3604 1805 3722 deliquium,
1829 3618 1873 3697 de

562 3722 664 3807 idus
682 3721 977 3812 indivisionem
1002 3726 1148 3827 cordis.
1221 3727 1327 3810 Dico
1352 3721 1433 3809 fine
1461 3718 1791 3836 amplificatione,
1813 3754 1898 3841 qu

560 3832 665 3922 solus
686 3848 849 3925 atradue
868 3844 979 3925 unius
994 3866 1131 3925 manus
1148 3837 1200 3925 ad
1229 3834 1387 3925 alteram
1409 3836 1503 3921 mihi
1525 3864 1575 3922 ex
1595 3833 1720 3923 oculis
1740 3837 1898 3927 extors-

561 3952 737 4037 chritum.
804 3957 969 4067 Experto
988 3958 1104 4039 eriam
1124 3950 1222 4051 sum,
1244 3951 1360 4066 quod
1380 3978 1470 4037 cum
1488 3978 1555 4039 mc
1574 3978 1763 4065 cogerem
1792 3958 1851 4043 ad
1882 4001 1883 4006 ι

559 4066 803 4178 patiendum,
823 4066 973 4181 sanguis
988 4094 1037 4151 ex
1060 4066 1255 4182 unguibus
1277 4089 1433 4151 manum
1455 4072 1687 4179 proruperit.

680 4206 746 4297 ra.
772 4176 943 4298 Aliquot
964 4184 1089 4284 arms,
1108 4186 1336 4298 priusquam
1354 4183 1435 4296 boc
1452 4180 1657 4303 scriberem
1671 4182 1791 4273 Deus
1822 4229 1845 4264 ..
1879 4231 1885 4265 .
