3796 4994
220 301 317 429 176
655 304 828 435 Regula
848 335 906 401 ex
928 308 973 403 S.
1001 292 1211 439 uberefia.

215 532 259 590 ut
283 500 376 590 aliis
390 501 565 617 pluribus
587 508 696 589 annis
718 532 851 590 earum
877 534 950 594 nec
978 502 1213 591 millefimam
1242 524 1389 617 partem
1421 499 1547 586 studio
1567 524 1660 614 pro·

211 625 299 733 prio
328 617 509 730 potuisset
538 615 693 734 assequi.
761 621 879 703 Haud
915 620 1098 733 equidem
1131 619 1230 715 scio,
1256 640 1383 700 utrum
1407 641 1501 698 tunc
1528 616 1659 696 omnia

214 729 279 818 illa
308 734 534 844 contingant
559 736 597 814 in
628 758 818 844 corporea
845 735 956 847 quod
985 735 1081 815 verb
1102 759 1168 816 me
1184 736 1334 828 attinet,
1362 750 1465 812 certa
1490 728 1588 812 mihi
1606 729 1660 808 vi·

212 845 334 941 deor,
356 849 522 927 animam
546 840 621 929 esse
639 851 679 928 in
707 873 776 930 cor
805 874 894 944 ore,
926 872 999 929 nec
1026 871 1176 956 ,corpus
1207 841 1282 926 else
1307 842 1386 925 fine
1414 846 1553 925 anima.
1612 832 1657 918 ll·

189 955 285 1042 ‚lud
310 956 484 1069 denique
503 985 576 1066 pro
596 985 703 1041 cetto
729 985 748 1041 a
791 987 891 1057 rmo,
914 983 1060 1072 quanta
1078 955 1270 1040 celeritate
1289 949 1432 1067 globus
1452 949 1658 1063 plumbeus

213 1066 345 1155 evolat
366 1098 414 1153 ex
430 1065 606 1180 sdopeto
622 1068 799 1182 exploso,
826 1096 905 1154 tam
940 1067 1104 1155 celerem
1130 1065 1205 1154 else
1231 1064 1429 1152 evolatum
1458 1071 1593 1149 anima
1617 1068 1657 1146 in

35 1198 38 1205 '
212 1183 357 1271 euasit
394 1188 433 1265 dr
457 1190 634 1295 quamvis
660 1185 703 1268 id
729 1184 797 1268 siat
836 1185 914 1268 fine
938 1186 1095 1294 strepitu
1129 1209 1175 1271 ac
1210 1178 1385 1291 fragore,
1415 1202 1657 1262 nontamen

214 1300 262 1380 sit
288 1295 368 1381 stne
390 1293 494 1379 sensu
524 1293 707 1380 notabilis
733 1301 941 1393 motionis,
978 1300 1029 1379 ita
1050 1319 1095 1378 ut
1118 1292 1252 1379 locum
1275 1294 1420 1377 babere
1447 1290 1658 1403 nonpossrt

212 1403 350 1504 illusio,
374 1434 441 1492 aut
465 1408 670 1518 phantasia.
740 1412 842 1520 Qus
876 1412 992 1522 igitur
1020 1408 1195 1509 dubitet,
1226 1409 1540 1520 magnanimitate
1558 1430 1658 1515 opus

182 1564 190 1575 ·
214 1518 304 1621 else,
326 1546 370 1605 ut
394 1525 481 1634 quis
500 1516 684 1635 sequatur
703 1522 862 1607 dudum
882 1523 1092 1617 trahentis,
1124 1522 1219 1604 dum
1238 1549 1322 1604 non
1354 1516 1464 1604 aliter
1483 1542 1656 1629 apparet,

213 1636 335 1832 puim
372 1632 400 1717 li
438 1640 565 1719 anima
606 1632 798 1747 separetur
846 1634 870 1720 i
910 1660 1079 1747 corpore
1113 1633 1320 1747 deperdito
1365 1639 1441 1741 jam
1476 1631 1545 1716 usu
1577 1629 1659 1716 sen·

230 1753 348 1834 uum?

319 1872 488 2001 Regula
529 1816 571 1966 2..
641 1860 820 1970 Eurus
846 1865 1027 2001 'potest
1070 1861 1341 2001 aliquando
1384 1857 1475 1964 esse
1512 1882 1657 1964 natu·

214 2002 327 2111 ralis
381 2030 471 2109 aut
522 1999 781 2109 diabolica
887 2003 1038 2224 Sipna
1098 2026 1275 2108 autern
1328 1988 1476 2128 hujus
1529 2000 1656 2107 sunt.

216 2170 255 2228 a.
281 2146 322 2227 Si
350 2140 500 2228 nullum
526 2144 613 2252 post
636 2140 674 2225 se
693 2136 886 2255 relinquat
913 2171 934 2225 e
967 2149 1091 2225 retum
1113 2136 1435 2254 supernaturalem
1454 2143 1492 2222 in
1517 2145 1656 2238 anima,

212 2254 397 2339 videlicet
417 2281 554 2365 pacem
574 2257 777 2354 internam,
800 2249 1032 2339 alacritatem
1053 2254 1104 2337 ad
1122 2282 1258 2339 omnes
1280 2259 1438 2358 virtutes
1461 2258 1536 2336 dec.
1566 2285 1604 2342 ι.
1617 2255 1657 2340 Si

212 2365 361 2452 Ediases
381 2364 465 2452 sunt
482 2364 722 2479 frequentes,
751 2372 792 2450 dc
812 2392 943 2453 umen
961 2394 1159 2482 nunquam
1175 2370 1216 2451 in
1231 2371 1276 2453 iis
1296 2361 1514 2451 revelantur
1528 2362 1658 2480 aliqua

211 2484 413 2591 mysteria,
446 2474 643 2564 censenda
673 2476 757 2564 sunt
789 2477 990 2567 naturales.
1051 2512 1088 2584 3.
1120 2483 1162 2567 st
1187 2509 1268 2577 non
1290 2483 1498 2591 inprimunt
1525 2485 1657 2591 ultima

216 2594 486 2678 certitudinem
544 2594 736 2690 uandam,
766 2594 880 2707 quod
904 2592 1041 2679 listafis
1069 2595 1115 2677 fit
1138 2594 1161 2678 i
1185 2595 1289 2678 Deo.
1320 2667 1323 2672 .
1343 2630 1383 2694 4·
1408 2595 1451 2675 Si
1476 2596 1515 2674 in
1538 2588 1655 2681 Eunu

213 2622 1654 2907 annunirnmmncittium

213 2932 302 3063 prii,
328 2934 570 3016 contritionis
598 2848 673 3017 dle.
735 2962 771 3036 5.
814 2933 990 3045 Quando
1014 2848 1352 3045 Edasltquuidem
1373 2849 1501 3051 spctlm
1524 2849 1653 3019 selum

214 3047 461 3129 incitamenta
479 3046 530 3130 ad
551 3044 716 3141 bonum,
742 3071 825 3131 non
848 3070 978 3131 tamen
1000 3047 1209 3131 constantia
1234 3072 1280 3130 ac
1301 3050 1447 3161 quieta,
1470 3040 1538 3157 sed
1567 3067 1653 3132 curn

213 3153 420 3243 sortissunis
441 3163 696 3243 incitamentis
718 3158 770 3242 ad
791 3154 1014 3273 oppofitum
1036 3152 1105 3243 sub
1134 3154 1259 3272 specie
1281 3160 1391 3259 boni,
1418 3158 1468 3243 sic
1491 3185 1534 3244 ut
1557 3164 1598 3247 in
1616 3188 1653 3247 a·

214 3272 325 3353 nimo
351 3299 437 3356 non
457 3268 705 3384 subsequatur
727 3266 932 3385 tranquilla
950 3276 1075 3385 quies,
1102 3268 1169 3359 sed
1192 3274 1451 3385 perturbatior
1481 3273 1570 3386 qud
1597 3301 1653 3360 ta-

214 3384 306 3465 r'nen
328 3411 410 3467 non
438 3388 630 3497 pertinent
655 3394 866 3471 anxietates
897 3409 990 3469 ortae
1016 3413 1064 3469 ex
1096 3382 1340 3501 suggestione
1373 3380 1663 3497 scrupulorum·

214 3518 384 3580 attamen
408 3525 479 3608 per
514 3496 677 3581 modum
711 3498 935 3582 tentationis
961 3490 1075 3582 facile
1111 3492 1355 3610 superabiles.
1413 3517 1453 3585 6.
1480 3500 1523 3584 st
1546 3504 1587 3585 in
1604 3504 1658 3601 u,

171 3618 173 3623 ’
215 3608 303 3693 dlasr
324 3602 438 3692 det'ur
466 3607 559 3692 visto
584 3612 761 3694 intuitiva
783 3610 926 3696 Christi
950 3612 1018 3695 diu
1048 3606 1300 3724 perseverans.
1369 3638 1409 3711 7.
1433 3614 1476 3697 Si
1498 3639 1657 3721 eostam,

215 3720 303 3833 qua
323 3725 363 3804 in
394 3720 513 3805 Eam
534 3720 609 3805 visa
635 3729 703 3807 'aut
725 3722 855 3807 audita
873 3720 968 3824 sunt,
996 3751 1079 3809 non
1101 3722 1317 3837 perseveret
1337 3724 1555 3813 constanter
1576 3724 1654 3815 cla·

214 3859 256 3916 ta
277 3836 467 3947 togulam,
488 3832 557 3918 sed
574 3838 685 3920 brevi
701 3837 880 3921 succedat
895 3835 1118 3936 obscuritas,
1148 3863 1213 3922 aut
1233 3832 1398 3929 oblivio.
1456 3860 1495 3935 8.
1517 3846 1655 3953 Quan-

215 3945 271 4030 do
299 3949 387 4061 post
416 3946 560 4031 Edasrn
588 3943 855 4144 telintpuuntut
890 3953 1145 4063 cogitationes
1181 3976 1314 4061 contra
1347 3946 1532 4049 articulos
1561 3954 1660 4057 sidei

35 4098 40 4107 ·
214 4082 356 4157 cenos,
378 4065 553 4174 quamvis
571 4057 644 4147 illae
663 4056 704 4148 so
721 4063 786 4148 tim
810 4067 996 4147 irruerent
1018 4064 1132 4149 instar
1151 4066 1423 4165 tentationum,
1441 4091 1489 4151 ac
1508 4072 1657 4179 primo-

1569 4212 1657 4273 tum
