3796 4994
608 300 915 400 Revelariona
935 303 993 398 ,8.
1029 299 1267 397 Gaurum
1324 236 1329 257 Ι
1423 354 1430 377 t
1556 325 1656 429 ¹29

210 530 362 598 taurum
384 499 687 616 correspondent
714 507 853 587 merito
881 498 1085 615 personali,
1120 527 1162 585 ut
1181 498 1290 612 supra
1309 527 1358 584 ex
1384 501 1435 585 D.
1459 496 1580 582 Paulo
1607 528 1652 582 o·

213 621 373 710 stensum
401 621 466 704 est.
551 620 632 702 Sed
667 615 887 727 responderi
914 621 1064 728 potest,
1090 619 1284 701 Christum
1315 612 1506 726 agnovisse
1530 615 1653 726 singu·

213 739 333 824 larem
356 732 645 845 dispositionem
666 728 814 817 illatum
845 728 1089 827 Monialium‚
1109 735 1248 813 intuitu
1275 736 1378 836 cujus
1402 753 1571 847 potuerit
1597 725 1651 812 fa·

215 882 302 940 cere
326 851 598 960 exceptionem
620 845 644 931 i
669 842 740 929 suis
768 839 918 956 legibus
934 850 1077 950 justitiae
1099 839 1299 956 generalis.

324 1023 408 1100 XX.
468 1018 511 1100 1„
537 1045 571 1116 ς.
592 1015 641 1099 Q
664 1042 727 1109 29.
784 1014 957 1097 Christus
978 1013 1028 1094 ad
1052 1016 1090 1095 S.
1114 1012 1349 1096 Gertrudem
1372 1015 1446 1095 ait:
1472 1014 1656 1137 Percepta

213 1155 384 1218 extrema
408 1133 593 1212 unitione
624 1127 676 1209 de
696 1150 833 1211 caetero
862 1122 987 1209 nullus
1017 1121 1139 1236 pulvis
1173 1140 1426 1238 peccatorum
1442 1150 1507 1208 aut
1531 1121 1654 1238 negli-

214 1250 428 1357 gentiarum
454 1248 522 1355 qui
545 1268 673 1324 meum
694 1235 973 1322 blandisfimum
997 1237 1207 1351 respectum
1238 1240 1287 1321 ad
1311 1245 1427 1323 idum
1447 1234 1552 1320 oculi
1572 1239 1595 1323 ὲ
1616 1264 1672 1337 te,

215 1385 386 1441 averrere
403 1356 527 1465 poffit,
544 1356 621 1439 ‚tibi
639 1359 782 1466 poterit
801 1355 1007 1435 adhaerere.
1092 1358 1191 1438 Non
1219 1357 1274 1438 est
1294 1349 1415 1437 sensus
1432 1354 1545 1462 quod
1571 1381 1653 1440 uon

214 1471 329 1584 possit
345 1497 518 1581 peccare,
541 1465 607 1552 sed
628 1468 741 1583 quod
766 1494 846 1549 non
870 1466 913 1551 srt
931 1493 1143 1578 peccatura.

331 1654 431 1734 XXI.
487 1653 531 1735 1„
566 1677 599 1749 5.
630 1650 679 1732 C.
716 1678 779 1751 30.
833 1650 871 1730 S.
897 1647 1110 1731 Gertrudes
1145 1651 1293 1759 accepit
1320 1645 1344 1731 al
1375 1654 1464 1732 Deo
1488 1652 1654 1758 promis·

165 1833 176 1844 ,
215 1764 378 1863 sionem,
401 1764 511 1875 quod
544 1789 675 1846 revera
702 1789 811 1845 amor
840 1760 990 1871 divinus
1019 1787 1157 1844 omnes
1187 1766 1284 1843 vires
1318 1771 1397 1866 ejus
1431 1759 1655 1846 consumere

216 1879 398 1964 deberetr
426 1883 532 1971 item,
555 1875 667 1985 quod
695 1869 799 1957 nulla
831 1901 935 1956 mors
961 1873 1029 1984 ipsr
1058 1870 1262 1983 praevalere
1287 1876 1475 1968 deberet,
1503 1901 1654 1980 praeter·

215 1991 337 2104 quim
364 1986 428 2073 illa
457 1986 683 2072 nobilissima
702 1993 819 2071 virtus
839 1993 993 2084 amoris,
1023 2016 1108 2102 quae
1125 1993 1162 2069 in
1185 1985 1266 2070 filio
1288 1995 1360 2071 Dei
1379 1984 1585 2099 praevaluit,
1614 1995 1667 2071 &-

213 2102 421 2216 pretiosam
441 2102 553 2212 ipsius
574 2109 738 2185 animam
765 2102 790 2185 ai
812 2096 979 2184 delicato
1002 2129 1169 2210 corpore
1190 2109 1268 2205 ejus
1290 2100 1483 2212 separavit.
1541 2105 1653 2198 ltem,

213 2222 370 2329 Spiritui
392 2221 534 2301 Sancto
560 2213 809 2308 ‚commissum
841 2211 932 2297 esset
971 2241 1019 2297 ex
1063 2211 1222 2297 consilio
1252 2210 1399 2325 semper
1430 2218 1656 2300 veneranda

213 2333 425 2425 Trinitatis,
447 2333 491 2411 ut
507 2334 545 2410 in
570 2329 711 2411 eodem
737 2355 871 2411 amore
887 2354 973 2523 pun
994 2323 1072 2438 ipse
1099 2323 1468 2438 praecellentissimam
1488 2334 1670 2413 intuma-⁸
1741 2349 1744 2355 ’

214 2448 365 2526 tionem
387 2440 623 2525 amantissimi
640 2439 706 2524 filii
729 2446 803 2524 Dei
823 2445 885 2523 ine
917 2438 1008 2523 abili
1035 2441 1158 2522 modo
1183 2459 1363 2552 operatus
1391 2438 1481 2526 esset
1503 2448 1542 2525 in
1570 2462 1656 2526 ute*

212 2584 260 2640 to
289 2552 483 2669 virginalis
511 2559 625 2637 etiam
651 2558 874 2639 omniasua
906 2577 1088 2665 quartam
1126 2583 1194 2662 per
1225 2581 1347 2638 rotam
1383 2554 1654 2651 infirmitatem,

213 2669 336 2781 quim
374 2675 487 2752 etiam
516 2673 557 2750 in
587 2693 714 2749 morte
747 2661 846 2750 cir'ca
873 2671 1241 2778 ipsam-agerentur,
1263 2665 1424 2752 feliciter
1455 2671 1673 2777 perficeret·
1754 2748 1757 2753 a

214 2788 357 2865 virtute
388 2789 426 2864 ur
455 2786 685 2891 operatione
706 2781 768 2862 sua
797 2780 936 2862 divina.
1025 2783 1141 2876 Item,
1173 2782 1284 2893 quod
1313 2799 1422 2864 amor
1450 2789 1485 2867 ei
1518 2780 1654 2868 servire

216 2896 392 2990 deberet,
422 2901 461 2977 ur
488 2922 647 2989 omnes,
678 2899 747 3005 qui
776 2897 812 2975 ei
836 2889 974 2976 affeetu
1003 2899 1043 2975 de
1071 2892 1177 2976 sacris
1205 2891 1367 3006 aliquod
1402 2901 1442 2980 in
1472 2902 1655 2981 charitate

215 3012 463 3093 ministerium
486 3008 726 3102 exhiberent,
753 3011 792 3088 in
816 3002 878 3088 sua
897 3004 1113 3089 infirmitate
1134 3008 1160 3090 a
1178 3010 1307 3091 divina
1329 3005 1554 3094 liberalitate
1577 3013 1656 3091 boc

215 3126 408 3231 recepturi
439 3147 547 3204 erant
578 3124 618 3202 iu
648 3125 1016 3225 remunerationem,
1047 3122 1159 3232 quod
1180 3120 1264 3233 ipsis
1290 3128 1403 3205 etiam
1437 3150 1545 3206 amor
1567 3124 1656 3206 DEI

215 3239 426 3319 ministrare
450 3234 612 3316 deberet
634 3239 674 3315 in
699 3259 868 3316 extrema
895 3232 957 3314 sua
979 3233 1207 3319 infirmitate.
1288 3239 1400 3336 Item,
1430 3237 1543 3349 quod
1569 3239 1657 3319 Do·

215 3354 341 3433 minus
356 3372 462 3430 tanta
483 3373 566 3428 eam
591 3351 707 3457 gratia
729 3345 961 3456 perfundere
977 3348 1210 3458 dignaretur,
1233 3375 1420 3460 quantum
1442 3376 1536 3433 tunc
1558 3376 1656 3435 tem·

214 3466 322 3572 poris
349 3457 486 3572 aliquis
527 3463 730 3541 hominum
760 3466 956 3569 percipere
982 3457 1117 3571 posset.
1198 3465 1320 3560 Item,
1350 3468 1460 3575 quod
1491 3470 1530 3547 iu
1561 3467 1657 3548 hora

216 3575 461 3659 dormitionis
486 3568 557 3655 sure
584 3599 723 3683 magna
749 3568 959 3655 multitudo
1000 3599 1245 3682 peccatorum
1275 3605 1344 3687 per
1372 3606 1499 3661 veram
1529 3583 1656 3690 poeni·

215 3692 377 3772 tentiam
396 3686 558 3767 deberet
586 3691 771 3782 converti,
796 3681 929 3767 &insu
960 3715 1003 3768 er
1024 3712 1184 3786 omnes,
1205 3695 1275 3802 qui
1296 3719 1468 3803 unquam
1497 3697 1546 3775 ad
1570 3719 1657 3805 gra·

213 3808 309 3885 tiam
331 3802 407 3881 Dei
430 3797 547 3880 esseut
566 3804 797 3906 perventuri,
809 3714 1021 3910 aliqualiter
1043 3793 1106 3881 illa
1122 3803 1218 3884 bota
1241 3804 1429 3887 deberent
1451 3807 1501 3886 ad
1520 3812 1653 3917 aptari.

215 3914 459 4021 Item,·quod
482 3910 635 3992 infinita
660 3905 921 3999 multitudines
939 3917 1148 3996 animarum
1171 3919 1285 3998 etiam
1306 3917 1384 4028 ipsa
1404 3919 1544 4002 horai
1571 3948 1647 4026 poe·

214 4032 276 4113 nis
297 4021 589 4128 solverenturin
612 4051 860 4133 augmentum
886 4031 1076 4111 meriti&
1102 4028 1234 4144 gaudii
1262 4035 1354 4137 ejus.
1421 4035 1518 4117 item
1547 4034 1658 4114 certi⁴

333 4134 395 4226 D.
407 4138 453 4223 Ε.
468 4140 523 4225 Α.
538 4133 770 4225 reueveur.
782 4137 886 4226 Pars
901 4138 959 4226 11.
1180 4143 1215 4251 ll
1548 4141 1659 4227 ficata
