3796 4994
110 274 113 279 ¹
230 319 327 411 '208
544 307 652 442 Reg.
673 292 825 407 Prasi.
842 334 900 406 ex
920 311 965 406 S.
980 303 1124 446 joan.
1144 304 1196 406 de
1219 311 1365 408 Caute.
1488 229 1490 232 Ι

224 510 293 605 est,
320 508 413 623 quia
438 510 481 595 in
514 506 714 598 nonnullis
738 517 949 600 animatum
983 515 1170 628 Magisttis
1199 515 1311 599 nimis
1350 513 1489 627 exigua
1521 533 1678 612 eatenus

221 623 378 709 videtur
401 628 559 739 reperiri
587 625 792 740 prudentia
821 656 867 714 ac
891 623 1101 719 discretior
1158 632 1446 743 quamprimum
1475 631 1583 713 enim
1611 628 1679 713 ad·

224 762 406 836 vertunt,
444 743 637 846 ejusmodi
668 739 833 829 vifiones
863 740 937 827 else
966 739 1265 854 supernaturales
1286 740 1379 826 acri
1410 742 1517 840 Deo,
1539 749 1614 846 jam
1638 740 1686 827 in'

222 875 311 937 tuto
331 851 493 938 credunt
515 861 659 940 omnin.
718 858 818 942 Inde
853 881 982 942 autern
1008 854 1080 953 iit,
1109 881 1151 939 ut
1174 881 1252 940 tam
1269 853 1425 966 fibiipsrs
1440 855 1574 970 quim
1597 859 1679 941 ani·

220 967 357 1052 mabus
387 969 541 1053 creditis
566 967 798 1055 consciscant
817 964 1033 1056 multotum
1060 996 1234 1055 errorum
1263 966 1562 1054 &consitionis
1587 997 1679 1082 pro·

219 1085 312 1194 ptiae
338 1079 506 1180 causam,
535 1083 780 1198 &impletur
806 1089 847 1169 in
874 1082 971 1182 illis,
1001 1082 1116 1197 quod
1143 1084 1317 1170 Christus
1341 1083 1498 1172 doctus
1533 1084 1576 1166 Si
1597 1078 1689 1169 coe?

79 1204 82 1209 '
211 1216 290 1279 'cus
310 1225 425 1282 coeco
448 1199 631 1285 ducatum
655 1201 824 1312 prestet,
852 1200 974 1284 ambo
1005 1196 1058 1283 in¹
1071 1195 1230 1282 foveam
1252 1197 1408 1282 cadunt.
1461 1193 1578 1282 Tales
1604 1200 1680 1280 Di·

166 1336 169 1345 “
220 1315 393 1396 teeiorcs
419 1308 505 1397 sunt
531 1318 572 1399 in
601 1311 730 1412 causa,
760 1314 877 1430 quod
905 1318 945 1397 δι
972 1309 1138 1425 persona
1165 1312 1314 1396 lubens
1341 1311 1537 1418 ejusmodi
1563 1309 1678 1396 vifio·

159 1538 162 1543 .
219 1450 291 1508 nes
314 1450 379 1511 eas
403 1429 571 1526 aestimet,
588 1425 745 1544 seseque
765 1434 805 1514 in
827 1431 873 1513 iis
891 1428 1084 1525 detineat,
1107 1432 1148 1510 δι
1174 1442 1240 1510 eas
1272 1430 1391 1539 magis
1418 1447 1604 1538 appetat,
1628 1450 1677 1512 ex

218 1566 305 1652 quo
323 1548 559 1654 proveniunt
577 1544 678 1627 varia
696 1540 817 1635 malas
844 1569 934 1626 nant
947 1542 1091 1654 primo,
1104 1541 1247 1626 exinde
1262 1543 1447 1623 minuitur
1467 1535 1678 1636 humilitas,

84 1722 87 1727 .
219 1653 314 1738 dunt
339 1663 466 1740 anima
495 1652 789 1764 aediticium
815 1659 985 1742 aestimati
1011 1653 1035 1740 i
1060 1657 1175 1757 Deo,
1204 1681 1252 1739 ac
1268 1681 1478 1767 propterea
1499 1650 1677 1765 compla-

220 1790 283 1857 cet
305 1767 374 1854 srbi
400 1769 479 1882 ipsa
503 1776 544 1856 δι
562 1766 724 1886 quiescit
738 1776 777 1856 in
797 1769 926 1882 seipsa.
983 1771 1152 1855 Accedit
1170 1768 1262 1854 dein
1291 1793 1478 1867 tentator,
1498 1772 1539 1852 &
1560 1763 1677 1880 inspi-

128 1915 130 1920 ·
218 1905 280 1968 rat
300 1888 423 1970 varias
444 1890 677 1971 reflexiones
702 1915 739 1972 v.
766 1914 805 2000 g.
839 1889 953 1969 an&
980 1881 1062 1968 aliae
1089 1888 1224 1967 animae
1246 1882 1318 1968 fint
1352 1882 1448 1966 ficut
1477 1878 1585 1996 ipsa?
1627 1908 1676 1966 an

129 2016 134 2029 ’
217 1998 327 2082 idem
354 2005 602 2113 experiantur
630 1997 743 2114 quod
771 1995 878 2113 ipsa?
913 1999 1029 2113 quod
1057 2022 1245 2110 repugnat
1277 1993 1410 2083 saniiae
1431 1993 1673 2110 simplicitati.

218 2115 316 2196 llaec
339 2138 470 2199 tamen
494 2115 634 2198 darnna
651 2114 702 2199 ab
725 2120 850 2198 anima
872 2140 955 2197 non
979 2113 1255 2211 advertuntur,
1284 2119 1322 2194 &
1353 2113 1447 2195 ideo
1479 2140 1574 2196 non.
1592 2115 1673 2196 evi-

216 2247 373 2320 tantur3
431 2227 550 2315 autfi
578 2227 832 2313 advertuntur
860 2234 898 2310 δε
927 2224 1140 2323 moiuntur,
1170 2228 1310 2309 horum
1338 2222 1433 2309 loco
1461 2222 1672 2313 succedunt

216 2334 307 2428 alias
359 2342 633 2457 Qtrandoquo
663 2345 806 2427 etiamsi
825 2295 1022 2455 spiritualis
1044 2343 1228 2424 Direitor
1249 2337 1671 2461 ejusmodirevelatio·

217 2481 292 2543 nes·
306 2482 391 2540 non
410 2459 580 2556 aeiiimet,
603 2455 778 2543 litamen
802 2449 995 2571 negligat,
1016 2459 1161 2539 animas
1191 2455 1357 2539 creditas
1382 2480 1600 2568 expurgato
1621 2450 1670 2538 ab

215 2596 350 2658 earum
376 2568 536 2662 affectus
575 2570 602 2656 sr
632 2567 799 2657 libenter
826 2574 879 2656 de
909 2572 967 2655 his
1001 2564 1213 2682 loquatur,
1240 2568 1268 2653 ii
1292 2567 1525 2681 potiffimam
1548 2563 1671 2654 collo·

216 2687 401 2799 quiotum
440 2710 590 2797 partem
634 2688 688 2770 de
724 2689 798 2771 hac
833 2688 990 2771 materia
1036 2686 1239 2768 constituat
1275 2679 1509 2796 explicando
1554 2685 1670 2798 ligna,

215 2796 362 2912 quibus
376 2797 637 2886 revelationes
659 2801 798 2886 divinae
827 2799 987 2884 discerni
1016 2797 1204 2911 poisrnti
1234 2794 1468 2882 naturalibus
1492 2825 1561 2882 aut
1588 2799 1670 2900 dia·

68 2925 79 3019 j
191 2909 369 3013 bolicis,
398 2915 558 3000 nocebit
582 2937 721 2999 tamen
738 2910 959 3028 plurimum,
988 2922 1041 2996 eo
1071 2912 1186 3024 quod
1210 2918 1379 2996 animam
1408 2909 1584 3025 implicet
1604 2938 1670 2994 cu·

10 3117 14 3139 ¹
54 3104 86 3117 ,.
215 3031 268 3127 tis
287 3025 548 3140 &·periculis,
577 3034 618 3112 δι
641 3025 833 3114 laboriosi
856 3031 1042 3113 examinis
1073 3028 1359 3138 inquietudini,
1389 3032 1451 3111 cui
1486 3021 1670 3112 molestia

16 3200 35 3209 ψ
116 3232 119 3239 ff
215 3139 461 3257 &periculo
499 3145 627 3229 anima
661 3149 808 3257 exponi
841 3172 925 3228 non
963 3142 1086 3226 debet
1123 3140 1205 3226 sine
1234 3166 1406 3226 extrema
1438 3140 1669 3228 necessitate.

214 3260 385 3345 Econtra
411 3258 439 3345 si
467 3255 563 3344 tales
591 3286 651 3344 tes
679 3263 921 3365 rejiciuntur,
951 3262 991 3340 δε
1019 3280 1153 3369 parum
1182 3258 1437 3354 estimantur,
1467 3261 1597 3341 anima
1623 3251 1670 3340 li·

216 3373 311 3461 bera
335 3377 389 3458 est
422 3373 472 3459 ab
502 3376 694 3489 inquieto
718 3369 856 3459 labore
891 3378 1076 3458 mominis
1107 3375 1148 3453 δι
1173 3369 1197 3456 ὲ
1226 3366 1414 3483 periculo.
1483 3376 1668 3459 Praeterea

214 3488 388 3601 sequitur
417 3483 522 3575 tliud
558 3483 715 3574 malunt.
778 3491 885 3573 Nam
914 3488 1011 3571 dum
1039 3480 1134 3570 tales
1159 3485 1385 3569 Dicesiotes
1411 3485 1564 3586 vident,
1586 3489 1668 3570 ani-

215 3612 288 3688 ma·
317 3600 342 3687 ai
368 3604 460 3688 Deo
484 3603 652 3703 concedi
683 3602 876 3708 eiusmodi
901 3596 1179 3697 revelationes,
1208 3623 1347 3713 petunt
1368 3599 1418 3683 ab
1445 3605 1598 3699 anima,
1618 3602 1669 3685 ur

215 3715 242 3804 al
269 3719 363 3802 Deo
391 3712 561 3831 postulet
585 3716 654 3801 sibi
681 3713 1064 3803 fierirevelationem
1096 3716 1209 3821 hujus
1238 3710 1300 3799 vel
1331 3709 1433 3798 illius
1459 3722 1530 3812 tei,
1549 3718 1668 3827 pcrti-

214 3836 343 3919 nentis
370 3830 486 3917 adse
513 3828 577 3918 vel
606 3834 658 3916 ad
684 3826 793 3918 alios.
851 3827 1052 3945 Simplices
1079 3838 1213 3915 animat
1256 3829 1450 3913 obediunt
1485 3828 1668 3940 petitioni

212 3947 368 4051 suorum
386 3951 648 4048 Direiiorum
669 3948 923 4031 existimantes
950 3948 1095 4029 licitum
1123 3936 1413 4054 criminalium
1438 3950 1570 4041 rerum
1592 3971 1666 4029 no·

212 4060 297 4159 titia
319 4062 544 4183 hocxmodo
567 4057 783 4182 postuletur
811 4058 836 4149 i
860 4062 977 4153 Deos
1020 4085 1069 4146 ex
1100 4086 1152 4146 eo
1184 4054 1286 4145 enim
1300 4114 1315 4158 ‚
1349 4057 1465 4174 quod
1490 4058 1668 4262 ugias&
