3796 4994
626 326 824 422 Revelat.
839 323 891 419 de
905 320 1091 456 Agreda.
1109 330 1222 420 Pars
1235 315 1297 427 ΙΙ.Ι
1461 390 1467 403 ·
1556 354 1657 464 389

215 525 289 611 suit
316 526 339 612 al
365 527 560 616 ministriss
595 531 635 609 &
669 524 793 612 clauso
818 552 969 613 carcere
1002 520 1118 612 clavis
1152 525 1228 614 fuit
1248 527 1388 612 tradita
1419 533 1486 614 uni
1512 558 1563 619 ex
1584 536 1658 620 mi·

221 642 354 727 miliia.
1013 662 1018 669 ·
1096 703 1099 708 .
1351 710 1357 719 ,

338 781 460 862 1286.
488 771 600 851 Tunc
622 762 776 852 Lucifer
791 765 919 848 induit
943 763 1141 877 personam
1164 764 1335 852 Praefecti
1353 771 1533 868 carceris,
1554 777 1658 858 &a-

215 886 334 965 nimat
353 908 456 976 enm,
479 885 539 964 cui
564 877 679 965 clavis
699 876 894 964 commissa
914 903 1007 976 erat,
1034 904 1076 964 ut
1097 874 1305 966 descendat
1325 884 1365 964 in
1385 909 1594 985 carcerem,
1614 894 1669 971 &·
1763 894 1767 901 '

195 990 349 1078 illudat
368 999 511 1077 vinclo.
565 998 629 1079 Sic
655 998 770 1077 etiam
796 995 939 1074 animat
956 1017 1131 1078 turmam.
1188 991 1330 1107 Angeli
1348 1020 1479 1081 autem
1498 997 1655 1083 descen·
1709 1038 1712 1049 =

217 1110 315 1192 dunt
334 1108 385 1192 ad
405 1109 599 1193 Christum
623 1111 663 1190 in
684 1131 898 1202 carcerem,
919 1111 960 1187 δι
983 1130 1124 1191 canunt
1145 1101 1201 1191 illi
1222 1109 1431 1195 Canticum
1456 1108 1481 1196 al
1502 1115 1545 1197 Β.
1568 1117 1656 1202 Vir·
1677 1120 1680 1124 ’

215 1226 307 1336 gine
326 1219 598 1331 compostum.

333 1368 454 1448 ¹⁸87·
483 1349 656 1435 Christus
681 1345 776 1432 vero
798 1347 849 1431 ad
877 1341 1035 1460 angelos
1054 1346 1169 1433 dixit:
1197 1397 1214 1415 -
1271 1349 1390 1434 dicite
1412 1379 1507 1437 meae
1533 1358 1656 1457 matri,

216 1488 259 1550 ut
274 1471 348 1570 jam
368 1460 507 1547 sociam
530 1484 617 1574 agat
635 1465 676 1545 in
700 1459 868 1572 pastione
887 1507 904 1524 ·
924 1519 936 1542 .
964 1457 1104 1573 Angeli
1124 1468 1255 1545 omnia
1274 1461 1496 1550 nuntiirunt
1514 1473 1556 1552 Β.
1569 1474 1656 1555 Vir·

216 1583 309 1692 gni,
335 1580 509 1690 quamvis
527 1574 605 1686 ipsa
629 1601 674 1658 ea
694 1575 826 1657 omnia
839 1579 915 1674 jam
933 1568 1080 1659 sciverit
1101 1603 1172 1686 per
1191 1576 1303 1672 aliam
1325 1577 1529 1666 scientiam.
1600 1589 1655 1668 Ut

216 1695 311 1776 veri)
328 1692 424 1774 vidit
447 1685 567 1772 silium
588 1692 628 1776 in
651 1689 709 1770 his
730 1694 873 1796 poenis,
892 1683 1003 1769 sensit
1025 1712 1163 1771 omnes
1181 1694 1259 1791 ejus
1281 1682 1453 1787 dolores,
1474 1693 1553 1777 hoc
1566 1689 1653 1778 solo
1787 1716 1793 1728 ’

216 1803 443 1897 discrimine,
467 1801 581 1913 quod
604 1802 776 1884 Christus
802 1797 926 1911 passus
947 1797 1005 1896 fit,
1029 1823 1073 1883 ut
1101 1803 1210 1886 Deus
1236 1796 1343 1884 simul
1359 1828 1405 1885 ac
1432 1805 1583 1901 homo,
1614 1813 1654 1890 &
1705 1884 1706 1888 t

216 1918 537 2116 ffilledemptorr
562 1920 609 2000 Β.
629 1919 752 2026 Virgo
775 1937 964 1998 autemut
984 1939 1081 2026 pura
1107 1938 1277 2001 creatura
1301 1919 1344 2020 ‚&
1372 1940 1415 2003 ut
1437 1917 1652 2027 coadjutrix

259 2061 296 2116 rr.

336 2191 457 2260 1290.
496 2161 541 2242 ln
561 2153 631 2242 illo
648 2182 798 2242 carcere
819 2153 1019 2242 'denudare
1039 2157 1232 2244 Christum
1253 2157 1432 2257 vestibus,
1450 2165 1489 2243 &
1506 2187 1552 2245 ea
1565 2191 1655 2275 pet·
1675 2201 1676 2205 Β

219 2304 333 2390 agere
357 2271 555 2368 volebant,
578 2300 666 2386 quae
684 2271 890 2359 horrenda
947 2279 988 2355 Β
1010 2275 1134 2384 Virgo
1160 2273 1394 2359 authoritate
1424 2279 1528 2387 regia
1545 2303 1660 2363 aver·
1689 2314 1694 2327 ·
1724 2334 1728 2361 2

219 2392 326 2475 tebat
354 2392 421 2472 has
444 2389 606 2491 injurias.
675 2388 823 2468 Deum
854 2390 1009 2468 Patrem
1044 2386 1233 2496 rogabat,
1272 2410 1315 2468 nt
1352 2415 1433 2470 non
1468 2391 1655 2496 preberet

220 2499 455 2589 concursum.
509 2499 686 2581 Ministtis
704 2522 835 2579 autern
848 2496 1107 2608 precipiebat,
1127 2522 1170 2580 ut
1187 2502 1429 2583 continerent
1441 2504 1539 2584 vires
1558 2505 1653 2591 luas.

220 2620 284 2701 Sic
314 2644 408 2728 ergo
436 2610 607 2715 salium,
632 2635 675 2693 ut
702 2606 823 2721 aliqui
854 2636 902 2691 ex
934 2610 1108 2694 ministris
1140 2604 1453 2696 obliviscerentur
1478 2611 1534 2701 sui
1560 2644 1655 2703 con·

220 2727 316 2818 salll3
354 2724 437 2814 aliis
460 2748 590 2810 autem
615 2725 866 2835 obrigueram
892 2721 1073 2821 brachia,
1103 2721 1235 2809 donec
1261 2722 1485 2812 destiterunt
1510 2725 1536 2815 i
1562 2758 1658 2845 pro·
1700 2727 1705 2731 ’

218 2843 361 2956 posito.

295 3024 309 3035 ,‚
337 2998 459 3068 1291.
493 2973 536 3053 Β.
556 2969 607 3054 V.
626 2970 804 3078 pracepit
821 2970 937 3051 etiam
960 2965 1235 3063 doemomlrus,
1263 2989 1308 3057 ut
1333 2965 1659 3076 obmutescerent,

220 3114 295 3196 nec
313 3081 403 3169 talia
423 3112 484 3167 am
513 3080 585 3165 lius
604 3082 777 3164 ministris
797 3076 1011 3192 suggerent.
1066 3083 1223 3217 Interim
1240 3081 1393 3164 ministri
1410 3110 1655 3192 perrexerunt
1722 3126 1727 3133 ·

219 3199 300 3286 aliis
319 3200 447 3282 modis
473 3112 637 3279 illudere
658 3195 829 3278 Christo.
898 3199 951 3278 Ut
971 3194 1065 3277 veto
1087 3193 1354 3292 adverterunt,
1382 3200 1458 3300 jam
1479 3198 1658 3287 transiisse

221 3338 400 3427 magnam
418 3337 568 3422 partem
589 3312 725 3406 tiociis,
751 3301 952 3419 alligarunt
969 3307 1163 3392 Chn'llum
1181 3309 1319 3392 iterun
1335 3313 1447 3419 rupis
1487 3315 1527 3393 &
1547 3309 1657 3402 simul

220 3454 309 3515 cum
330 3424 580 3509 doemonibus
598 3424 773 3505 exierunt
800 3447 849 3502 ex
874 3444 1038 3504 carcere.
1551 3416 1554 3431 ‘

340 3581 462 3654 1293.
488 3557 601 3636 Tunc
614 3560 662 3637 Β.
680 3553 804 3662 Virgo
825 3552 926 3633 hanc
946 3548 1038 3634 fecit
1060 3552 1418 3644 Lamentationemr
1445 3558 1485 3639 0
1505 3580 1615 3646 amor
1636 3606 1660 3631 .

222 3669 436 3780 quomodo
462 3669 542 3748 haec
592 3667 703 3748 ateris
732 3712 751 3728 -
806 3669 891 3748 Vos
911 3657 1038 3774 angeli
1064 3712 1081 3730 ·
1111 3663 1359 3774 compensate
1377 3668 1527 3772 injurias
1553 3720 1570 3738 -
1598 3679 1661 3760 in·

221 3789 339 3865 vitate
360 3776 516 3876 coelum,
534 3694 717 3890 pllnetaa,
735 3772 869 3873 stellas,
888 3773 1093 3874 elementa,
1111 3803 1153 3859 ut
1173 3805 1261 3861 eum
1277 3776 1539 3892 agnoscant&
1559 3808 1658 3876 cm.

220 3894 413 3994 fiteantun
442 3898 482 3978 &
499 3892 644 3999 videte,
663 3890 691 3980 li
714 3892 768 3978 est
792 3889 912 3978 dolor
932 3889 1025 3977 sicut
1046 3886 1164 3976 dolor
1180 3918 1301 3980 meua

867 4278 870 4283 Δ
934 4140 1105 4246 Ccca
1150 4157 1155 4164 ·
1540 4175 1665 4260 ¹²972
