3796 4994
310 330 382 431 44
540 258 573 333 ⁵
701 288 917 427 ,Exempla
939 297 1093 395 never.
1117 290 1374 426 apiastrum.

312 505 517 621 nunquam
538 501 701 602 viderat,
722 505 952 589 nominatim
986 501 1263 619 cognoscebat.
1323 505 1427 590 Cum
1447 526 1575 589 aurem
1600 503 1650 590 'ad
1678 500 1771 594 talia

310 618 402 709 loca
430 627 642 733 raperetur,
662 620 879 705 ducebatur
907 618 932 705 a
958 614 1027 705 suo
1050 614 1205 733 angelo,
1226 619 1250 706 a
1270 647 1354 733 quo
1384 613 1573 733 saepissime
1593 619 1771 706 visitaba-

312 743 433 831 rur'&
458 734 700 848 tangebatur.
753 734 984 847 Apparebat
1011 758 1139 821 autem
1167 735 1275 820 idem
1312 736 1467 847 angelus
1496 734 1771 836 diverfimode,

312 852 506 947 interdum
535 856 576 935 in
597 845 726 933 forma
742 854 813 933 viri
833 844 1101 960 pulcherrimi,
1122 846 1270 963 semper
1287 873 1415 934 autem
1439 854 1480 932 in
1503 875 1641 962 magna
1664 848 1773 935 clari-

312 991 404 1055 tate.
459 969 623 1078 Semper
639 989 769 1049 tamen
790 968 832 1048 in
858 961 988 1049 fronte
1012 961 1240 1076 praeferebat
1273 963 1420 1078 signum
1450 967 1667 1049 Dominicae
1690 993 1774 1051 cru·

312 1088 382 1183 cis,
411 1109 463 1167 ne
491 1080 544 1166 ab
569 1075 713 1192 angelo
741 1080 930 1178 Sathanae,
964 1085 1033 1194 qui
1062 1077 1130 1163 srbi
1157 1076 1383 1195 frequenter
1411 1081 1621 1194 apparebat
1649 1106 1773 1166 trans·

310 1198 500 1315 figuratus
523 1200 565 1280 in
585 1187 769 1307 angelum
794 1190 1197 1307 lucis,decipermur.
1285 1196 1461 1306 Quando
1490 1197 1616 1307 primd
1648 1200 1775 1307 rapie-

312 1315 443 1412 batur,
464 1316 506 1398 in
531 1304 596 1394 illa
618 1304 859 1422 separatione
878 1303 1025 1422 spiririrs
1046 1308 1095 1397 ab
1124 1307 1280 1399 animali
1305 1315 1479 1420 corporis
1502 1336 1610 1423 parte
1626 1337 1775 1396 tantam

318 1434 418 1515 circa
435 1421 565 1510 vitalia
591 1427 761 1536 pectoris
787 1427 825 1506 δι
853 1429 1028 1536 corporis
1060 1426 1278 1536 patiebatur
1304 1428 1536 1538 angustiam,
1565 1427 1679 1537 quod
1708 1431 1774 1512 vix

317 1535 528 1659 praevalens
549 1540 702 1624 trahere
734 1533 1133 1650 anhelitum-putabat
1152 1539 1191 1623 se
1216 1545 1455 1624 morituram.
1515 1543 1774 1629 Postmodum

315 1682 447 1745 autem
465 1651 668 1741 auuefana
695 1653 920 1761 hujusmodi
944 1653 1117 1765 raptibus
1143 1680 1224 1738 non
1251 1650 1438 1739 sentiebat
1460 1652 1555 1740 tales
1572 1661 1775 1769 angustiasa

181 1839 184 1849 .
317 1778 474 1859 &rcum
497 1769 646 1885 spiritus
673 1774 754 1875 ejus
782 1769 833 1854 ad
852 1767 1033 1884 praedidla
1049 1765 1141 1854 loca
1166 1793 1373 1881 raperetur,
1403 1796 1544 1883 corpus
1565 1779 1644 1875 ejus
1669 1772 1775 1886 quasi

317 1912 516 1983 mortuum
542 1891 581 1968 dc
602 1888 779 1970 exanime
800 1882 1025 1970 remanebat
1042 1885 1083 1968 in
1108 1879 1281 1981 lectulo,
1303 1885 1407 1968 adeo
1433 1886 1548 1998 quod
1571 1885 1706 2000 saquis
1730 1884 1775 1973 il·

318 2002 396 2091 lam
411 2006 480 2087 teti
507 1993 697 2099 illet,'illa
721 2026 804 2084 non
824 1997 998 2085 senfillet.
1055 2001 1179 2084 Etiam
1203 1995 1417 2112 aliquando
1450 1998 1705 2111 corporaliter
1723 2003 1775 2088 ad

320 2110 468 2213 diversa
481 2029 574 2198 soca
596 2118 678 2228 rapi
699 2119 851 2198 meruit·
920 2112 1091 2198 Dicebat
1119 2137 1270 2211 autem,
1291 2113 1405 2228 quod
1434 2118 1486 2200 ita
1507 2114 1600 2200 ficut
1621 2118 1775 2222 jacebat

319 2241 362 2329 in
379 2225 525 2317 leuulo
544 2235 660 2315 etiam
694 2256 782 2313 cum
801 2223 885 2341 ipso
916 2224 1061 2313 lectulo
1091 2232 1130 2311 δι
1165 2255 1333 2341 corpore
1362 2257 1647 2344 nonnunquam
1678 2228 1776 2319 ultra

319 2342 500 2437 solarium
526 2339 683 2447 cellrdae,
711 2346 753 2427 in
775 2369 854 2456 qua
875 2342 1041 2450 jacebat,
1058 2339 1198 2428 sursum
1218 2343 1459 2441 elevabatur.
1515 2349 1561 2429 In
1588 2353 1776 2437 exercitiis

321 2465 542 2561 Dominicae
566 2456 743 2572 passionis
771 2463 886 2543 etiam
919 2485 968 2543 co
1016 2487 1087 2542 ore
1110 2459 1305 2544 interdum
1331 2458 1381 2544 ab
1401 2453 1544 2571 angelo
1571 2469 1653 2574 rapi
1678 2460 1775 2551 sole·
1877 2498 1885 2512 r

323 2579 393 2665 bat
420 2577 471 2662 ad
498 2571 587 2659 loca
610 2599 718 2658 terrae
739 2567 884 2658 sanda.
938 2572 1172 2687 Arquando
1192 2572 1340 2659 reversa
1364 2574 1413 2659 ab
1442 2571 1515 2659 illis
1532 2571 1671 2663 osculis
1687 2581 1776 2664 Do-

323 2696 472 2781 minicae
504 2693 640 2775 Crucis
659 2712 725 2775 aut
745 2684 947 2773 vulnerum
966 2689 1122 2786 Christi,
1139 2716 1224 2803 quae
1248 2685 1491 2775 osculabatur
1512 2696 1552 2776 in
1573 2718 1673 2779 terra
1695 2691 1776 2778 san-

324 2815 400 2906 da,
430 2810 471 2889 in
498 2797 618 2888 labiis·
648 2797 722 2889 suis
749 2801 924 2916 imprella
958 2803 1138 2918 quadam
1177 2799 1306 2888 ulcera
1341 2805 1577 2916 reportabat.
1663 2815 1777 2896 Tunc

323 2927 379 3011 ait
399 2913 558 3034 angelus
592 2918 653 3007 eis
696 2916 777 3002 hac
812 2912 942 3005 ulcera
974 2941 1183 3030 propterea
1206 2923 1248 3005 in
1281 2947 1449 3033 corpore
1465 2945 1547 3006 -tuo
1574 2917 1775 3037 suscepisti,

326 3062 371 3131 ut
389 3035 480 3126 scias
502 3057 543 3118 te
566 3035 681 3118 etiam
716 3038 756 3117 in
783 3059 951 3146 corpore
982 3026 1060 3117 esse
1089 3057 1270 3145 raptam·¹
1335 3031 1467 3123 Semel
1496 3043 1650 3122 cumin
1679 3048 1779 3151 ejus·

325 3153 439 3241 modi
459 3173 571 3264 raptu
588 3141 735 3260 lapsum
755 3147 881 3233 dextri
902 3147 1014 3259 pedis
1039 3171 1254 3260 pateretur,
1277 3154 1318 3233 δι
1342 3178 1389 3234 ex
1408 3145 1511 3264 lapsu
1534 3154 1779 3240 divaricatio·

325 3294 439 3370 nem,
464 3271 504 3350 in
531 3265 714 3348 exteriori
738 3257 819 3347 talo
840 3268 1105 3361 inflationem,
1128 3268 1168 3346 δι
1197 3264 1505 3378 denigrationem
1530 3272 1568 3350 dr
1593 3265 1779 3357 dolorem

325 3381 555 3497 reportavit,
587 3405 634 3463 ex
656 3402 743 3490 quo
764 3373 939 3491 pluribus
964 3376 1104 3463 diebus
1129 3402 1193 3462 tor
1223 3379 1399 3470 uebatur.
1471 3382 1657 3492 Quadam
1691 3392 1779 3474 vice

325 3503 368 3586 in
393 3490 710 3609 raptuvilitando
729 3490 915 3577 Ecclesras
942 3493 1076 3578 Romae
1102 3407 1332 3579 ventilando
1354 3494 1510 3605 brachia
1537 3502 1635 3584 inter
1663 3502 1788 3587 arbu·

327 3608 548 3723 lla-spinam
571 3611 612 3692 in
642 3606 768 3719 digito
791 3613 1024 3723 reportavits
1063 3635 1111 3693 err
1141 3632 1221 3722 qua
1246 3637 1316 3720 per
1338 3609 1504 3694 biduum
1533 3609 1788 3701 dolaretur:

134 3780 141 3793 =
280 3726 533 3843 -‘quebarur.
589 3722 734 3834 Sapius
764 3727 859 3808 mira
887 3719 1056 3810 claritate
1090 3722 1313 3810 circumfusa
1342 3753 1493 3837 reperta
1516 3729 1593 3817 ests
1628 3733 1782 3836 jacebat

328 3865 459 3927 autem
483 3835 630 3949 semper
656 3840 698 3922 in
724 3837 914 3935 tenebris,
939 3841 990 3924 ed
1012 3832 1207 3922 materiale
1227 3833 1358 3924 lumen
1388 3846 1467 3947 ejus
1488 3838 1615 3926 oculis
1635 3843 1782 3933 intole-

329 3951 453 4055 rabile
476 3950 593 4039 foret.
677 3951 822 4036 Sed&
851 3946 1016 4036 mirabili
1038 3951 1221 4036 suavitate
1255 3954 1426 4040 odorum
1447 3979 1527 4039 tam
1553 3957 1631 4068 ipsa
1657 3966 1782 4074 quim

332 4066 429 4171 edla
453 4076 532 4193 ejus
555 4070 715 4154 inventa
744 4070 798 4155 est
834 4062 1026 4156 redolere.
1097 4068 1143 4154 In
1164 4075 1284 4183 nocte
1310 4072 1531 4185 Natiuitatis
1560 4075 1786 4277 Domipilcaa

375 4239 377 4243 η
766 4227 795 4251 ’-
914 4228 930 4238 ·
1697 4219 1783 4277 oe·
