3796 4994
665 292 837 427 Regula
859 324 916 393 err
945 297 989 390 S.
1013 288 1222 428 Therasia.
1567 318 1661 428 185

220 496 410 613 lnte'gttam
434 491 642 583 biennium
664 492 723 579 his
752 493 952 583 effedlibus
984 526 1067 583 non
1090 495 1268 583 caruisset.
1343 495 1494 585 Ibidem
1512 502 1568 587 C.
1594 520 1663 596 ιε.

219 614 290 695 aita
320 604 453 695 Semel
478 610 707 694 Humanitas
731 613 874 695 Christi
890 612 984 694 mibi
1005 616 1181 723 apparuit
1204 640 1255 696 eo
1271 610 1422 709 modo,
1451 641 1535 726 quo
1555 618 1662 728 pingi

217 718 317 807 solet
344 729 386 807 io
412 718 478 805 sua
502 720 813 812 Resunedlioner
854 719 1101 836 pulchritudo
1130 730 1170 806 dc
1195 726 1366 828 majestas
1394 734 1475 831 eius
1501 753 1582 812 erat
1602 735 1662 813 in·

217 832 472 946 explicabilis,
498 838 690 919 excedens
711 841 863 932 omnia,
885 839 1031 948 quain
1050 841 1158 920 terris
1180 834 1340 948 pulchra
1365 835 1462 939 sunt,
1488 864 1553 936 aut
1573 869 1661 951 quae

219 953 446 1061 imaginatio
475 949 722 1060 quantumvis
748 945 913 1057 plurium
945 974 1135 1032 annorum
1178 976 1321 1033 conatu
1351 949 1495 1064 fingere
1524 950 1659 1062 posset.

216 1056 419 1172 Splendor
444 1063 592 1157 niveus,
618 1087 703 1171 quo
728 1058 916 1173 fulgebat,
935 1087 1017 1145 non
1038 1063 1316 1177 perstringebat
1340 1059 1481 1148 oculos
1506 1070 1659 1166 mentis,

217 1175 365 1288 quibus
388 1172 613 1269 videbatur,
634 1169 699 1257 sed
722 1176 929 1260 recreabat.
1002 1181 1086 1259 Lux
1108 1182 1190 1278 eius
1216 1176 1320 1258 adeo
1355 1175 1501 1261 diversa
1529 1203 1609 1263 erat
1634 1179 1659 1265 a

160 1387 166 1398 ,
217 1291 362 1386 nostra,
386 1311 430 1370 ut
449 1282 569 1398 ipsum
587 1285 719 1369 lumen
737 1283 825 1372 solis
841 1292 881 1370 in
904 1295 983 1387 eius
1009 1293 1301 1399 comparatione
1318 1285 1484 1384 sordeat,
1512 1295 1662 1402 pigeat·

216 1428 301 1515 que
321 1401 373 1483 ad
397 1400 497 1485 istud
524 1404 670 1507 aperite
694 1397 843 1485 oculos.
898 1396 966 1485 llla
982 1396 1020 1485 se
1042 1402 1160 1485 habet
1183 1405 1295 1485 instar
1316 1428 1427 1513 aquae
1450 1398 1660 1512 limpidissi-

217 1544 289 1598 mae
314 1517 354 1595 in
382 1516 470 1597 vase
497 1507 714 1624 crystallino
748 1511 968 1598 collustrar'o
995 1517 1017 1598 a
1042 1510 1144 1616 sole,
1166 1515 1268 1599 istud
1291 1542 1388 1600 veto
1418 1517 1530 1599 instar
1551 1545 1662 1628 aqua·

216 1625 345 1712 hreae.
401 1626 559 1722 Verbo,
579 1622 617 1709 se
639 1626 758 1712 habet
777 1629 828 1710 ad
843 1623 975 1714 lumen
1002 1622 1090 1711 solis
1115 1654 1158 1711 ur
1174 1622 1240 1712 lux
1264 1654 1354 1712 vera
1375 1628 1426 1711 ad
1454 1625 1580 1712 lucem
1627 1637 1662 1715 i-
1819 1718 1822 1723 ,

217 1750 335 1827 nam.
395 1738 547 1825 Etiamsi
573 1762 662 1824 toto
685 1746 772 1825 vita
793 1765 986 1855 tempore
999 1746 1089 1855 quis
1108 1764 1273 1824 conetur
1304 1744 1578 1853 imaginatione
1597 1658 1662 1829 lua

216 1852 323 1942 illam
346 1849 507 1966 assequi,
524 1878 606 1937 non
618 1876 747 1938 tamen
758 1850 988 1967 assequetur.
1043 1850 1181 1939 Sensus
1202 1878 1381 1939 externus
1396 1850 1493 1939 visus
1507 1854 1556 1937 ad
1575 1881 1662 1941 eam

215 1968 433 2054 videndam
462 1962 556 2051 nihil
585 1963 800 2063 conserunt,
828 1968 1032 2053 videbatur
1059 1970 1161 2053 eninr
1187 1965 1355 2051 sensibus
1378 1972 1560 2054 internisr
1588 1996 1663 2054 nec

217 2083 347 2195 potesl
369 2081 550 2193 impediri
575 2084 673 2164 visio
706 2079 926 2165 claudendo
953 2077 1116 2181 oculos,
1150 2104 1215 2165 aut
1239 2081 1453 2164 avertendo
1478 2089 1661 2167 attentio·
1773 2168 1776 2173 .

219 2222 333 2283 nema
365 2199 520 2311 cogitur
545 2198 647 2278 enim
674 2199 799 2277 anima
827 2195 879 2277 ad
902 2194 1186 2279 attendendum
1211 2200 1251 2277 dt
1280 2195 1508 2278 intuendum
1535 2193 1660 2280 oculis

218 2312 390 2393 internis.
448 2307 664 2392 Videbatur
693 2310 786 2391 mihi
812 2335 860 2391 ex
886 2303 1078 2421 aliquibus
1098 2310 1269 2404 indiciis,
1322 2307 1404 2391 uod
1431 2306 1580 2391 tantum
1606 2305 1661 2391 es·

218 2418 272 2507 set
295 2426 432 2531 imago
453 2422 614 2511 chaeur
650 2447 698 2504 ex
720 2416 849 2505 multis
869 2415 952 2504 aliis
976 2420 1232 2532 verd,·quod
1255 2448 1277 2503 e
1307 2446 1346 2503 et
1361 2417 1520 2532 ipsemet
1543 2421 1661 2503 Chri-

219 2536 318 2635 stus3
362 2534 574 2648 aliquoties
604 2535 764 2645 quidem
798 2558 880 2618 erat
911 2534 1015 2619 adeo
1041 2530 1199 2618 obscura
1211 2589 1226 2630 ,
1257 2558 1300 2618 ut
1326 2534 1556 2618 crediderim
1585 2528 1662 2619 else

220 2648 366 2733 tantum
385 2651 614 2759 imaginem,
642 2644 709 2730 sed
729 2652 768 2728 δι
787 2671 882 2731 tunc
901 2647 1116 2735 excedebat
1132 2669 1340 2757 tantopere
1358 2641 1502 2751 effigies
1519 2651 1658 2755 pietas,

223 2786 413 2875 quantum
433 2762 587 2845 excedit
602 2762 727 2844 homo
749 2786 859 2846 verus
875 2759 1074 2843 hominem
1095 2764 1252 2870 pistum.
1312 2760 1569 2873 Quandoque
1591 2787 1661 2873 ap·

221 2900 328 2987 paret
353 2898 464 2959 tanta
500 2874 712 2975 maiestate,
755 2898 799 2957 ut
827 2873 992 2957 dubitari
1018 2899 1100 2957 non
1129 2870 1263 2983 poffit,
1293 2868 1367 2956 else
1393 2872 1514 2982 ipsum
1543 2876 1661 2959 Chri·

222 2990 329 3085 lun,
351 2989 555 3099 prasertim
589 2989 676 3096 poll
704 2991 1044 3074 communionems
1090 3010 1183 3068 runc
1206 3007 1311 3069 tanta
1332 2986 1566 3071 authoritate
1585 2986 1660 3069 do·

221 3104 388 3185 minatur
406 3106 447 3183 io
471 3096 539 3181 suo
561 3096 796 3195 habitaculo,
817 3124 860 3182 ut
878 3104 1004 3183 anima
1027 3094 1181 3210 seipsam
1205 3096 1311 3211 quast
1338 3094 1583 3181 annihilatam
1600 3102 1657 3181 vi·

222 3212 312 3299 deat
330 3216 372 3296 in
397 3215 566 3298 Christo.
622 3217 735 3295 Tunc
760 3238 843 3295 non
873 3214 1050 3296 obstante
1076 3211 1191 3323 quod
1222 3212 1394 3297 Christus
1416 3205 1455 3292 se
1477 3210 1661 3293 exhibeat

220 3322 484 3425 amicabilem,
503 3332 630 3407 anima
659 3322 910 3413 confunditur
935 3324 988 3407 de
1010 3322 1082 3408 suis
1107 3326 1296 3436 pcccatis,
1325 3322 1456 3437 deque
1478 3326 1524 3405 iis
1561 3318 1660 3407 serio

221 3436 346 3525 dolet.
371 3460 384 3493 ·„
397 3444 524 3524 Tanta
547 3438 600 3521 ell
627 3440 685 3521 ris
710 3432 797 3521 talia
822 3440 1084 3549 apparitionis,
1107 3461 1149 3521 ut
1169 3436 1240 3533 ,nist
1263 3438 1375 3519 Deus
1400 3461 1470 3547 per
1499 3434 1660 3538 bdafin,

208 3553 260 3635 -in
315 3578 367 3635 ua
386 3553 578 3663 apparitio
608 3548 790 3662 disparet,
811 3555 975 3633 numam
995 3556 1155 3659 juvaret,
1180 3549 1230 3632 ah
1256 3546 1476 3633 infirmitate
1495 3548 1662 3633 humana

219 3580 381 3776 perlecti
411 3690 494 3749 non
521 3658 657 3773 posset.
711 3662 897 3747 Attamen
926 3659 992 3747 illa
1028 3666 1198 3766 maiestas
1223 3660 1327 3745 adeo
1341 3656 1514 3773 impreffa
1532 3682 1664 3745 manet

216 3781 429 3873 memoriae,
456 3801 501 3861 ut
526 3800 723 3887 nunquam
780 3774 863 3859 ollit
887 3775 969 3860 dari
998 3771 1210 3874 oblivioni,
1238 3774 1307 3857 nisi
1332 3779 1374 3857 in
1403 3777 1593 3871 ariditate,
1621 3778 1663 3857 in

212 3914 298 4003 qua
311 3888 439 3973 ferme
460 3892 592 3973 anima
618 3883 702 3971 obli
731 3892 852 3973 'citur
869 3888 983 3998 ipsius
1007 3890 1098 3972 Dei.
1165 3889 1210 3970 In
1236 3888 1304 3969 illa
1321 3892 1564 3995 apparitione
1580 3889 1661 3991 ani7

213 4030 280 4089 rna
301 3996 478 4089 totaliter
499 4005 723 4085 immutatur
748 4005 788 4084 δε
811 4006 1050 4115 immergitur
1079 4002 1197 4096 Deo,
1230 4004 1268 4081 δι
1292 3995 1489 4087 conicetur
1513 3998 1582 4111 ipsi
1609 3996 1663 4079 de
1703 4010 1706 4016 ’

328 4109 776 4206 &annunciat
789 4114 891 4202 Pars
902 4114 939 4215 1,
1195 4111 1269 4197 Aa
1550 4134 1662 4191 novo
