3690 4988
370 348 468 463 538
658 307 998 447 Observationes
1017 307 1078 406 ad
1091 308 1246 410 Reorl.
1261 308 1318 407 de
1335 311 1552 446 Agreait.

484 533 636 615 Horum
653 521 843 638 pleraque
861 542 967 604 erant
984 513 1165 630 publica,
1188 543 1363 629 quorum
1392 524 1520 631 proin
1542 516 1664 607 facilis
1686 521 1821 611 dabatur

367 655 409 739 in
432 650 513 734 Scri
541 641 715 736 toribus,
742 634 944 751 prasertim
970 636 1010 718 S.
1030 637 1188 737 Joanno
1203 638 1240 713 δι
1260 636 1301 716 8.
1322 636 1436 719 Luca
1463 644 1633 726 notitior
1662 635 1820 751 pleraque

371 764 475 852 ictui·
510 782 575 843 ent
598 755 649 838 ad
669 751 1001 838 corroborandam
1023 742 1335 860 Religionem&
1360 749 1417 832 ad
1436 755 1734 837 instructionem
1749 752 1822 839 fide·

372 876 488 965 lium3
517 868 646 972 aliqua
666 896 701 953 v.
722 896 759 982 g.
780 866 894 980 quod
916 861 1032 949 fuerit
1053 842 1360 949 vocau'Mairr
1381 863 1491 966 Dei,
1511 870 1635 982 quod
1653 872 1822 953 instituerit

312 1076 321 1089 ,
373 990 648 1081 monasterium
670 988 745 1069 διε.
767 976 919 1065 fuissent
938 970 1056 1073 etihn
1073 975 1276 1063 necellaria
1301 1002 1446 1062 contra
1470 987 1683 1087 Arrianos,
1706 987 1821 1069 Nesto

375 1114 519 1197 runos,
543 1100 782 1184 lutheranos
802 1102 878 1180 &u
932 1101 1118 1178 Poterant
1139 1093 1298 1177 indicari
1321 1088 1464 1177 saltem
1496 1103 1679 1183 terminis
1694 1127 1821 1212 genera·

375 1216 478 1303 libus.
510 1215 587 1300 stne
619 1210 700 1297 ullo
733 1208 914 1296 scandalo
949 1203 1175 1323 gentilium,
1199 1230 1264 1291 aur
1282 1209 1540 1295 detrimento
1564 1210 1821 1298 humilrtarisin

376 1338 420 1419 B.
439 1334 608 1442 Virgine.
644 1329 681 1412 8.
699 1333 819 1412 Lucas
843 1323 995 1438 infignis
1009 1319 1136 1408 cultor
1147 1328 1190 1407 B.
1204 1324 1389 1433 Virginis,
1416 1333 1536 1432 cujus
1558 1334 1678 1413 etiam
1699 1325 1822 1414 occulta

376 1434 1596 1665 llbibillalll‘lzl‘zllile§.tuillium
1608 1472 1657 1644 ll
1677 1448 1821 1670 {333}ss

379 1672 451 1774 lio,
469 1699 533 1759 aut
550 1673 657 1757 Actis
675 1665 985 1783 Apostolorum,
1005 1663 1208 1779 praesertim
1229 1694 1316 1750 cum
1342 1669 1411 1751 ista
1436 1674 1619 1783 primirm
1645 1672 1820 1757 absolverit

379 1792 441 1877 lex
457 1793 564 1874 annis
580 1787 667 1898 post
691 1789 844 1870 obitum
867 1791 910 1867 B.
929 1786 1110 1897 Virginis,
1125 1806 1263 1892 utpote
1281 1808 1387 1865 anno
1409 1803 1457 1865 or
1480 1816 1493 1873 ς
1527 1787 1820 1872 habuillctetiau

380 1904 623 1993 occasionem
649 1903 689 1984 8.
708 1906 880 2004 Joannes
900 1902 939 1982 in
964 1894 1034 1981 suo
1056 1892 1293 2011 Evangelio,
1318 1899 1355 1977 ἃ
1387 1897 1609 2008 Epistulam
1637 1899 1819 1988 habuillmt

383 2018 627 2106 occasionem
650 2020 864 2125 Scriptores
887 2006 1129 2097 Ecclesiastici
1153 2018 1363 2120 primorum
1383 2035 1644 2124 temporum,
1671 2046 1752 2102 cum
1769 2022 1817 2101 in

409 2127 555 2216 offibtle
574 2129 703 2225 fuerit,
729 2130 780 2213 ad
802 2155 870 2211 eos
892 2138 974 2210 non
991 2122 1201 2237 pervenille
1223 2119 1480 2212 traditionem
1505 2156 1712 2217 tantorum
1736 2137 1820 2216 min·

379 2163 575 2332 billum&
606 2238 927 2327 memorabilium.
986 2241 1092 2324 Dein
1120 2247 1162 2327 B.
1183 2244 1307 2353 Virgo
1339 2237 1472 2328 fuilsct
1509 2250 1632 2360 aequb
1656 2251 1821 2359 objectura

381 2364 641 2447 venerationis
665 2364 702 2441 δι
728 2355 1015 2468 persecutionis,
1036 2379 1079 2438 ut
1100 2356 1280 2439 Christus.

505 2468 684 2562 Secunda
714 2479 929 2556 Narrantur
955 2463 1045 2555 talia
1066 2475 1164 2553 circa
1187 2472 1304 2554 vitam
1333 2470 1503 2574 Christi,
1530 2478 1683 2591 quibus
1698 2477 1819 2562 obstant

380 2596 518 2707 partim
534 2590 747 2673 testimonia
771 2593 955 2672 Veterum
980 2588 1117 2695 partim
1137 2580 1337 2682 silentium,
1352 2591 1447 2698 quia
1469 2591 1709 2699 potuilsent,
1725 2598 1817 2675 &ue

383 2704 539 2902 cellapii
573 2698 787 2788 debuillent
820 2703 994 2786 annotari
1018 2699 1042 2785 i
1063 2699 1321 2812 Scriptotibua
1341 2696 1628 2793 Ecclefiasticis
1653 2712 1818 2825 primitiva

377 2821 489 2905 Eccle
506 2845 572 2907 raer
1395 2892 1399 2899 ,

503 2960 538 3014 ι.
572 2938 613 3013 ln
632 2932 846 3014 Nativitate
863 2928 1006 3012 Christi
1028 2924 1329 3014 meliorabantur
1349 2957 1500 3017 omnes
1515 2939 1691 3024 influxus
1712 2931 1818 3023 Plano

380 3072 525 3135 taruma
563 3041 619 3129 sol
645 3038 883 3128 accelerabat
904 3039 1009 3126 luum
1039 3042 1210 3133 curbtmr
1247 3039 1359 3131 stella
1391 3042 1541 3133 clarius
1570 3051 1816 3164 splendebanu

218 3265 228 3277 .
353 3160 508 3250 «multae
523 3162 681 3245 arbores
696 3153 944 3272 proferebant
956 3163 1122 3242 flores&
1139 3155 1295 3243 nunus.
1347 3156 1533 3275 Aliquot
1551 3168 1701 3282 templa
1715 3164 1817 3250 idolo

381 3307 466 3365 rum
486 3301 730 3363 corruerunm
761 3268 880 3355 multa
897 3268 1006 3355 idola
1024 3272 1171 3382 dejeoa
1183 3270 1337 3358 fuerunt
1349 3277 1392 3357 in
1406 3301 1560 3365 terram
1581 3282 1744 3396 expulsu
1758 3284 1817 3364 do

379 3388 579 3477 monibus.
641 3394 731 3471 llaec
749 3395 785 3470 δε
804 3383 913 3498 plura
930 3384 1000 3471 alia
1020 3391 1200 3472 miracula
1213 3413 1320 3472 etant
1337 3413 1435 3473 runc
1451 3421 1559 3479 nota
1582 3403 1753 3485 mandor
1773 3391 1816 3479 iel

377 3506 560 3590 homines
577 3502 808 3615 ignorabant
830 3500 987 3586 causam.
999 3506 1095 3585 Part.
1110 3532 1145 3586 2.
1162 3506 1216 3586 N.
1232 3528 1332 3603 493.
1359 3506 1608 3597 Debuissent
1630 3544 1725 3628 ergo
1738 3517 1816 3598 Gru

383 3615 469 3705 tiles
496 3625 535 3702 bc
562 3620 685 3720 Judaei
712 3618 962 3728 postmodum
985 3624 1137 3701 moneri
1157 3616 1387 3707 decoratus
1416 3621 1539 3724 hujus
1569 3638 1700 3715 causa.

501 3765 538 3817 a.
568 3735 744 3839 Quando
763 3734 910 3835 JESUS
927 3735 1081 3813 intravit
1100 3734 1334 3845 Fagyptum,
1356 3744 1538 3824 contrita
1559 3741 1706 3830 sunt‘in
1723 3748 1816 3853 AEgp

381 3873 456 3964 pto
479 3842 600 3944 idola,
619 3841 761 3942 altaria,
785 3851 822 3948 {lt
851 3840 1009 3955 templa.
1036 3848 1134 3929 Part.
1159 3874 1197 3928 a.
1216 3848 1269 3948 N.
1284 3861 1382 3948 644.
1401 3867 1506 3953 649.
1522 3874 1630 3956 ⁶50·
1646 3865 1815 3963 tunel.

382 3995 477 4065 934·
509 3990 625 4063 1041.
648 3988 787 4043 omnes
806 3959 1015 4043 doemones
1034 3961 1148 4042 instar
1168 3956 1330 4072 fulguris
1349 3988 1400 4049 ex
1427 3965 1561 4055 idolis
1578 3979 1815 4091 AEgyptiuut

376 4082 419 4164 in
437 4107 570 4161 orcum
590 4073 729 4158 detrufi
748 4070 844 4158 sunt.
901 4075 1079 4186 AEgyptii
1101 4073 1337 4160 mirabantur
1355 4078 1413 4163 de
1427 4083 1494 4169 his
1514 4070 1732 4177 eventibus.
1753 4092 1813 4170 lie·

376 4216 439 4279 tus
462 4220 597 4278 eorum
622 4216 702 4275 erat
719 4181 934 4274 universalis
946 4220 961 4291 3
989 4189 1250 4304 loquebantur
1271 4194 1394 4280 etiam
1417 4225 1518 4291 curn
1530 4208 1663 4301 Maria
1680 4210 1814 4298 decan·

1735 4320 1811 4408 uon
