3796 4994
443 284 447 294 ’
545 184 763 361 'Revelnn
787 265 830 355 S.
848 246 1101 386 Eltfitbcthae
1116 256 1364 390 Scbtinnug.
1580 284 1671 371 εει

227 498 264 575 3.
295 464 460 564 Alienis,
500 493 550 549 eo
582 490 761 576 tempore
787 458 896 547 suilse
921 464 1066 576 Regem
1093 467 1132 547 in
1158 462 1281 548 Sicilia
1309 466 1348 546 δι
1377 464 1547 562 Gtaecin,
1583 482 1674 553 culn

280 610 412 666 tamen
449 606 497 664 ex
525 582 690 662 Historia
724 582 898 663 Romana
939 601 1083 660 certum
1108 576 1173 673 stt,
1211 572 1376 661 Siciliam
1415 583 1454 660 &
1484 582 1674 665 Gtaeciatn

282 692 390 890 fuisse
413 698 606 825 Romanas
628 696 859 789 Provincias,
884 717 970 803 quae
988 691 1219 802 tegebantur
1240 688 1264 775 i
1288 688 1477 777 Praefectis
1495 690 1573 778 stne
1589 689 1673 781 ullo
1746 731 1751 739 ·

284 835 399 893 tnuo
422 835 542 920 regno.
1740 832 1743 841 ·

221 1016 263 1088 4.
293 979 452 1084 Alsetit,
481 988 618 1067 Rotnae
647 982 843 1090 Principes
875 1003 926 1062 eo
965 1005 1144 1090 tempore
1179 973 1286 1062 fuilse
1321 979 1598 1071 Maximianum
1625 980 1667 1060 δι

180 1168 188 1182 .
278 1097 524 1184 Africanums
561 1123 648 1180 cum
669 1119 815 1177 certum
839 1089 904 1190 fit,
928 1090 1050 1177 solum
1074 1095 1351 1176 Maximianum
1373 1085 1481 1175 fuisse
1503 1098 1670 1204 inpera-

280 1239 423 1308 totetn,
449 1216 487 1293 &
507 1207 710 1292 Africanus
733 1233 932 1320 nunquam
950 1204 1064 1291 fuerit
1079 1200 1249 1318 Collega
1268 1209 1433 1317 lmpetii.

228 1409 265 1486 5.
295 1375 461 1470 iissent,
491 1381 658 1458 Hunnos
695 1398 881 1456 avocatos
911 1368 1125 1456 Coloniam
1159 1373 1209 1455 ad
1234 1373 1454 1483 perdendas
1486 1378 1669 1483 virgineo·

230 1536 243 1553 =
279 1521 368 1578 cum
388 1515 517 1576 tamen
540 1492 670 1571 Hunni
689 1514 739 1569 eo
763 1513 942 1598 tempore
970 1487 1137 1569 necdum
1161 1483 1302 1571 fuerint
1320 1493 1361 1571 in
1382 1485 1555 1600 Europa
1618 1496 1667 1576 Et

278 1608 359 1690 hoc
383 1594 582 1687 consilium
607 1598 759 1684 stultum
786 1601 864 1692 est,
891 1603 1100 1684 exercitum
1130 1597 1308 1684 hostilem
1340 1631 1388 1687 ex
1412 1602 1667 1690 retnotillimis

275 1723 435 1804 orientis
463 1719 670 1827 provinciis
694 1739 834 1798 vocare
861 1716 903 1794 in
930 1714 1176 1798 occidentem
1208 1718 1248 1796 &
1273 1717 1324 1797 ad
1346 1719 1558 1802 Romanam
1582 1724 1667 1801 Co·

275 1830 438 1929 loniam,
463 1856 506 1913 ut
536 1829 743 1936 perderent
767 1826 946 1911 undecim
978 1823 1096 1911 millia
1119 1830 1333 1936 virginum,
1363 1828 1587 1932 quasivero
1611 1832 1663 1915 ad

275 1950 356 2033 hoc
376 1975 459 2029 non
481 1937 705 2027 suffecissent
729 1943 892 2028 Rotnani
919 1943 1130 2041 Exercitus,
1158 1941 1253 2027 ficut
1269 1937 1497 2031 suffecerunt
1520 1947 1664 2057 Legio·

277 2066 318 2147 ui
340 2060 586 2146 Thebeanae?

217 2238 256 2310 6.
286 2218 437 2322 eliserit,
463 2222 654 2328 Jacobum
680 2215 826 2334 septem
844 2224 953 2305 annis
978 2213 1113 2305 rexisse
1132 2215 1338 2309 Ecclesiam
1360 2204 1674 2325 Antiochenam,''

275 2366 363 2422 cutn
380 2366 427 2421 ex
448 2332 643 2448 Catalogo
665 2331 816 2419 illorum
842 2331 1118 2447 Episcopotutn
1143 2336 1306 2434 constet,
1323 2332 1468 2424 nullutn
1489 2371 1539 2429 eo
1562 2367 1663 2428 tem.

276 2479 375 2565 pore
399 2447 530 2536 sedisse
554 2450 759 2555 Jacobum.

215 2644 258 2719 7.
287 2610 447 2713 eliserit,
470 2610 604 2724 Episco
632 2640 696 2694 unt
716 2612 957 2706 Romanum,
985 2607 1298 2708 Antiochenum,
1318 2612 1665 2720 Ravennatmsetm'

274 2723 499 2819 lucensem,
527 2642 774 2809 nauseensem
797 2730 872 2808 &c
902 2719 1103 2808 deseruisse
1119 2722 1201 2808 suas
1220 2722 1329 2811 sedes
1351 2730 1565 2816 comitandi
1586 2739 1662 2820 vit·
1708 2771 1715 2782 ·

275 2848 385 2956 gines
412 2835 546 2927 causis
586 2840 673 2921 clun
699 2865 826 2923 tamen
856 2836 1057 2922 residentia
1086 2835 1281 2949 Episcopis
1303 2867 1354 2924 eo
1371 2853 1551 2951 tempore
1573 2844 1662 2934 fue-

274 2961 330 3040 cit'
350 2951 571 3038 seuerilstme
596 2948 801 3040 inculcatas
839 2957 879 3033 δι
907 2980 975 3063 pet
1002 2950 1040 3035 se
1068 2949 1220 3036 stultum
1248 2950 1304 3051 stt,
1330 2954 1424 3040 tales
1447 2956 1661 3072 Episcopus

273 3094 456 3179 tempore
477 3062 748 3177 persecutionis
783 3061 957 3149 deserere
985 3061 1067 3148 suas
1106 3064 1332 3167 Dioeceses,
1354 3061 1400 3153 δέ
1426 3077 1659 3186 peregrinati

270 3188 313 3268 in
334 3209 450 3267 tetras
477 3178 738 3265 remotissimas
769 3206 858 3263 cum
884 3181 1053 3264 exercitu
1073 3179 1278 3295 uirginum.

371 3370 504 3449 Taceo
531 3357 694 3472 plutima
719 3354 791 3442 alia
816 3355 975 3443 absurda
999 3362 1038 3443 in
1065 3360 1139 3445 hac
1165 3364 1406 3464 narratione,
1432 3369 1472 3448 δι
1500 3362 1590 3454 falla
1615 3371 1659 3460 δι’

210 3474 449 3566 calumniosa
475 3504 564 3587 erga
594 3478 788 3558 Romanos
819 3473 1027 3557 Pontifices
1054 3470 1190 3558 saeculo
1214 3504 1280 3574 ιι,
1311 3482 1349 3559 &
1373 3505 1547 3581 erronea,
1565 3514 1600 3567 v.
1617 3516 1657 3599 g.
1705 3472 1708 3479 ’

214 3594 332 3708 quod
359 3618 488 3675 motus
510 3595 638 3687 ,carnis
665 3583 777 3698 culpa
804 3587 900 3683 fint,
937 3583 1003 3670 etst
1031 3614 1111 3670 non
1147 3585 1218 3673 sint
1251 3584 1456 3677 voluntarii
1486 3625 1589 3680 num.
1617 3623 1655 3696 8.

218 3715 256 3792 ἃ
288 3739 325 3806 9·
353 3711 392 3789 δε
414 3702 537 3791 solum
567 3704 673 3787 addo
694 3700 878 3809 judicium
902 3704 1058 3783 Batonii
1082 3706 1122 3782 δι
1148 3708 1337 3816 Janningi.
1392 3712 1576 3795 Batonius
1606 3714 1660 3799 ad

217 3848 359 3906 annum
388 3850 409 3902 a
420 3850 468 3922 37
502 3823 585 3902 ait:
628 3815 724 3903 Non
752 3809 927 3899 audientest
954 3815 1105 3924 penitus
1132 3821 1357 3902 recentiores
1384 3818 1562 3927 qnidam,
1591 3831 1659 3934 qui

215 3931 292 4046 post
317 3934 552 4023 Pontianum
581 3926 830 4019 introducunt
858 3926 1054 4128 Cyriznctnn
1082 3926 1264 4041 petendam
1290 3931 1522 4039 Pontificem,
1551 3939 1661 4135 illul:

994 4068 1014 4148 3
1553 4073 1605 4134 nn
