3796 4994
213 354 307 457 90*
589 456 604 466 ,.
651 326 757 454 Reg.
783 311 932 420 erati.
953 294 1011 420 ex
1037 314 1242 450 Gersone.
1294 435 1299 445 ⁸

215 521 430 633 revelatio,
464 519 490 608 si
514 519 701 635 discrepet
728 523 753 612 i
785 528 991 638 Scriptura.
1059 517 1247 612 'Anamen
1268 548 1373 611 tanta
1402 527 1455 611 esl
1485 554 1668 643 nonnun-

216 669 336 754 quam
370 638 580 724 similitudo
607 641 754 724 denarii
783 637 863 724 falfi
893 643 943 724 ad
976 669 1131 742 verum,
1162 669 1203 726 ut
1225 647 1289 725 vix
1318 641 1425 728 nisrd
1446 642 1669 731 doctilhmia

217 754 332 870 posht
356 752 493 839 falsitas
527 755 791 864 deprehendir
827 761 920 869 quia
948 761 1048 841 inter
1070 779 1131 840 tot
1156 761 1324 841 veritatis
1346 752 1466 842 lineas
1492 760 1541 845 ad
1567 755 1669 847 frau-

218 873 309 956 dem
329 869 470 981 positas
489 897 571 956 uon
599 872 720 954 statim
744 898 842 954 unus
860 865 1028 954 falsitatis
1052 880 1214 982 puncius
1235 871 1272 955 se
1293 876 1429 982 aperit.
1487 871 1564 955 Visr
1585 870 1669 962 sunt

215 989 396 1081 haretici,
426 989 493 1098 qui
514 1011 678 1099 magnos
694 978 908 1071 Catholicae
930 988 1125 1070 Doctrinae
1143 987 1448 1098 compingebant
1471 984 1610 1089 libros,
1625 1014 1667 1074 ut

217 1096 338 1185 solam
372 1099 524 1184 haeresm
551 1104 653 1182 inter
681 1123 742 1184 tot
772 1111 949 1184 ueritates
980 1096 1145 1184 latenter
1172 1097 1403 1199 insererent,
1433 1107 1473 1185 δι
1504 1107 1668 1189 cautiori

219 1209 505 1328 efficaciorique
527 1212 665 1300 sraude
688 1215 941 1329 publicarent.
998 1219 1091 1298 Hac
1113 1244 1173 1300 res
1194 1218 1417 1313 indicantia
1441 1239 1670 1330 quantane·

220 1326 387 1415 celsitate
411 1327 496 1413 ralis
518 1356 678 1417 monera
708 1326 993 1416 revelationum
1020 1325 1253 1416 insolitarum
1284 1333 1427 1416 debeat
1449 1329 1668 1418 &Theolo-

151 1486 156 1495 =
220 1451 293 1559 gis,
322 1450 545 1557 priusquam
567 1445 812 1544 admittatur,
842 1450 1069 1543 examinari,
1100 1473 1266 1558 quorum
1288 1447 1479 1558 praecipui
1500 1449 1669 1549 interest,

68 1610 74 1621 ν
219 1567 321 1643 inter
347 1575 477 1644 veram
500 1555 713 1673 falsamque
737 1555 980 1674 religionem,
1010 1589 1221 1674 moresque
1247 1589 1500 1664 concernens,
1531 1559 1670 1647 discer-

74 1911 77 1915 ,
219 1701 496 1926 naaRegula
538 1827 555 1894 r·
571 1829 613 1906 a.
658 1789 830 1896 Etiam
877 1789 1207 1897 intentissima
1243 1789 1440 1896 affectio
1477 1777 1672 1899 amoris

221 1967 337 2081 erga
376 1935 553 2040 Deum
585 1966 696 2039 non
732 1936 801 2039 eil
835 1931 1087 2038 infallibile
1133 1936 1355 2074 fignum‚
1403 1935 1670 2044 revelatio·

222 2079 365 2195 nem,
396 2112 454 2184 ex
492 2110 594 2216 qua
619 2078 702 2186 illa
732 2079 989 2195 causatur,
1027 2073 1118 2180 esse
1156 2076 1183 2181 ὲ
1223 2077 1350 2181 Deo.
1461 2109 1579 2188 Ratio
1606 2107 1670 2206 eu

217 2225 316 2335 ‚quia
343 2220 566 2323 hujusmodi
602 2214 759 2305 affectio
795 2223 909 2302 etiam
938 2245 1223 2330 nonnunquam
1252 2223 1373 2303 oritur
1401 2246 1449 2303 ex
1478 2224 1672 2334 principiis

222 2330 486 2433 naturalibus,
527 2339 567 2416 ἃ
599 2339 787 2445 reperitur
818 2329 930 2419 subin
979 2338 1019 2419 in
1050 2331 1225 2446 personis
1259 2331 1456 2418 manifesti
1495 2331 1673 2421 seduno.

223 2448 386 2564 Gtrson.
405 2449 451 2536 L.
469 2449 555 2533 CC.
582 2448 632 2534 sic
660 2443 856 2536 discurrit:
895 2452 1087 2568 Quintum
1127 2449 1152 2535 si
1183 2476 1275 2534 num
1308 2452 1361 2535 est
1395 2451 1579 2548 charitas,
1608 2445 1673 2537 seu

223 2566 377 2652 divinus
404 2593 528 2650 amor.
580 2569 674 2650 Hoc
689 2562 838 2680 fignum
858 2591 941 2648 non
961 2566 1084 2651 statim
1102 2561 1139 2650 su
1205 2570 1285 2649 iens
1305 2568 1358 2649 est
1382 2589 1543 2676 propter
1567 2563 1674 2650 fuca-

107 2762 110 2771 .
221 2706 306 2768 tum
320 2681 493 2766 colorem
513 2707 619 2765 vanae
640 2675 861 2765 &carnalis
883 2675 1114 2763 dileciionis.
1167 2679 1372 2793 Siquidem
1386 2704 1588 2790 expertum
1606 2682 1674 2783 eil,

217 2791 465 2891 ‚mulierculas
489 2797 677 2907 quasdam
705 2789 836 2891 fuisse,
869 2822 956 2907 quae
978 2791 1076 2878 circa
1105 2798 1235 2879 Deum
1265 2789 1326 2879 vel
1344 2790 1442 2877 alios
1469 2799 1576 2879 viros
1592 2792 1672 2880 san·

174 2939 177 2943 ’
224 2919 310 2997 sios
335 2915 458 3024 magis
482 2905 745 2994 afficiebantur
774 2904 985 2994 dilectione
1009 2902 1143 2992 vitiosa
1158 2908 1408 3021 ignoranter,
1428 2908 1547 3023 quam
1569 2909 1672 3011 veia',

221 3027 360 3124 sancia,
381 3031 419 3109 ἃ
438 3024 577 3110 sincera
602 3026 785 3110 charitate
804 3048 1067 3109 moverentur.
1127 3026 1174 3108 Et
1197 3025 1250 3108 de
1265 3020 1490 3109 idololatris
1503 3024 1673 3123 ‘constan

223 3146 316 3258 quia
345 3147 473 3225 Deum
502 3137 662 3254 diligere
690 3135 729 3223 se
757 3137 847 3225 licet
876 3162 1044 3225 errantes
1080 3140 1305 3225 existimant.
1357 3144 1556 3255 chirca
1587 3139 1673 3228 scri·

222 3257 295 3373 psit
318 3258 495 3373 quadam
517 3257 662 3340 devota
685 3252 841 3354 mulier,
872 3257 964 3339 nihil
997 3262 1050 3338 ita
1082 3251 1120 3339 se
1154 3257 1299 3339 habere
1319 3250 1551 3368 bipedum,
1582 3254 1673 3340 sicut

225 3371 491 3468 dilectionem,
517 3376 554 3452 δι
579 3365 665 3482 plus
689 3368 808 3483 quim
836 3366 1063 3465 diabolum,
1094 3374 1208 3454 etiam
1238 3371 1338 3460 dum
1358 3375 1457 3452 circa
1477 3371 1610 3454 divina
1632 3375 1670 3454 dt

85 3500 88 3505 ’
212 3483 402 3603 *personas
425 3485 599 3599 probata
622 3482 824 3569 sanctitatis
851 3483 1029 3569 versatur.
1115 3489 1206 3568 Hoc
1228 3510 1309 3567 non
1331 3478 1571 3585 muliebriter
1596 3511 1670 3570 tra·

224 3604 347 3689 ditum
368 3604 436 3698 eil,
468 3606 656 3714 quoniam
686 3599 806 3714 passio
824 3597 890 3685 seu
921 3600 1048 3684 motio
1072 3626 1220 3714 quanto
1245 3602 1530 3700 vehementior,
1561 3624 1675 3686 tanto

223 3721 474 3832 praecipitatio
509 3711 661 3801 facilior
684 3721 878 3800 invenitur
906 3719 946 3797 δι
975 3719 1059 3827 regi
1091 3709 1292 3798 difficilior.
1362 3710 1556 3824 Amplius‘
1572 3719 1672 3806 hanc

223 3833 280 3918 ob
303 3829 451 3916 causam
479 3835 659 3916 videntur
686 3835 783 3916 inter
805 3855 957 3916 cateias
987 3826 1120 3913 errasse
1149 3829 1313 3942 begardi
1343 3834 1381 3912 ἃ
1403 3831 1587 3945 begardae
1618 3829 1674 3914 ob

223 3945 462 4032 indiscretam
497 3944 774 4043 dilectionem,
811 3951 973 4030 nomine
1007 3946 1229 4027 devotionis
1256 3942 1461 4054 palliatam.
1542 3947 1671 4058 Argu·

223 4089 399 4149 mentum
417 4064 527 4169 hujus
542 4073 605 4145 rei*
619 4062 672 4145 est
696 4066 735 4144 in
754 4061 932 4175 quodam
954 4055 1106 4152 libello,
1128 4057 1345 4145 incredibili
1360 4086 1464 4173 pene
1487 4057 1669 4145 subtilita-

223 4201 264 4265 te
292 4178 342 4264 ab
372 4204 448 4277 una
474 4173 640 4263 foenrina
665 4175 913 4290 comprofito,
948 4200 1036 4290 quae
1062 4177 1187 4260 Maria
1212 4175 1265 4260 dc
1292 4178 1668 4376 Valenuanasbdica-
