3796 4994
519 294 626 422 Reg.
639 238 799 386 ''Prass
822 314 881 386 ex
905 288 1103 426 &joan
1121 292 1173 386 de
1191 272 1335 396 Cruce.
1548 216 1658 428 '219

313 498 483 627 Regula
530 507 604 597 16.
677 492 800 596 Ideo
836 495 1028 631 semper
1062 496 1446 622 valedicendum
1482 497 1550 601 est
1585 530 1657 601 te·

216 629 551 858 velationibus
587 635 649 737 de
695 635 906 741 occultis
943 637 1191 745 cordium.
1283 669 1395 750 Paret
1429 689 1477 745 ex
1510 655 1657 772 Regula

213 798 332 883 praece
363 799 465 861 ente.

314 973 486 1101 Regula
530 939 605 1094 ιγ.
680 965 916 1073 Doemon
966 1003 1077 1077 non
1134 971 1296 1079 sollrm
1335 967 1523 1074 revelat
1567 995 1655 1069 oc·

212 1103 348 1211 culta
397 1133 607 1244 peccata
656 1106 965 1232 hominum,
1011 1114 1089 1217 sed
1136 1125 1292 1220 etiam
1334 1132 1516 1215 movet
1553 1115 1654 1210 ani·

212 1278 363 1353 mam
406 1248 470 1354 ad
512 1250 827 1401 precandum
863 1284 958 1389 pro
995 1256 1080 1360 tali
1124 1282 1430 1395 peccatore3
1501 1250 1655 1386 idque

213 1384 515 1527 frequenter.
533 1392 855 1498 mendaciter.
965 1424 1007 1501 t.
1037 1420 1126 1503 cc,
1151 1418 1202 1503 fic
1229 1418 1379 1501 habeti
1422 1412 1547 1523 Quod
1572 1415 1658 1494 atn-

214 1554 278 1613 net
305 1532 562 1641 deceptiones
590 1531 786 1616 doemonis
815 1540 855 1618 in
895 1534 972 1618 hoc
1000 1559 1142 1644 genere
1171 1526 1463 1643 revelationum,
1495 1555 1548 1610 ere
1575 1550 1656 1606 ina·

215 1646 323 1727 xinrae
339 1641 492 1740 sunu&
512 1641 775 1731 occultissime.
829 1649 959 1733 Potest
987 1642 1081 1729 iales
1112 1650 1353 1758 cognitiones
1375 1646 1508 1727 animae
1524 1642 1656 1747 impri-
1681 1654 1685 1661 ’

218 1782 320 1840 inere
350 1762 466 1841 etiam
491 1759 746 1843 mediantibus
779 1755 958 1862 sensibus,
982 1785 1076 1872 puta
1103 1763 1281 1857 internis,
1307 1754 1524 1867 &quidem
1551 1772 1656 1833 tanta

219 1868 514 1971 obfirmatione,
550 1876 589 1954 δι
616 1872 884 1983 impressione,
918 1899 960 1959 ut
982 1874 1178 1970 videatur,
1211 1900 1292 1956 rem
1315 1866 1423 1954 aliter
1451 1865 1488 1952 sc
1509 1864 1654 1948 habere

222 2008 296 2065 non
327 1979 450 2096 posse.
508 1986 633 2095 Quod
674 1984 894 2070 sanimam
935 1993 1118 2099 repererit
1154 2014 1236 2071 non
1271 1979 1456 2071 humilem
1485 1986 1523 2062 de
1552 1979 1653 2060 tiini·

225 2096 327 2195 darn,
353 2096 434 2181 sine
456 2097 581 2181 dubio
606 2094 767 2196 efficiet,
796 2127 838 2184 ut
869 2102 999 2186 credat
1029 2097 1135 2185 mille
1169 2100 1380 2184 mendacia.
1438 2090 1656 2206 inspiratio·

226 2236 284 2293 nes
300 2215 402 2295 eninr
427 2211 624 2296 doemonis
654 2213 900 2325 quandoque
917 2221 955 2300 in
983 2220 1108 2315 anima
1131 2241 1312 2327 magnam
1343 2212 1524 2295 obtinent
1559 2208 1652 2300 vim,

228 2320 415 2433 presertim
455 2324 483 2408 si
512 2328 700 2437 particeps
746 2324 906 2412 efficitur
934 2329 1160 2413 infirmitatis
1194 2323 1385 2414 lensuunir
1430 2351 1523 2409 tunc
1548 2322 1653 2404 enirn

178 2500 181 2507 .
231 2443 388 2631 {agnitio
412 2462 517 2522 tanta
537 2437 728 2536 firmitate,
750 2446 787 2524 dr
812 2444 942 2547 judicii
965 2446 1172 2551 pertinacia
1200 2443 1383 2538 inhaeret,
1410 2464 1453 2522 ut
1474 2440 1653 2522 oratione

283 2557 356 2634 caci
383 2557 424 2634 δι
462 2578 604 2636 conatu
629 2551 723 2637 forti
741 2557 791 2638 ad
815 2550 878 2637 illa
899 2551 935 2639 se
957 2553 1199 2638 liberandum
1232 2583 1332 2663 opus
1360 2554 1413 2636 sit.
1473 2553 1652 2635 Doemon

235 2666 407 2749 interdum
428 2662 527 2750 solet
556 2663 719 2750 aliorum
753 2694 933 2778 peccata,
966 2676 1003 2752 δι
1031 2666 1148 2754 malas
1180 2666 1427 2753 conscientias
1458 2668 1652 2771 statusque

235 2782 422 2863 auimatum
451 2782 688 2866 mendaciter
724 2810 948 2895 proponere
984 2811 1072 2867 curn
1100 2788 1245 2895 ingenti
1270 2779 1436 2876 lumine,
1478 2805 1528 2860 eo
1559 2772 1651 2868 fine,

237 2888 369 2977 uitales
396 2888 577 2977 bomin'es
600 2890 833 2984 calumniose
857 2900 1055 3009 denigret,
1086 2902 1125 2979 δι
1152 2920 1195 2980 ut
1224 2899 1263 2978 in
1285 2899 1409 2977 anima
1435 2887 1559 2987 illius,
1591 2888 1653 2969 cui

236 2998 479 3103 strevelatio,
504 3002 750 3122 aliorumque
776 3014 918 3095 excitet
943 3009 1172 3096 defiderium
1195 3007 1338 3092 sciendi
1368 3004 1456 3090 talia
1486 2998 1652 3095 occulta,

236 3138 284 3203 tut
316 3148 361 3204 ea
395 3120 601 3206 occasione
642 3149 711 3232 per
749 3121 976 3233 suspiciones
1019 3151 1064 3207 ac
1099 3124 1238 3231 judicia
1266 3117 1355 3204 salsa
1383 3112 1651 3203 committendi

235 3238 315 3317 rarii
335 3261 505 3347 peccata
564 3232 685 3321 Simul
708 3262 836 3320 autem
863 3244 902 3320 in
923 3234 1063 3321 talibus
1085 3238 1281 3321 animabus
1302 3239 1440 3318 excitat
1457 3231 1650 3314 fervorem

234 3352 514 3433 commendandi
538 3347 633 3434 tales
659 3352 839 3434 homines
867 3354 992 3435 DEO.
1057 3355 1244 3452 Quamvis
1269 3353 1372 3433 enirn
1399 3350 1515 3430 DEus
1535 3350 1652 3428 inter-

231 3458 306 3545 durn
321 3461 394 3547 suis
415 3459 553 3547 sansiis
571 3460 716 3547 revelet
735 3463 968 3549 necessitates
991 3470 1272 3575 proximorum,
1296 3488 1337 3545 ut
1362 3461 1431 3545 sibi
1451 3463 1491 3544 in
1508 3463 1654 3540 oratio·

229 3600 272 3658 ne
294 3577 632 3674 commendentur,
657 3605 810 3691 eosque
837 3584 991 3681 juverit,
1028 3605 1146 3688 prout
1169 3584 1283 3661 etiarn
1315 3578 1485 3678 Jereniiae
1509 3565 1656 3656 revela·

228 3693 271 3773 rit
296 3690 560 3776 infirmitatem
591 3693 791 3801 propheta
816 3697 961 3775 Baruch
986 3718 1027 3775 ut
1049 3685 1103 3774 illi
1127 3697 1166 3774 in
1196 3693 1371 3774 docirina
1391 3687 1564 3773 assisteret
1590 3687 1654 3783 Je-

224 3831 301 3890 rem.
321 3837 386 3911 45.
415 3807 528 3890 idem
553 3829 683 3887 tamen
700 3803 829 3916 sapius
857 3811 970 3888 etiam
987 3803 1078 3887 sacit
1099 3809 1277 3901 eleemon,
1298 3810 1337 3885 δι
1365 3807 1525 3914 quidem
1549 3822 1657 3879 nien·

220 3919 360 4017 daciter,
385 3948 429 4007 ut
458 3916 528 4002 alii
549 3917 762 4001 habeantur
792 3947 865 4029 pro
896 3918 1178 4029 peccatoribus,
1207 3943 1272 4000 aut
1292 3942 1333 3999 ut
1357 3915 1497 3999 exinde
1522 3905 1597 4003 nas
1633 3952 1653 3971 ·

216 4052 271 4116 uir
291 4030 412 4150 aliqua
452 4025 662 4120 tribulatio
687 4055 753 4115 aut
784 4036 1044 4232 perturbatiEo,
1075 4039 1181 4139 cujus
1201 4039 1259 4117 rei
1283 4055 1509 4144 perpetuant
1534 4021 1653 4106 habe·

1017 4172 1040 4229 e
1070 4175 1091 4229 a
1567 4158 1653 4214 mus
