3772 4988
565 360 672 489 ch„
702 346 850 461 Prass.
873 383 932 453 etc
953 360 1007 454 P.
1031 357 1260 483 Gravius
1555 364 1634 490 65.»

220 554 366 659 museut,
393 562 435 644 dt
458 554 600 646 nciliis
623 561 841 646 abutantur.
900 565 946 644 Et
967 564 1063 673 quia
1085 563 1225 647 dicitur
1252 588 1288 643 ι.
1309 558 1397 649 Cor.
1419 584 1485 665 14.
1501 561 1629 671 spiri·-

221 677 548 799 ttuptophetarum
589 679 790 787 prophetis
827 672 985 782 subjecti
1008 671 1115 773 sunt,
1148 702 1338 789 quantum
1366 675 1417 759 ad
1443 704 1622 787 pronun·

219 793 393 887 usonem,
426 817 513 871 non
540 815 728 902 quantum
752 788 804 872 ad
835 795 1115 901 cognitionem,
1145 790 1619 875 murmuraremus.

219 895 365 1008 explicat,
399 907 440 986 in
468 930 606 987 eorum
629 905 817 1014 potestate
848 906 901 986 est
934 908 1184 1015 pronuntiare
1220 931 1310 1016 quae
1334 899 1551 1036 revelantur
1579 908 1620 989 δι

219 1034 555 1220 dissidiis?
577 1012 1621 1245 :is{issastik‘sdsrzsf‘zssdiff·10325:

219 1262 282 1437 perp
301 1238 534 1377 revelantur,
554 1248 649 1376 quia
682 1273 768 1377 non
793 1249 907 1377 ‚cogit
940 1270 982 1328 te
1015 1239 1184 1356 spiritus,
1211 1248 1308 1441 qpin
1337 1269 1465 1330 tacete
1491 1244 1619 1375 possis,

216 1355 815 1595 prouisis-fissis&
834 1355 1189 1586 32&ster
1210 1355 1619 1587 ἓωὲιῖἶὲῗιῗὲῗὲἶ

216 1586 346 1682 ιιιιιοάἰ
373 1586 489 1671 donis
516 1592 650 1699 gemit,
670 1587 789 1700 quim
816 1585 1029 1671 exultat&
1056 1581 1205 1695 jubilat,
1235 1592 1275 1671 dc
1302 1583 1341 1672 se
1363 1583 1578 1672 abscondit.
1598 1634 1621 1655 ·

218 1698 520 1815 Quotiescunque·
535 1702 630 1785 veto
660 1704 852 1806 ejusmodi
876 1698 1048 1814 persona
1065 1698 1208 1787 samam
1235 1697 1342 1815 vulgi
1367 1727 1620 1813 aucupantur,

216 1806 379 1899 &lucem
407 1814 638 1916 desiderant,
677 1841 721 1900 ut
749 1818 952 1905 videantur
978 1814 1029 1899 ab
1059 1816 1296 1917 hominibus,
1319 1811 1497 1927 suspeuae
1523 1818 1619 1901 sunt.

216 1918 383 2041 hungis,
404 1928 445 2029 st,
463 1931 626 2043 quando
650 1934 781 2015 Patres
806 1924 1013 2043 spirituales
1035 1928 1340 2015 conradiuores
1357 1929 1525 2029 habent,
1549 1934 1620 2042 qui

216 2058 264 2119 tor
278 2044 557 2155 reprehendunt
582 2066 770 2157 tanquam
794 2072 867 2157 pro
887 2039 1002 2128 illusis
1020 2068 1270 2158 reputantes,
1304 2047 1344 2127 dc
1373 2069 1509 2127 contra
1528 2038 1620 2127 ilios

214 2170 361 2266 tanquam
380 2157 529 2273 rigidos
550 2153 725 2242 censores
748 2163 788 2241 dt
806 2160 1031 2243 indiscretos
1047 2180 1296 2255 murmurant,
1314 2154 1379 2241 vel
1394 2152 1494 2241 oblo
1526 2184 1622 2241 uun·

214 2283 328 2362 tunae
353 2271 381 2355 sr
409 2299 494 2357 non
520 2267 748 2386 intelligant,
777 2302 865 2386 quae
886 2271 973 2383 ipsae
1001 2277 1247 2384 experiuntur
1272 2274 1349 2356 dcc.
1378 2297 1467 2355 curn
1489 2186 1622 2357 sutili«

215 2391 367 2487 nudant,
394 2380 479 2471 exl
539 2383 624 2470 uela
655 2384 842 2472 manifesti
866 2386 991 2483 fiunt,
1028 2414 1076 2471 ex
1096 2412 1168 2470 ore
1195 2382 1235 2469 se
1256 2380 1373 2498 loqui
1399 2380 1521 2482 illius,
1550 2389 1622 2499 qui

212 2488 271 2579 uu
292 2502 342 2583 est
363 2498 475 2608 supet
540 2505 599 2584 ios
627 2496 822 2612 superbiat.
880 2501 957 2598 At,
988 2503 1194 2614 inquiunt,
1219 2504 1307 2611 quis
1331 2502 1459 2610 potest
1485 2501 1622 2585 divino

212 2618 309 2697 notui
336 2613 529 2698 resistere?
575 2610 729 2711 saciant,
756 2615 868 2726 quod
899 2611 1076 2726 possunt,
1104 2612 1360 2698 renuntiando
1387 2614 1447 2697 lais
1469 2613 1625 2699 mirabi-

212 2710 286 2808 sibus
309 2756 395 2811 cum
418 2729 553 2812 debita
583 2726 899 2813 subordinatione
922 2729 974 2811 ad
1009 2730 1178 2841 divimm
1210 2721 1462 2813 voluntatem.
1515 2731 1624 2815 Nan

213 2830 312 2925 finon
330 2836 563 2939 illudentur,
596 2843 807 2957 copiosiori
833 2839 980 2929 lumine
1007 2839 1307 2927 manifestabitur
1332 2847 1482 2931 veritat.
1540 2846 1625 2927 Hu-

213 2971 331 3068 cusque
352 2961 399 3043 P.
423 2961 607 3043 Gravina.
723 3054 727 3061 ,

288 3115 457 3251 Regula
500 3136 575 3219 ts.
611 3066 837 3209 Visiones
864 3134 1069 3226 eorum,
1097 3115 1185 3246 qui
1216 3115 1269 3212 in
1297 3117 1380 3214 via
1400 3110 1625 3249 spiritua·

210 3241 232 3346 li
252 3252 412 3360 adhuc
435 3274 645 3388 tyrones
677 3250 808 3365 sunt,
845 3278 941 3382 pto
971 3250 1193 3389 suspedis
1220 3246 1394 3356 haberi
1424 3251 1626 3359 debent

212 3388 345 3531 Qtod
379 3398 415 3499 si
444 3393 638 3529 insuper
666 3394 731 3494 ad
763 3392 976 3496 visiones
1016 3424 1126 3497 non
1156 3401 1293 3528 ptius
1330 3397 1627 3530 pertransita

210 3546 270 3642 tia
304 3532 716 3644 mortificationis
745 3529 1075 3652 ascenderint,
1107 3564 1203 3669 pro
1234 3532 1379 3640 ilsufis
1408 3532 1630 3643 habendi

210 3676 306 3788 sunt
414 3698 530 3782 Ratio
555 3696 633 3796 est,
673 3696 768 3809 quia
805 3717 965 3805 tyrones
994 3691 1079 3779 sunt
1107 3704 1175 3779 aut'
1198 3696 1410 3806 irrexpeni,
1437 3722 1507 3783 aut
1534 3726 1629 3810 prae·

208 3812 409 3935 sumptuose
445 3816 544 3906 tales
575 3845 705 3903 autem
732 3812 847 3901 sacile
881 3842 1017 3929 patent
1040 3812 1205 3902 dlufioni
1234 3820 1483 3909 doemonum.
1539 3824 1632 3907 Nec

209 3931 314 4037 Deus,
341 3942 453 4043 cujus
483 3937 622 4043 ¹omnia
649 3958 769 4042 opera
795 3927 879 4031 sunt
905 3933 1107 4029 ordinati,
1136 3928 1233 4015 solet
1293 3934 1478 4019 erducere
1505 3936 1557 4018 ad
1584 3935 1630 4019 si·

210 4073 276 4134 nem
292 4082 372 4139 non
395 4047 562 4139 transitis
577 4047 728 4131 mediis.
786 4046 961 4141 Gravina
982 4050 1061 4130 ait:
1098 4043 1231 4157 siper
1258 3962 1391 4130 saltum
1412 4048 1629 4157 deprehen-

210 4161 261 4251 ιιι
281 4164 427 4285 diquas
462 4159 647 4279 personas
678 4155 841 4243 saltitare
874 4153 999 4267 velle,
1024 4153 1186 4275 suspicio
1214 4158 1296 4255 est,
1322 4184 1375 4245 nc
1397 4154 1510 4246 'velut
1537 4160 1632 4245 Icari

293 4269 903 4391 annumeraretur.
1211 4272 1235 4358 1-
1499 4267 1635 4357 volare
