3796 4994
624 265 933 363 Revelatiouec
967 269 1013 369 S.
1054 257 1300 366 Geutrudt‘t.
1623 300 1649 400 ς
1661 302 1684 396 3

229 463 343 556 nullis
373 465 591 555 carnal'lrua
621 467 894 558 tractationibus
927 471 951 559 a
983 473 1157 562 Domino
1183 476 1470 588 permunient
1495 474 1690 594 impttgua·
1723 502 1740 533 ,-

229 587 277 670 ri.
361 582 495 695 Sitque
535 582 647 671 talem
684 582 863 694 descitum
884 586 1021 701 suum,
1057 616 1163 700 quem
1202 589 1455 704 causabatur,
1489 589 1689 681 Dominus
1736 612 1742 623 ’·
1835 662 1840 666 -

230 694 284 784 illl
310 725 363 783 eoo
396 702 537 787 neritii
570 696 681 815 bujtu
705 700 832 788 Saulli
845 700 1056 815 supplebat.
1145 704 1302 818 Insuper
1320 701 1471 791 addidit
1490 709 1526 790 ei
1545 706 1723 796 Domi··

229 839 302 901 uua
332 841 442 902 omne
473 819 668 917 ueritum,
707 813 811 928 quod
847 815 912 905 illa
930 817 1119 932 perfiant,
1148 844 1220 931 pro
1242 848 1323 932 qua
1352 830 1546 918 ora-uerat,
1565 824 1721 939 fisa·

228 923 392 1016 eundum
427 928 703 1043 intlrultiouem
731 929 843 1043 stiam
879 938 1108 1021 tentationes
1145 933 1317 1024 viriliter
1351 934 1566 1046 inperaret,
1604 943 1689 1048 ellel
1736 934 1741 941 ’

226 1039 425 1155 cleptua
512 1049 570 1128 lta
608 1042 880 1131 Revelationes
909 1052 949 1134 S.
980 1049 1196 1136 Gertrudis.
1282 1051 1351 1135 Ad
1385 1052 1485 1133 hanc
1522 1049 1689 1139 difficul·
1827 1049 1830 1053 ’

227 1158 351 1243 tutem'
376 1157 482 1251 forte
521 1164 611 1274 quis'
643 1160 925 1273 respondebit,
959 1162 1028 1250 libi
1058 1169 1261 1250 certiorem
1299 1162 1375 1250 effe
1407 1162 1688 1258 revelationem

226 1276 266 1362 S.
288 1278 506 1374 Gertrudis,
531 1276 652 1382 quim
681 1272 994 1392 praesumptiones
1029 1309 1078 1367 ex
1108 1286 1223 1366 Bittio
1247 1285 1285 1365 ἃ
1321 1285 1504 1368 ssaronio.

369 1528 427 1632 ΙΙ.
479 1528 538 1633 In
588 1527 663 1633 his
719 1529 1111 1639 revelationibus
1168 1532 1381 1653 dicitur,
1409 1535 1576 1676 quod
1630 1546 1685 1643 in

227 1669 767 1778 Nativitate'Domini
803 1706 988 1783 omnes
1033 1679 1320 1782 Sodomitae
1363 1713 1455 1817 per
1505 1702 1686 1805 totum
1753 1726 1761 1737 ·

226 1813 410 1921 orbem
454 1818 599 1920 occist
625 1893 629 1901 «
651 1817 783 1941 fint3
857 1845 967 1954 atqui
996 1843 1076 1926 hoc
1105 1839 1259 1935 videtur
1288 1837 1542 1941 incredibile,
1574 1871 1686 1954 ergo,

224 1951 496 2042 Revelrtiones
520 1962 561 2044 L
584 1986 623 2058 4.
654 1961 706 2045 C.
738 1989 775 2043 2.
803 1959 854 2043 stc
875 1957 1042 2041 habeut:
1085 1955 1133 2042 In
1161 1955 1392 2043 Nativitate
1415 1956 1579 2044 Domini
1604 1961 1684 2044 Pa·
1715 1980 1719 1986 ’

225 2078 286 2158 ler
325 2068 478 2182 coeleslis
527 2071 757 2160 Gertrudem
812 2066 951 2161 blandi
984 2069 1190 2183 alloquens
1225 2074 1305 2158 ait:
1371 2073 1489 2173 Ecce,
1521 2077 1682 2160 immitto

223 2188 356 2272 amna
380 2196 457 2275 tuae
479 2187 648 2301 affaltum
670 2186 914 2300 illamqua
940 2188 1100 2298 praemt'fi
1125 2196 1216 2275 ante
1233 2191 1375 2299 faciem
1397 2190 1591 2304 Unigentti
1609 2193 1682 2283 nei

221 2294 276 2389 ud
297 2299 536 2419 purgandum
568 2303 745 2391 mundum
774 2303 799 2389 a
827 2301 1115 2419 peccatunsuit,
1142 2307 1217 2407 (ut
1237 2308 1365 2413 patuit
1391 2310 1431 2391 in
1459 2300 1685 2405 Sodomitis,

222 2443 316 2528 quos
337 2445 462 2505 omnes
484 2416 561 2620 liga
590 2423 695 2507 uode
732 2419 963 2529 Sanlliffima
993 2417 1233 2505 Natiuitatis
1263 2422 1504 2531 interemptos
1528 2417 1649 2537 legitis
1651 2425 1682 2527 );

220 2526 294 2644 qub
323 2529 382 2630 &³
410 2534 501 2646 inp
537 2561 583 2620 ue
603 2545 769 2654 ‘purgata
803 2533 851 2621 ab
881 2536 982 2620 omni
1014 2531 1160 2620 macula
1187 2530 1241 2618 ad
1261 2530 1393 2642 felium
1421 2531 1561 2650 inflant
1586 2557 1682 2643 pras
1835 2583 1840 2589 ·

219 2651 381 2759 pateris.
464 2654 538 2733 Sic·
556 2647 640 2735 illae.
728 2651 856 2762 Quod
891 2653 987 2735 verb
1023 2652 1104 2733 haec
1134 2650 1426 2734 Sodomitarum
1455 2647 1683 2738 interfettio-

223 2759 458 2877 incredibilia
484 2765 540 2864 fit,
560 2794 608 2851 ex
634 2793 683 2850 eo
708 2769 862 2851 videtur
885 2759 1030 2877 colligi,
1057 2769 1149 2877 quit
1169 2770 1269 2848 inter
1295 2759 1457 2877 gentiles
1482 2791 1544 2850 tot
1567 2791 1678 2852 erant

222 2876 450 2981 Sodomitae,
473 2907 515 2964 ut
532 2882 558 2966 st
578 2910 716 2966 omnes
740 2878 893 2967 fuiffent
918 2886 1163 2992 interempti,
1193 2882 1401 2966 necelsaub
1434 2885 1678 2981 malotstta·
1810 2972 1813 2977 ,

220 3019 287 3107 ges
314 2991 443 3093 futura
466 2993 605 3100 futilet,
623 2997 744 3113 quim
769 3003 807 3081 iu
826 3000 1095 3109 primogenitis
1118 3001 1297 3109 AEgypti.
1362 2993 1594 3081 Incredibile
1609 3024 1678 3081 au·
1766 3068 1780 3077 .

218 3132 300 3194 tem
324 3114 489 3218 videtur,
517 3116 631 3226 quod
659 3115 710 3196 de
731 3109 797 3197 tali
821 3116 942 3224 strage
967 3106 1071 3194 nulla
1094 3109 1204 3194 fieret
1225 3115 1374 3195 mentio
1405 3116 1446 3194 in
1473 3114 1678 3224 Scriptori·¹

218 3224 293 3310 bus
322 3229 502 3326 ethnicis,
534 3254 600 3311 aut
627 3224 757 3312 saltem
791 3230 1013 3314 Christianis
1046 3229 1261 3337 primorum
1297 3252 1547 3337 temporum,
1577 3229 1678 3313 dum

216 3337 385 3425 scribunt
419 3366 555 3427 contra
585 3339 763 3429 Gentiles
802 3343 1076 3456 redarguendo
1114 3337 1412 3425 idololatratum
1456 3336 1675 3428 Gentilium

217 3451 427 3558 luxuriam,
457 3462 576 3570 proiit
602 3456 749 3543 faciunt
775 3455 1061 3558 Tertullianus,
1090 3459 1287 3559 Justinos,
1314 3462 1353 3538 dt
1382 3459 1596 3567 Origines,
1631 3462 1675 3557 ὅ(
1707 3560 1710 3567 ¹

216 3573 446 3667 bidentium
478 3579 517 3656 δι
543 3577 778 3686 Augustinus
802 3577 867 3657 De
889 3577 1061 3656 Ciuitate
1089 3574 1167 3656 Dei
1180 3601 1201 3661 3·
1232 3565 1295 3656 vel
1317 3573 1412 3654 dum
1438 3577 1675 3671 invehuntur

217 3711 354 3769 contra
381 3693 516 3772 vitium
543 3690 859 3787 Sodomiticum,
888 3712 1007 3799 prout
1034 3685 1179 3770 faciunt
1210 3688 1262 3772 D.
1288 3687 1452 3784 Paulus,
1481 3692 1520 3770 dt
1550 3688 1674 3789 Judas

212 3797 444 3910 Apostolus,
471 3808 510 3885 dc
544 3806 842 3917 Chrylostomus
871 3807 914 3888 Ι..
951 3832 986 3902 3.
1020 3803 1070 3886 C.
1102 3831 1141 3899 7.
1203 3802 1348 3888 Contra
1378 3802 1674 3913 Vcoperatores,

212 3918 309 4003 uita
339 3915 582 4025 Monodica.
674 3918 779 4003 Dein
813 3920 879 4007 illa
914 3919 1069 4001 hillotiu
1098 3920 1138 4000 in
1170 3910 1280 4003 nullo
1308 3921 1472 4029 antiquo
1497 3919 1672 4028 Scripto·
1711 4014 1713 4019 ‚

211 4056 297 4116 tum
319 4034 538 4146 primorum
564 4028 673 4122 mille
711 4060 903 4121 annorum
928 4029 1090 4234 legitur,
1116 4029 1185 4120 led
1216 4030 1366 4117 tantum
1392 4052 1579 4170 moutam
1602 4033 1671 4227 esst,

1032 4175 1053 4252 3
1138 4247 1141 4252 ¹
1563 4171 1587 4229 a
1630 4169 1673 4227 a·
1771 4214 1776 4221 ,
