3796 4994
215 324 313 431 338
592 294 1074 434 RevelandeAgreda.
1100 304 1214 398 Pars
1236 299 1291 394 ll.

212 513 321 595 venit
348 533 397 593 ex
425 531 502 603 eo,
539 509 632 621 quia
659 510 701 592 in
729 508 840 590 variis
868 501 965 592 loeis
994 509 1160 619 anypti
1191 503 1385 612 habentur
1414 523 1670 588 monumenta

197 728 200 733 Ι
213 652 285 740 pet
308 627 351 708 Β.
376 629 424 706 V.
449 615 593 707 telina.
679 627 832 707 Omnes
853 623 894 707 bi
918 623 1101 708 authores
1130 615 1285 734 possunt
1319 613 1551 717 conciliari,
1584 621 1673 730 quia

117 808 124 821 .
212 744 265 873 Β..
276 742 325 823 V.
343 731 480 871 aliquo
504 759 685 869 tempore
706 735 846 871 fuitnin
872 738 1069 872 lvlemphis
1101 732 1165 822 seu
1195 728 1439 933 Babplonia,
1468 729 1561 835 alio,
1579 738 1674 820 Her·

188 846 828 1078 ,ll‘llalll‘lltlll
848 848 1148 1064 illailla
1169 842 1674 1078 nllm‘libblfb

212 1084 268 1172 ibi
298 1106 450 1208 praeter
477 1079 779 1167 destrudiionem
825 1077 1065 1195 templorum
1104 1107 1150 1167 ac
1191 1073 1395 1166 idolorum
1440 1083 1561 1165 etiam
1602 1075 1673 1165 alia

213 1189 396 1285 miracula
416 1194 586 1308 pattalle.
655 1194 855 1317 Habitavit
878 1223 1007 1283 autern
1031 1201 1072 1283 in
1097 1199 1224 1284 domo
1249 1219 1422 1309 paupere
1453 1221 1601 1307 parum
1626 1192 1672 1282 ab

67 1314 70 1319 ’
214 1311 312 1402 urbe
338 1309 470 1395 dissuta.
1205 1364 1245 1435 υ

332 1459 380 1546 65
395 1474 427 1546 5.
469 1446 603 1531 Primis
629 1443 767 1531 diebus
792 1447 914 1532 tribus
936 1447 976 1530 S.
994 1440 1185 1560 Josephus
1208 1471 1283 1556 pro
1301 1434 1587 1527 sustentatione
1610 1441 1674 1524 cir·

215 1560 438 1646 eumeundo
464 1554 674 1672 colligebat
703 1556 973 1662 eleemosruas,
1000 1590 1049 1645 ex
1075 1561 1220 1674 quibus
1245 1559 1361 1642 etiam
1389 1564 1431 1642 Β.
1464 1561 1598 1670 Virgo
1621 1555 1674 1638 his

213 1675 504 1909 giblbflbetbus
530 1680 641 1766 vixits
676 1671 787 1762 ssmul
808 1679 939 1763 autem
964 1675 1058 1763 fecit
1080 1673 1223 1762 ledum
1248 1701 1323 1786 pro
1343 1676 1470 1758 Maria
1495 1676 1540 1755 δι
1562 1672 1675 1756 cunas

332 1936 428 2025 657.
456 1922 500 2003 ln
519 1945 564 2002 ea
588 1919 853 2021 domounum
878 1915 1100 2004 cubiculum
1122 1913 1319 2005 sacrabant
1334 1923 1374 2003 in
1395 1912 1617 2033 templum,
1636 1923 1673 2004 in

214 2057 299 2161 quo·
324 2034 504 2119 manebat
536 2036 683 2137 JESUS
713 2039 753 2116 δι
783 2040 828 2119 Β.
854 2038 904 2120 V.
933 2029 1095 2121 alterum
1124 2059 1206 2121 erat
1232 2037 1271 2119 S.
1292 2029 1465 2145 Josephi.
1523 2037 1586 2121 Et.
1604 2057 1674 2121 ttr-

213 2147 312 2239 tium
342 2172 423 2232 erat
451 2143 745 2234 laboratorium.
783 2210 786 2217 »
822 2156 863 2233 Β.
897 2156 944 2233 V.
974 2155 1088 2233 etiarn
1132 2176 1226 2235 tunc
1260 2150 1419 2234 vivebat
1459 2148 1513 2234 de
1537 2148 1673 2235 labore

213 2291 413 2353 manuum.
513 2279 612 2361 618.
653 2269 757 2346 Tota
797 2261 863 2350 die
903 2260 1131 2355 laborabats
1152 2320 1155 2327 ·
1174 2289 1301 2349 totam
1337 2289 1470 2349 autem
1515 2274 1675 2351 nouem

214 2377 449 2494 transigebat
476 2380 516 2461 in
543 2372 799 2490 spiritualibus
825 2383 1027 2464 exercitiis.
1146 2383 1208 2464 Sic
1235 2378 1429 2478 faciebat,
1468 2408 1527 2466 ne
1557 2407 1671 2494 coge·

213 2522 319 2587 retur
341 2519 475 2606 petere
501 2489 726 2579 miraculum
757 2496 797 2576 in
831 2520 904 2592 eo,
933 2499 973 2578 in
1002 2520 1088 2608 quo
1121 2480 1254 2580 sufficit
1279 2496 1447 2578 humana
1474 2498 1670 2582 industria.

57 2697 60 2701 .
213 2609 323 2700 Alias
342 2633 538 2722 peteretur
557 2612 690 2721 potius
712 2606 938 2695 miraculum
962 2638 1037 2725 pro
1060 2611 1189 2695 nostra
1215 2611 1533 2716 commoditate,
1555 2607 1672 2728 quim

214 2755 290 2845 pro
314 2723 545 2809 necelsrtate.

158 2897 168 2907 ··
334 2883 430 2968 659·
467 2870 611 2972 Jfisus
639 2870 722 2953 hoc
751 2869 960 2957 observans
985 2872 1082 2958 dixit
1110 2874 1159 2957 ad
1190 2901 1295 2960 eam:
1337 2871 1585 2965 Praescruam
1606 2904 1671 2966 tuo

214 2984 342 3076 labori
362 2984 556 3069 ordinem.
614 2989 657 3067 B.
681 2989 805 3093 Virgo
830 2983 1028 3098 respondit
1056 3036 1074 3055 ·
1130 2992 1276 3095 JESUS
1302 2991 1420 3077 dixit:
1456 2998 1578 3080 initio
1602 3022 1675 3083 no·

55 3183 58 3188 .
118 3211 120 3214 Ι
217 3108 302 3202 dlis,
321 3101 436 3216 quod
464 3100 530 3193 est,
550 3101 647 3182 bora
667 3096 787 3195 nonai,
812 3102 1007 3186 concedes
1025 3101 1176 3187 somno.
1236 3107 1431 3191 Amedio
1457 3116 1672 3197 nodisus·

215 3247 304 3335 que·
318 3218 369 3302 ad
387 3208 599 3300 diluculum
624 3211 881 3325 perseverabis
903 3221 941 3300 in
961 3219 1244 3317 meditatione,
1268 3222 1358 3306 dein
1384 3225 1543 3310 curabis
1563 3229 1673 3312 cibos

213 3362 288 3447 pro
309 3359 349 3417 te
376 3337 412 3414 dr
440 3355 511 3413 tuo
533 3325 683 3441 sponso.
742 3335 844 3413 Dein
867 3333 959 3416 mihi
980 3337 1329 3448 porrigescibum,
1357 3367 1509 3457 tneque
1536 3346 1581 3428 iu
1604 3348 1673 3430 tuis

216 3448 384 3534 brachiis
403 3443 596 3529 detinebis
619 3447 815 3558 usquead
839 3447 976 3531 horam
997 3456 1146 3534 tertiam
1173 3455 1247 3536 dte.

201 3630 205 3637 -
336 3598 435 3671 ⁶60.
476 3590 553 3671 Ter
587 3614 656 3700 per
683 3584 789 3670 diem
813 3585 932 3672 dabat
957 3583 1017 3672 lac
1044 3588 1187 3690 Jeinlo.
1247 3595 1423 3704 Quando
1449 3593 1672 3703 laborabat,

130 3722 134 3727 ·
214 3700 364 3815 semper
379 3700 423 3789 r'd
449 3697 617 3786 faciebat
633 3704 839 3815 genuflexa
863 3706 901 3786 in
923 3699 1114 3816 presentia
1130 3703 1261 3809 Jesuli,
1287 3718 1356 3822 qui
1379 3739 1428 3798 ex
1449 3722 1563 3802 cunis
1589 3748 1673 3806 tutu

214 3844 338 3904 matre
357 3811 590 3948 plerumque
618 3817 850 3947 decantabat
870 3823 1026 3953 cantica.
1084 3826 1190 3918 Hac,
1215 3824 1241 3908 st
1266 3820 1385 3914 client
1405 3835 1561 3948 leripta‚
1583 3864 1674 3953 pm·

215 3929 401 4051 cederent
423 3932 605 4019 omnibus
624 3926 778 4019 Psalmis
800 3935 841 4015 dc
860 3934 1035 4021 Canticrs
1063 3933 1248 4025 Ecclefiae.

1582 4194 1673 4270 661.
