3796 4994
137 332 142 345 ·
215 307 314 381 ata
527 269 728 370 nentur.
746 277 803 373 Β.
829 271 1043 370 Veronicae
1064 268 1117 367 de
1133 263 1333 399 Biursca.

208 480 348 570 mentis
374 475 398 562 ὲ
425 470 552 561 mensa
579 470 732 559 sublatis
755 470 841 559 vasa
866 472 1044 587 quadam
1074 468 1199 558 afferri
1225 471 1324 559 vidit
1352 466 1486 586 lignea
1512 470 1669 584 precla-

210 596 254 681 ri
280 590 501 693 elaborata,
537 592 681 703 quibus
718 614 767 673 ex
794 590 958 672 Saccaro
989 582 1216 673 delicatiora
1239 584 1422 700 quedam
1444 589 1667 701 composta

209 704 467 796 Servabantur.
549 708 651 787 Tum
675 696 850 787 detulere
863 702 1108 786 instrumenta
1128 700 1271 815 quibus
1295 723 1520 785 concentus
1543 702 1667 787 adrui·

208 814 349 908 rabiles
373 814 644 929 personabant,
670 816 832 900 choreas
856 841 1022 928 quoque
1041 814 1188 900 duxere
1204 808 1360 925 sponsus
1383 819 1423 898 dt
1452 809 1598 927 sponsa
1621 841 1666 901 ac

210 930 334 1028 multi,
353 926 609 1015 salvatore&
630 933 673 1012 Β.
694 933 856 1042 Virgine
874 927 1022 1040 semper
1040 925 1272 1012 sedentibus.
1327 923 1573 1017 Allirtuabat
1590 934 1665 1015 Vc·

211 1051 357 1144 tonica,
374 1068 610 1139 concentus,
633 1044 879 1156 choreasque
901 1044 1036 1129 harum
1069 1053 1288 1154 nuptiarum
1310 1041 1466 1126 nonnisi
1490 1038 1666 1129 coelell'n

210 1157 344 1247 solatia
366 1150 554 1240 excitasse.
646 1155 728 1241 Sed
753 1161 842 1241 NB.
871 1157 967 1241 telle
996 1151 1125 1241 Plinio
1151 1149 1280 1240 nullus
1302 1178 1397 1239 tuuc
1427 1156 1565 1241 adbuc
1588 1180 1666 1243 erat

151 1348 154 1355 .
213 1274 299 1473 ulsps
326 1274 504 1404 Saccari,
534 1267 601 1354 nisi
621 1272 664 1355 in
687 1269 899 1367 Medicina,
921 1293 1062 1385 utpote
1080 1269 1260 1356 nondum
1280 1264 1442 1355 iuventd
1465 1268 1663 1368 Amulli.

213 1416 239 1474 u
268 1418 282 1473 r
308 1411 434 1497 cupra.
1244 1434 1247 1439 -

328 1568 372 1653 Ι..
397 1593 436 1666 4.
460 1566 507 1645 c.
535 1587 599 1645 ro.
643 1558 690 1640 In
722 1552 1023 1667 Quadragesma
1050 1554 1147 1640 vidit
1173 1559 1368 1642 Veronica
1394 1556 1661 1657 Chrillum'm

212 1676 398 1776 deserto,
432 1670 620 1791 pallidum
653 1675 766 1755 nimis
801 1695 847 1753 ac
878 1674 1005 1753 macie
1038 1670 1230 1781 postrema
1264 1666 1520 1761 confedumr
1568 1662 1662 1755 illios

212 1782 1064 1998 llllllfflllbtlll,lll²lln
1078 1784 1352 2007 ,lillis
1372 1782 1660 1983 lnlflnt‘l

213 2023 446 2111 stendeutisr
483 2042 599 2100 manu
625 2006 807 2095 corallum
831 2011 1023 2123 gestabat,
1086 2015 1211 2095 ternio
1235 2012 1331 2096 vero
1361 2004 1542 2122 lapides,
1563 2036 1660 2127 quor

212 2137 281 2223 ubi
303 2158 393 2219 ante
417 2132 612 2215 Christum
638 2122 829 2236 deposuit,
852 2125 969 2249 dixitr
999 2039 1085 2208 sii

213 2242 394 2336 diabolus
414 2237 688 2328 terribiliorem
709 2232 893 2321 assumens
916 2246 1083 2321 loturam
1104 2234 1294 2350 assumpsit
1310 2265 1401 2323 euru
1419 2244 1462 2322 in
1480 2264 1660 2325 montem

212 2417 233 2436 ·
248 2368 303 2448 ἃ
326 2361 441 2444 dixit:
479 2362 571 2440 Haec
596 2355 728 2437 omnia
750 2349 821 2434 tibi
839 2351 960 2436 dabo.
1019 2348 1216 2437 Diabolus
1242 2377 1337 2437 tunc
1362 2346 1477 2465 supra
1498 2352 1658 2439 modurn

212 2472 423 2567 terribilem
446 2468 609 2585 speciem
635 2468 790 2551 indutus
815 2466 991 2577 undique
1010 2468 1121 2576 ignes
1146 2464 1326 2577 spirabatr
1364 2472 1429 2551 cui
1461 2466 1566 2553 dixit
1589 2468 1657 2569 Ju-

213 2592 292 2681 smr
319 2590 431 2676 Vade
451 2589 593 2671 Sathau
610 2587 686 2665 &o
714 2605 807 2664 tuuc
823 2576 980 2690 reliquit
1000 2606 1093 2663 eum
1114 2576 1309 2665 Diabolus
1330 2576 1544 2665 horribiles
1568 2582 1658 2667 daras

212 2706 372 2802 souitu,
396 2710 450 2786 ita
480 2724 522 2783 ut
546 2722 661 2781 mons
690 2698 826 2809 igneus
849 2688 1009 2778 effectus
1037 2692 1213 2778 funditus
1240 2690 1361 2779 dilabi
1390 2694 1595 2780 videretur
1617 2718 1658 2779 ac

214 2820 328 2906 dirui.
410 2817 513 2898 Dein
541 2807 633 2914 JEsu
662 2803 905 2918 Angelorum
938 2831 1045 2891 coetu
1074 2804 1329 2893 circumditur
1354 2812 1396 2891 in
1421 2801 1564 2893 locum
1591 2810 1658 2895 du-

213 2943 298 3023 nur
317 2932 372 3016 esi
389 2932 491 3015 rnirae
513 2919 817 3037 pulchritudinis.
897 2922 1014 3009 Velle
1031 2917 1207 3029 praeclara
1228 2920 1397 3035 primrim
1420 2919 1573 3037 Angeli
1592 2926 1657 3008 mi·

213 3050 409 3136 uislrantes
424 3036 759 3126 circumdederunt
778 3035 951 3139 Jfisunr.
1005 3034 1237 3119 Contentus
1253 3032 1345 3118 dein
1374 3038 1511 3123 varior
1531 3064 1657 3153 protu-

213 3161 377 3278 pserunt.
433 3150 605 3240 Mensam
629 3177 794 3265 quoque
816 3152 954 3263 parari,
985 3148 1176 3235 candidos
1204 3144 1331 3232 asserti
1353 3175 1481 3261 penes
1500 3146 1657 3269 Angeli-

213 3273 492 3364 eominillerio
509 3265 720 3378 conspexit.
1468 3368 1471 3373 Ι

329 3408 372 3493 L
399 3433 439 3506 4.
465 3406 517 3490 C.
549 3431 614 3489 ra.
668 3405 775 3487 Ferit
817 3406 955 3515 quinta
1000 3425 1094 3487 aute
1144 3404 1395 3495 Dorninicam
1438 3403 1657 3495 Palmam

215 3523 420 3610 veronice
447 3543 557 3601 mens
586 3517 636 3600 ab
660 3511 816 3628 Angelo
835 3517 987 3600 ducitur
1009 3516 1061 3600 ad
1080 3512 1229 3614 locum,
1250 3516 1321 3603 ubi
1336 3519 1541 3609 christun
1569 3546 1656 3635 pto·

214 3623 1499 3839 dillnlssllsllllllllsdllllllll‘illl
1524 3634 1654 3835 ,lb

215 3863 337 3951 turbat
368 3855 526 3942 sedebat
556 3856 719 3943 foemina
744 3854 870 3941 altiori
901 3853 991 3941 sede
1020 3852 1171 3955 locata,
1204 3773 1311 3965 cujugs
1335 3885 1499 3947 ornatus
1525 3865 1648 3974 cupita

212 3965 1096 4085 acvestiuutmculiiustabrlenmotuscapitis
1118 3966 1470 4081 umcadlavam,
1488 3966 1644 4175 ruff

1086 2125 1416 2209 imbuendae.
1442 2171 1462 2190 -
1522 2128 1659 2211 lteram
