3796 4994
442 216 659 359 aaeapu
683 217 802 358 Wufi
828 219 885 330 ear
903 224 1024 330 ‘'Wrir
1044 232 1260 367 Parrum?
1509 262 1565 357 ¹3

117 494 126 507 ·
230 492 276 568 tp·
300 460 351 548 ln'
371 464 448 549 vita
473 436 682 569 Ioannis
719 435 976 544 Monachi'
1008 456 1328 555 narrabantur
1357 453 1591 582 Postquam
1622 507 1625 516 ·

114 576 238 668 multa
263 580 381 663 nobis
405 580 447 664 S.
475 586 649 701 Jpannes
681 581 734 665 de
759 585 943 687 jactantia
969 585 1066 665 vitio
1098 576 1288 678 disseruit,
1310 580 1361 665 ad
1386 578 1566 680 ultimum
1669 686 1675 693 ς

113 692 245 784 intulit
262 696 411 779 dicens:
443 698 533 780 Erat
549 698 711 807 quidam
732 696 838 808 apud
867 721 941 779 nos
962 697 1199 797 monachus,
1218 699 1259 779 in
1281 699 1356 779 hac
1375 701 1502 781 vicina
1524 699 1591 782 εί

112 840 225 898 temo
244 836 511 909 commanens,
533 815 594 896 cui
612 806 873 895 habitaculum
896 806 1078 924 spelunca
1101 836 1201 900 erata·
1244 815 1302 894 vir
1324 811 1476 895 summa
1500 812 1571 897 ab·
1622 908 1625 913 ,
1684 826 1687 836 ’

114 930 309 1021 limentur,
329 927 604 1038 quotidianum
624 931 768 1010 vicium
788 922 928 1010 labore
943 953 1126 1015 manuum
1147 898 1336 1039 querefa,
1354 932 1395 1011 in
1420 931 1570 1014 oratio·-
1590 946 1594 954 '

113 1044 227 1127 tribus
250 1043 315 1126 die
335 1047 537 1153 noctuque
559 1041 778 1152 persistens,
803 1043 1030 1155 cunctisque
1052 1046 1170 1125 animi
1192 1040 1396 1126 virtutibus
1412 1047 1571 1131 florenti

114 1158 192 1243 Sed
207 1159 271 1242 bic
290 1151 383 1240 latis
407 1152 632 1240 successibus
658 1153 780 1240 elatus
806 1153 1007 1241 confidere
1031 1155 1138 1272 quafi
1161 1160 1202 1240 in
1225 1154 1466 1268 profectibus
1493 1154 1569 1245 fuit

84 1354 86 1358 .
115 1278 248 1385 coepit,
269 1277 308 1354 ἃ
332 1298 413 1354 non
436 1273 527 1354 Deo
550 1297 692 1371 totum,
713 1267 779 1355 sed
798 1268 1015 1384 sibimetipsi
1033 1271 1147 1387 quod
1167 1269 1387 1384 profecerat
1405 1272 1569 1386 deputa·
1616 1296 1619 1300 ·

68 1414 167 1483 ae.
227 1392 339 1470 Hanc
359 1409 488 1470 autem
511 1391 662 1470 intuens
683 1390 800 1473 animi
821 1383 1157 1500 praesumptionem
1179 1410 1350 1472 tentator
1375 1389 1567 1475 continuo

111 1502 264 1589 accedit
286 1497 509 1615 &laqueos
534 1527 652 1615 parat.
709 1503 892 1618 Qradam
919 1528 1092 1618 namque
1110 1504 1174 1587 die
1196 1500 1248 1587 ad
1273 1498 1466 1615 vesperam
1488 1502 1563 1588 lin-

139 1625 168 1702 it
189 1613 353 1730 speciem
383 1618 535 1701 decorae
558 1611 725 1701 mulieris
748 1615 963 1701 oberrantis
998 1645 1071 1731 per
1105 1644 1306 1715 eremum,
1339 1644 1427 1731 quat
1442 1613 1564 1706 ¹uelut

37 1768 52 1783 “
110 1648 203 1820 seua
226 1761 296 1842 per
319 1735 479 1816 nimium
502 1726 680 1816 laborem
709 1731 898 1816 accedens
922 1731 974 1816 ad
996 1738 1135 1817 ollium
1160 1725 1345 1845 speluocae
1381 1736 1599 1819 monachi
1712 1735 1716 1763 ¹

108 1847 149 1934 se
173 1838 432 1933 lassabundam
454 1843 634 1931 famulans
653 1874 698 1930 ac
729 1844 925 1960 fatigatam
954 1842 1177 1932 intrinsecus
1203 1843 1439 1959 semetipsam
1467 1854 1563 1958 pro-²

109 1969 199 2075 jecit
223 1990 344 2078 atque
366 1959 554 2048 advoluta
584 1961 748 2075 genibus
772 1964 855 2061 viri,
881 1985 925 2045 ut
945 1959 1000 2046 sui
1023 1960 1241 2047 misereatur
1257 1989 1404 2047 exorat.
1462 1967 1562 2053 Nox
1676 2034 1680 2042 .

111 2085 215 2164 enim
239 2107 304 2164 me
334 2073 551 2176 infelicem,
575 2083 727 2193 inquit,
754 2104 819 2162 me
853 2075 1068 2162 latitantem
1102 2079 1425 2188 comprehenditr
1466 2079 1562 2186 jube

110 2223 174 2279 me
192 2189 490 2307 requiescerem
517 2191 664 2306 angulo
689 2189 792 2279 cellae
808 2218 895 2293 tuat,
918 2220 969 2279 ne
990 2190 1096 2277 forte
1114 2189 1254 2278 efficiar
1275 2200 1472 2278 nocturnis
1489 2195 1562 2282 be-
1586 2300 1592 2305 ,

109 2312 184 2395 stiis
209 2308 350 2421 pracda.
409 2309 464 2394 At
484 2302 550 2394 ille
571 2310 699 2422 primb
719 2308 969 2394 miserationis
993 2310 1161 2393 obtentu
1182 2314 1327 2421 recepit
1355 2336 1440 2393 eam
1464 2316 1563 2397 intra
1666 2362 1670 2368 ·

107 2418 354 2535 speluncam,
375 2428 598 2536 requirens,
623 2449 709 2537 quae
737 2428 772 2508 ei
798 2419 905 2508 causa
941 2427 1092 2509 errandi
1121 2452 1192 2537 pet
1214 2447 1386 2508 eremum
1412 2420 1562 2512 fuerit?

109 2535 176 2624 llla
198 2531 347 2624 causam
375 2537 484 2651 fingit
504 2536 589 2623 satis
609 2538 811 2637 accurate,
846 2544 885 2623 δι
913 2542 1066 2623 interim
1092 2565 1240 2623 venena
1271 2534 1561 2625 blandimento·
1704 2621 1712 2628 .

109 2683 193 2740 tum
213 2680 333 2767 atque
349 2649 540 2737 illecebra
566 2657 670 2737 virus
693 2683 762 2766 per
790 2682 949 2739 omnem
977 2677 1126 2739 textum
1150 2659 1376 2739 narrationis
1401 2649 1560 2742 interfc·
1638 2703 1640 2707 ·

108 2775 176 2859 rita
206 2765 452 2881 elegantia&
477 2765 659 2853 suavitate
678 2768 861 2854 sermonis
881 2764 1039 2853 inclinat
1061 2777 1224 2854 animam
1246 2770 1429 2872 homnis,
1459 2776 1497 2854 δι
1516 2773 1560 2858 iu

108 2880 289 2969 affectum
309 2879 364 2968 sui
385 2880 616 2969 illecebroso
641 2911 775 2970 amore
800 2887 983 2971 deflectit.
1042 2891 1145 2969 Hinc
1165 2890 1242 2993 jam
1256 2891 1357 2969 inter
1376 2882 1566 2971 blandio·¹
1627 2900 1629 2905 ’

107 3027 147 3087 ra
167 2993 369 3111 colloquia
380 3006 488 3106 jocus
505 3002 677 3110 risusque
699 2996 915 3096 miscentur,
936 3024 1072 3084 manus
1083 3005 1198 3085 etiarn
1218 3021 1363 3113 procax
1383 3001 1432 3082 ad
1450 3028 1559 3085 men·

107 3139 192 3199 tum
208 3115 452 3228 barbamque
480 3113 585 3226 quafi
603 3117 813 3199 venerandi
837 3114 963 3226 specie
996 3116 1216 3225 protendit,
1243 3128 1323 3196 tum
1353 3114 1449 3197 verti
1475 3111 1573 3224 pal-1

105 3258 198 3343 pare
225 3234 413 3313 cervicem
436 3224 606 3325 mollius,
630 3225 859 3342 collumque
882 3226 1061 3342 levigare.
1118 3231 1227 3338 Quid
1249 3226 1395 3312 multa?
1430 3231 1479 3310 ad
1499 3222 1559 3313 ul·

106 3351 244 3428 timum
269 3349 462 3454 captivum
495 3345 603 3427 ducit
627 3341 788 3428 militem
817 3345 979 3441 Christi,
1005 3348 1194 3428 continuo
1216 3358 1316 3429 emm
1344 3345 1561 3455 perturbari
1623 3357 1625 3362 ’

107 3464 204 3543 intra
227 3453 480 3568 semetipsum,
501 3463 539 3541 δι
562 3455 733 3543 libidinis
760 3458 938 3543 fiuctibus
956 3461 1111 3542 aestuare
1139 3464 1284 3571 coepit,
1306 3486 1560 3573 nequaquam

105 3570 286 3659 laborum
315 3578 619 3684 praeteritorum,
653 3600 904 3687 nequaquam
936 3573 1180 3684 professionis
1206 3573 1278 3657 suae
1304 3599 1349 3656 ac
1367 3573 1560 3686 propuliti

105 3684 270 3773 memor.
339 3683 539 3771 Paciscitur
562 3713 650 3770 cum
680 3691 810 3772 cordis
828 3684 881 3770 fui
904 3686 1223 3803 concupiscentia,
1248 3694 1404 3773 &intra
1423 3715 1561 3776 arcana

107 3809 387 3916 cogitationum
415 3797 562 3885 suarum
593 3800 737 3886 foedus‘
761 3829 848 3885 cum
879 3799 973 3889 falsa
1000 3799 1201 3913 voluptate
1223 3812 1438 3916 componit.
1496 3814 1560 3891 ln·
1603 3838 1607 3845 ·

106 3915 223 4001 clinat
243 3913 374 4000 stultus
393 3910 512 4000 latera
528 3913 607 4016 sua,
631 3925 669 4000 δι
689 3913 853 4003 efficitur
872 3915 966 4000 sicut
993 3944 1116 4032 equus
1146 3922 1186 3999 δι
1221 3915 1375 4015 mulus,
1410 3918 1557 4030 quibua

106 4032 271 4120 nonest
305 4025 535 4118 intellectus.
602 4032 742 4149 Atque
768 4033 836 4122 ubi
867 4030 1079 4150 obscoenor
1106 4037 1184 4143 jam
1218 4030 1431 4117 conabatur
1458 4040 1557 4119 imre

397 4205 400 4209 -
889 4151 971 4254 Β,
1080 4169 1088 4183 ‘
1193 4224 1196 4228 .
1449 4173 1557 4230 cotn-
1622 4178 1637 4194 ‘
