3796 4994
594 322 598 328 -
671 205 995 384 Regula'exS.
1014 236 1234 383 'Therasia
1575 278 1670 385 193

215 456 606 549 nido‘iutervenire
625 452 752 569 posset
772 457 849 541 dec
900 460 972 554 tio,
995 453 1061 540 bic
1079 455 1175 540 verb
1193 480 1290 553 non,
1315 457 1408 569 quia
1432 456 1591 541 interius
1614 483 1675 543 re·

215 575 352 690 linquit
382 581 526 685 ingens
561 568 734 672 iuoum,
767 576 848 655 &t
888 599 928 655 es
950 567 1137 668 effeetus,
1165 575 1235 683 qui
1260 571 1377 655 neca
1401 568 1675 673 melancholia,

212 718 277 791 nec
302 688 330 775 i
354 688 557 775 doemone
585 682 724 771 causari
755 683 933 799 possuntt
971 712 1101 798 neque
1135 690 1239 769 enim
1269 685 1434 771 doemon
1464 710 1674 796 procurare

213 802 334 920 posset
356 829 510 889 tantam
523 802 732 887 bonorum
762 803 932 912 copiam,
959 821 1103 884 tantam
1129 826 1265 910 pacem
1290 802 1495 901 internam,
1524 825 1673 885 tantum

214 918 453 1007 destdtrium
483 922 523 1000 in
561 917 743 1003 omnibus
772 911 953 1027 placendi
991 918 1098 1012 Deo,
1139 920 1178 999 δι
1212 939 1363 998 tantum
1402 941 1676 1027 contemptum

215 1042 411 1131 omnium,
438 1060 527 1146 quar
547 1027 704 1143 possunt
725 1032 922 1127 abducere
941 1028 965 1114 a
985 1035 1089 1126 Deo,
1111 1034 1149 1112 δι
1168 1053 1318 1113 tantum
1341 1029 1507 1115 studium
1532 1035 1676 1141 putita-

214 1154 257 1237 (ις
276 1144 533 1235 conscientia:
560 1146 617 1230 ob
647 1154 777 1259 jugem
815 1146 954 1230 divinat
982 1140 1186 1254 praesentiat
1215 1150 1458 1230 memoriam.
1522 1145 1677 1229 Ibidem
1765 1252 1770 1257 Ι

214 1268 261 1352 C.
288 1280 331 1350 6.
354 1264 412 1347 dt
432 1265 583 1375 ingenti
604 1261 798 1351 defiderio
819 1261 1027 1354 moriendi,
1047 1285 1090 1344 ut
1110 1258 1223 1343 simus
1246 1286 1335 1344 cum
1362 1265 1477 1359 Deo,
1504 1252 1676 1371 ¹loqueos

216 1379 330 1465 dicit:
355 1378 443 1463 hoc
464 1373 585 1489 ipsum
619 1373 851 1461 defidetium
883 1369 1100 1486 aliquando
1134 1372 1210 1459 eise
1235 1375 1545 1472 moderandum,
1580 1375 1675 1457 dnm

216 1499 380 1579 nimium
405 1498 537 1605 angit,
567 1490 776 1576 evocando
809 1495 1065 1576 attentionem
1085 1489 1136 1573 ad
1160 1484 1245 1575 alia.
1304 1491 1411 1572 Dein
1437 1489 1588 1573 addens
1617 1515 1678 1571 ra·

216 1613 373 1695 tionem
397 1602 610 1719 subjungit:
635 1607 756 1703 Nam,
781 1632 870 1689 cum
889 1607 970 1715 haec
995 1602 1402 1688 desideriavideantur
1423 1598 1499 1687 effe
1514 1598 1676 1688 effeetus

218 1720 393 1837 pesonae
411 1729 489 1825 jam
503 1726 548 1807 in
565 1717 694 1833 spiritu
717 1717 914 1831 profeciat,
934 1710 1049 1802 facile
1069 1714 1195 1828 posset
1223 1723 1479 1832 contingere,
1507 1744 1553 1802 ta
1575 1722 1677 1801 exci-

217 1845 288 1925 tari
315 1838 344 1925 ὲ
371 1836 569 1925 doemone
594 1840 674 1920 hoc
699 1833 858 1932 fine,·ut
879 1836 1115 1946 cogitemus,
1133 1838 1249 1920 etiarn
1275 1860 1351 1919 nos
1376 1828 1454 1919 eise
1477 1828 1572 1918 tales
1589 1859 1678 1942 per·

221 1949 330 2039 sonas
351 1958 400 2037 in
418 1947 552 2065 spiritu
579 1947 787 2062 prosedas.
848 1950 1006 2037 Censeo
1027 1972 1178 2049 tamen,
1201 1949 1432 2034 doemonem
1455 1975 1538 2031 non
1568 1942 1699 2057 poss'e,

223 2065 376 2154 efficere
403 2091 552 2151 mutam
605 2071 723 2149 uitem
746 2070 786 2147 δι
820 2091 979 2175 pacem,
1009 2060 1165 2177 qualem
1192 2065 1272 2147 hoc
1304 2061 1533 2149 desiderium
1558 2064 1678 2147 stante

225 2181 289 2271 ito
316 2185 492 2267 muciam
510 2094 653 2270 caudata
680 2177 747 2265 sed
767 2176 873 2265 forte
892 2206 940 2265 ea
961 2181 1144 2265 excitabit
1172 2176 1359 2265 desideria
1383 2176 1678 2263 commovendo

310 2322 412 2381 ones
437 2322 485 2381 ac
509 2292 800 2395 inclinationes,
833 2289 970 2408 quales
999 2291 1128 2379 sentiri
1146 2289 1270 2379 solent
1297 2322 1345 2378 ex
1366 2320 1456 2378 cura
1480 2317 1678 2406 tempora

244 2418 332 2497 nm.
391 2414 475 2517 Qui
500 2434 629 2495 autem
659 2432 838 2503 neumam
863 2412 1005 2493 horum
1030 2435 1211 2520 expertus
1249 2405 1388 2505 fuerit,
1418 2435 1501 2492 non
1531 2411 1678 2521 poterit

232 2528 302 2613 boc
316 2520 551 2637 intelligere,
566 2529 605 2606 δι
629 2522 723 2607 dum
742 2523 983 2621 existimabit,
1003 2525 1045 2607 id
1067 2551 1149 2608 rem
1168 2550 1348 2635 magnam
1361 2518 1452 2623 esse,
1467 2549 1688 2633 promove·.

233 2640 283 2725 bit
302 2636 404 2723 illud
425 2637 701 2723 desideriorum
724 2662 977 2735 tormentum,
1004 2637 1135 2751 sicque
1158 2636 1274 2722 valde
1300 2638 1461 2723 nocebit
1487 2634 1558 2722 sua
1581 2631 1680 2721 sani·

231 2760 306 2841 tati.
361 2755 475 2838 idem
495 2755 624 2866 potest
647 2757 764 2837 etiam
789 2759 997 2865 provenite
1029 2751 1052 2838 a
1088 2754 1349 2838 teneritudine
1377 2748 1678 2865 complexionis,

234 2897 363 2981 prona
381 2870 442 2955 ad'
450 2864 663 2965 lachrimas,
683 2872 745 2952 eui
766 2867 901 2952 audito
927 2864 1110 2980 quolibet
1127 2870 1251 2954 verbo
1275 2868 1328 2953 de
1347 2870 1439 2954 Deo
1462 2867 1574 2952 resisti
1595 2893 1680 2953 non
1755 2974 1759 2979 Ι

235 2986 366 3097 potest.
427 2985 608 3069 Doemon
639 3005 768 3065 autem
794 3010 864 3095 per
904 2983 983 3066 hoc
1010 2988 1168 3096 quaerit,
1205 3007 1250 3067 ut
1287 2984 1482 3091 ejusmodi
1510 2977 1682 3095 personat

235 3097 279 3185 fic
297 3094 519 3213 defatigatis
544 3096 688 3182 vitibus
720 3098 888 3181 orationi
913 3102 952 3179 dt
977 3098 1049 3181 suis
1076 3094 1217 3211 tegulis
1243 3094 1406 3210 amplius
1434 3123 1571 3182 vacare
1596 3123 1681 3181 non

235 3212 378 3325 pnffinr.
447 3210 549 3295 ibid.
566 3212 620 3297 C.
644 3232 683 3307 ει
702 3215 774 3296 ait:
811 3215 865 3295 Hi
893 3206 1053 3296 effeetus
1081 3216 1311 3326 (hucusque
1340 3211 1533 3313 recensiti)
1566 3204 1682 3297 facile

236 3322 386 3443 agnosci
407 3325 663 3438 poteruntab
682 3328 743 3423 iis,
771 3331 840 3439 qui
856 3327 973 3411 idem
995 3331 1144 3437 experti
1169 3325 1267 3413 sunt.
1323 3332 1442 3427 Nam,
1462 3351 1504 3410 ut
1525 3333 1601 3432 jam
1622 3324 1682 3411 di·

232 3470 283 3543 tn,
303 3436 448 3529 censeo
474 3436 549 3527 eise
574 3435 818 3555 imposfibiie,
848 3440 962 3552 quod
983 3440 1054 3525 stnt
1075 3441 1126 3527 ab
1144 3446 1421 3555 imaginatione
1441 3437 1504 3526 vel
1524 3442 1685 3529 doemo-

233 3584 294 3645 ne.
351 3560 396 3645 Si
423 3558 528 3641 enirn
554 3551 689 3641 forent
713 3554 764 3639 ab
789 3558 1079 3667 imaginatione,
1105 3582 1186 3641 non
1215 3553 1370 3670 possent
1396 3557 1545 3641 tamdiu
1573 3558 1687 3642 duta·

232 3700 294 3764 tet
322 3668 410 3757 &fi
435 3676 612 3761 vernent
634 3668 892 3767 adoemone,
918 3698 1001 3755 non
1026 3666 1209 3757 afferrent
1231 3695 1309 3755 tam
1337 3671 1553 3757 notabilem
1584 3667 1688 3756 utili·

231 3811 367 3885 tatem,
388 3814 462 3871 nec
483 3783 755 3871 conservarent
776 3788 943 3870 animam
973 3790 1140 3869 intanta
1167 3812 1263 3897 pace
1287 3791 1455 3876 internas
1497 3815 1586 3872 cum
1606 3787 1688 3869 hac

230 3930 311 3987 non
344 3902 391 3987 stt
418 3895 665 3986 consuetudo
690 3894 823 3988 iliiust
883 3924 1015 4014 neque
1047 3924 1125 3985 tam
1161 3900 1337 4014 perversa
1363 3928 1533 3987 creatura
1561 3898 1688 4009 potest

231 4014 383 4125 uusare
410 4038 563 4100 motum
590 4013 756 4112 bonum,
784 4011 928 4101 etiamst
956 4010 1086 4120 vellet,
1103 4041 1193 4101 nam
1213 4010 1340 4104 subito
1367 4017 1406 4103 se
1432 4014 1690 4103 immiscerent

345 4132 408 4239 D,
429 4131 478 4219 Ε.
495 4132 559 4219 A.
583 4124 821 4219 renovem.
842 4128 946 4217 Pars
960 4128 995 4238 I,
1171 4128 1241 4217 Bb
1563 4150 1691 4238 vapor
