3796 4994
1518 152 1612 243 ‘f

216 345 312 422 tta
595 303 848 453 Regalaecat
871 269 992 427 Carti.
1014 302 1280 415 dedititiae

213 520 456 639 cxipedlante
481 526 626 610 exitum
647 529 925 636 conjurationis
947 528 987 608 in
1011 516 1152 628 Julium
1181 518 1388 618 Caesarem,
1417 521 1457 603 dt
1479 542 1550 632 per
1566 543 1666 604 nutt-

214 646 294 726 tios
320 639 503 724 audiente
516 669 611 754 qun
627 641 794 737 fiebant,
816 664 894 750 pra
920 637 1049 726 dolore
1074 665 1151 724 non
1167 632 1433 752 ficflinucrttni
1456 630 1560 722 ultra
1580 662 1668 721 cot·

207 761 321 871 poris
348 756 470 851 vires,
487 751 564 870 Jid
586 760 712 844 animo
740 757 988 863 fluiiuoiione
1027 750 1202 862 astatore
1229 747 1288 846 δ’
1308 748 1493 865 fatiscens
1519 757 1669 861 repenle

215 869 336 958 animi
359 864 489 980 (inpar
511 896 592 958 cam
622 874 820 983 corripuit,
848 873 968 957 animi
994 865 1158 980 desudas
1186 863 1327 978 adp‘ttii,
1354 861 1458 951 color
1485 874 1669 963 mutuat,

216 1011 306 1077 vox
315 978 509 1097 [apprcffa.
564 989 635 1069 His
654 989 875 1100 praenotatis

335 1131 539 1221 Probatur
564 1131 717 1250 Regula.
777 1139 883 1244 Quia
904 1126 1114 1246 applicatio
1134 1134 1173 1216 in
1193 1127 1324 1248 aliqua
1338 1130 1675 1247 contemplatione
1715 1211 1718 1217 ,

156 1346 160 1351 .
220 1252 351 1366 potest
369 1254 421 1333 ita
440 1245 517 1333 eisc
540 1251 765 1346 vehemens,
789 1248 906 1361 quod
923 1275 1063 1332 omnes
1081 1244 1229 1360 spiritus
1250 1246 1385 1333 vitales
1405 1253 1445 1333 in
1462 1250 1674 1353 'cerebrum

223 1362 477 1478 confugiant,
506 1368 546 1446 dt
568 1359 695 1447 lenius
722 1368 870 1447 externi
895 1369 950 1446 eis
972 1363 1141 1446 destituti
1169 1368 1325 1448 immoti
1350 1387 1544 1449 maneant.
1600 1363 1675 1453 Etfi

221 1483 343 1577 enim,
372 1502 414 1562 ut
435 1474 503 1563 suo
525 1473 621 1561 loco
646 1480 790 1561 dicium
813 1480 887 1576 cst,
919 1477 970 1561 ad
1003 1487 1129 1562 adium
1153 1475 1352 1563 fruuuose
1380 1476 1676 1593 contemplandi

224 1588 639 1708 requiraturspccialis
668 1597 806 1705 gratiat
840 1596 1005 1707 quando
1029 1617 1160 1676 tamen
1185 1619 1255 1703 pet
1284 1620 1370 1678 cam
1395 1600 1473 1701 jam
1503 1596 1676 1680 habitant

226 1715 317 1822 quis
333 1710 373 1792 in
390 1713 480 1792 adiu
500 1704 842 1821 contemplationis
863 1708 929 1806 est,
950 1709 1078 1820 potest
1097 1709 1212 1791 etiam
1231 1705 1301 1794 suo
1322 1734 1463 1794 conatu
1479 1708 1677 1815 intensius,

112 1916 114 1923 ,
227 1829 353 1910 immo
380 1819 619 1907 intenfiffime
649 1825 689 1906 in
715 1848 765 1908 eo
791 1830 880 1908 adiu
909 1816 1110 1936 applicarit
1156 1827 1195 1905 dc
1218 1849 1313 1908 tunc
1337 1824 1519 1909 accidere
1548 1828 1678 1937 potest

226 1930 409 2023 naturalis
451 1931 634 2021 alienatio
673 1933 737 2021 seu
782 1935 937 2033 edlasts,
983 1941 1161 2050 quamvis
1202 1938 1305 2023 tato.
1389 1932 1460 2024 Et'
1478 1941 1571 2024 hinc
1610 1940 1679 2039 est,

228 2051 345 2167 quod
364 2057 439 2160 jam
462 2078 533 2163 ρετ
551 2078 675 2136 annot
687 2048 771 2135 fere
791 2056 943 2164 triginta
963 2076 1143 2163 expertus
1158 2054 1252 2151 sum,
1274 2082 1360 2138 eum
1383 2057 1509 2168 agitur
1528 2053 1582 2138 de
1598 2055 1680 2139 Ca-

142 2202 146 2209 ·
212 2171 482 2275 (nonization'e
509 2166 666 2272 alicuius
688 2162 785 2250 servi
802 2167 894 2264 Dei,
921 2170 960 2247 ἃ
977 2165 1021 2249 fit
1038 2161 1255 2252 scrutinium
1280 2167 1331 2252 de
1352 2164 1556 2268 miraculis,
1579 2170 1681 2256 inter

231 2307 382 2367 canon
405 2304 655 2393 numerantur
682 2275 852 2376 Euolet,
880 2280 947 2363 nist
973 2281 1145 2365 evidenti
1171 2278 1306 2396 aliquo
1328 2282 1437 2396 figno
1458 2283 1529 2368 stne
1555 2284 1684 2369 admi·

150 2493 153 2496 Δ
193 2475 196 2479 .
230 2394 416 2483 niculatac.
474 2397 523 2480 Et
539 2399 639 2478 ratio
667 2397 733 2492 cst,
759 2398 864 2509 quia,
885 2421 928 2480 ut
946 2394 1039 2496 dixi,
1064 2391 1139 2480 else
1158 2399 1315 2509 pollunt
1342 2395 1544 2483 naturales.
1602 2401 1682 2486 111ae

58 2520 65 2531 “
230 2521 378 2610 autem,
403 2507 473 2596 etfi
494 2504 686 2594 mirabiles
707 2511 783 2594 dici
808 2509 971 2620 pollnt,
999 2538 1082 2594 non
1107 2535 1237 2598 tamen
1264 2509 1510 2599 miraculosa.
1570 2515 1683 2611 Cott-

230 2628 361 2713 firmat
387 2628 469 2711 hacc
486 2622 551 2710 sua
574 2623 677 2710 dieta
697 2627 851 2711 Lauraea
879 2652 928 2711 ex
945 2628 985 2714 S.
1010 2629 1224 2726 Bernardo‚
1246 2629 1454 2728 Richardo,
1476 2633 1513 2711 δι
1540 2629 1581 2716 8,
1602 2626 1686 2714 Bo·

228 2765 454 2829 noventura.

339 2898 509 3026 Regula
546 2924 623 3020 14.
666 2889 837 3000 Etiam
871 2902 926 3000 in
962 2924 1020 2999 ea
1055 2890 1246 3014 auat,
1291 2926 1406 3033 qua
1447 2907 1689 3033 provenit

85 3059 88 3062 ’
238 3069 300 3142 ex
326 3056 575 3142 movente
605 3034 745 3153 Deo,
776 3033 915 3142 &ex
949 3036 1141 3174 speciali
1169 3050 1326 3177 gratia
1357 3037 1541 3158 divina,
1568 3066 1691 3176 pot·

238 3179 308 3284 est
333 3186 630 3287 intervenire
674 3182 797 3285 vifio
837 3188 1058 3319 propriae
1105 3176 1407 3317 phantafiac‚
1454 3180 1691 3327 adeoque

145 3376 149 3386 ·
237 3350 461 3444 erronea.
484 3350 487 3355 '
532 3349 645 3430 Patet
671 3342 975 3456 exprobatione
998 3339 1153 3459 Regula
1173 3345 1438 3459 praecedentis.

238 3531 251 3587 ²
344 3527 514 3658 Regula
557 3556 633 3652 ¹5·
669 3517 935 3625 Interdum
959 3517 1350 3658 contemplativi
1380 3518 1540 3659 decipi
1565 3545 1694 3662 po's·

168 3666 171 3673 ’
241 3668 356 3773 sunt
390 3698 480 3803 per
511 3660 701 3770 Edases
738 3660 1105 3769 daemoniacas.
1133 3720 1136 3724 ·
1192 3686 1314 3801 Opus.
1340 3719 1375 3790 ς.
1402 3690 1443 3776 c.
1464 3706 1504 3778 a.
1540 3699 1695 3781 ,Ratio

72 3842 80 3861 ,-
199 3911 203 3919 1
244 3811 325 3904 est,
354 3810 447 3919 quia
479 3806 590 3890 Deus
615 3807 835 3916 permittit,¹
856 3830 901 3889 ut
929 3800 1024 3890 servi
1049 3802 1102 3889 sui
1137 3804 1417 3888 tentationibus
1452 3806 1694 3894 doemonum

241 3920 475 4029 subjaceant,
491 3944 534 4007 ut
559 3915 751 4005 humiliari
772 3916 930 4003 discant.
986 3921 1034 4001 Et
1056 3921 1107 4004 de
1129 3917 1234 4003 fado
1254 3912 1349 4030 sape
1368 3915 1496 4004 illudit
1519 3923 1599 4005 Dei
1618 3921 1694 4008 ser-

121 4056 124 4065 “
242 4066 332 4135 vos,
352 4031 556 4120 inserendo
578 4037 621 4117 in
642 4032 838 4145 phantafia
858 4029 1001 4144 species
1026 4029 1173 4147 aliquas
1197 4061 1340 4145 rerum,
1370 4062 1457 4146 quae
1481 4039 1522 4118 in
1536 4055 1694 4139 'terion
1719 4122 1723 4129 ,

243 4143 343 4257 sunt.
399 4151 465 4236 Sic
479 4151 631 4264 putavit
649 4142 772 4263 ipsum
795 4147 985 4232 Christum
1009 4142 1047 4233 se
1065 4142 1175 4263 polle
1194 4142 1386 4246 illudere,
1414 4175 1503 4236 cum
1525 4152 1696 4289 ostendit

1658 4296 1697 4361 ὕ
