3796 4994
162 374 165 386 ·
233 335 336 467 346
608 328 811 433 Revelai.
833 320 886 429 ule
908 327 1099 464 Agreda.
1120 335 1233 428 Pars
1252 332 1310 427 ll.

214 547 267 630 ¹&
295 547 492 645 virtutum,
574 540 633 625 lix
665 539 747 624 hoc
788 541 917 649 primo
957 538 1052 622 statu
1089 563 1231 649 nempe
1259 563 1308 622 ex
1334 532 1564 623 imitatione
1590 539 1692 629 inea}

226 687 314 746 rum
334 662 519 743 virnuurn
546 659 678 739 venies
697 654 747 737 ad
767 652 978 738 secundum
1004 654 1138 737 statum
1159 650 1449 763 perfectiorem,
1470 680 1623 766 nempe
1641 656 1691 744 ad

227 776 485 860 imititionem
506 771 667 856 christu
693 775 731 852 δι
750 797 799 852 tx
823 769 903 852 hoc
919 763 1089 851 secundo
1117 770 1212 851 statu
1229 770 1424 880 pertinges
1450 768 1505 851 ad
1531 774 1688 858 tertium

229 890 395 985 statum,
419 910 563 996 nempe
583 883 634 967 ad
655 887 841 968 unionem
868 911 956 968 curn
987 879 1143 966 cilentia
1164 882 1307 966 divina.
1394 885 1449 963 Hi
1468 906 1550 967 tres
1575 886 1690 972 stant

230 1027 272 1088 te
287 996 480 1114 obligant,
506 1023 549 1084 ut
565 997 610 1082 lis
634 994 846 1110 perfeetior
874 999 1104 1110 Seraphinis.
1174 997 1285 1081 Deus
1307 1020 1438 1080 tamen
1468 1023 1544 1080 eos
1574 992 1689 1086 'status

230 1115 301 1201 tibi
326 1112 531 1210 concessu,
549 1137 593 1197 ut
610 1108 746 1197 melius
770 1113 1121 1225 comprehenderes
1146 1138 1233 1222 mea
1259 1105 1405 1196 lumina
1436 1137 1486 1196 ac
1504 1139 1642 1225 opera,
1666 1114 1688 1202 i

97 1239 100 1244 ’
229 1254 271 1315 te
290 1224 552 1314 describenda.
615 1227 719 1311 Istud
738 1251 866 1311 autem
886 1226 1085 1310 obtinuisti
1103 1224 1126 1311 i
1146 1226 1239 1309 Deo
1260 1253 1329 1337 per
1345 1250 1482 1309 urtam
1501 1229 1687 1316 interces-

229 1343 393 1439 nonem,
413 1366 455 1426 ut
480 1342 640 1442 tirnidor
665 1367 755 1425 tuos
780 1336 903 1453 sensus
919 1337 1059 1425 subdas
1081 1335 1270 1452 voluntari
1289 1340 1395 1436 Dei,
1422 1345 1464 1424 δι
1489 1339 1685 1429 obedien·

227 1463 289 1544 tiae
311 1460 578 1568 Superiorunr‚
603 1461 674 1568 qui
697 1455 767 1540 tibi
788 1463 863 1558 iarn
884 1452 1014 1567 sapius
1039 1479 1318 1567 preceperunt,
1339 1476 1380 1538 ut
1400 1451 1546 1540 [tribas
1570 1457 1682 1544 hillo·

228 1577 322 1657 riam
340 1598 435 1656 mea
457 1575 562 1656 vitae.
644 1574 696 1653 Hi
719 1596 796 1654 tres
828 1573 941 1656 status
961 1562 1025 1653 seu
1052 1574 1122 1654 viae
1144 1572 1348 1653 continent
1371 1574 1411 1654 in
1436 1566 1478 1654 se
1504 1597 1559 1654 eo
1589 1570 1682 1660 iosas

227 1688 438 1803 doilrinas.
484 1684 629 1787 ¹Scribe
653 1711 718 1768 eas
736 1679 889 1770 seorsim
913 1690 953 1768 in
973 1679 1051 1769 alio
1073 1685 1209 1781 titulo,
1236 1688 1329 1796 quia
1349 1682 1400 1768 fic
1423 1687 1480 1768 est
1501 1602 1681 1773 voluntat

225 1803 331 1898 Dei,
365 1824 482 1914 prout
515 1805 555 1886 in
588 1795 817 1886 Praefatione
853 1801 965 1907 hujus
1002 1794 1091 1881 libri
1114 1797 1325 1910 promisrsti
1397 1797 1557 1884 Titulus
1595 1798 1677 1887 libri

224 1914 294 2002 fit:
336 1915 450 2114 ἵξις
474 1909 617 2028 Sponsa
630 1941 654 2023 ς,
682 1926 826 2002 vertex
845 1917 938 2028 puri
962 1915 1102 2000 amoris
1127 1916 1235 2028 ejus,
1253 2015 1257 2022 .
1276 1907 1336 2011 ΕΤ
1354 1913 1512 2025 finnus
1542 1911 1680 2005 colltlli

224 2055 277 2118 tx
304 2058 350 2115 ur
377 2055 441 2114 ore
470 2032 575 2114 viiae.
1296 2106 1299 2110 ,

340 2172 367 2247 7
374 2171 438 2246 37.
469 2143 720 2227 Advenerant
739 2144 855 2227 etiam
884 2141 988 2237 dies,
1014 2139 1161 2255 quibua
1179 2135 1351 2227 Israelita
1377 2142 1617 2233 tenebantur
1642 2143 1676 2232 se

220 2253 349 2346 listtre
373 2257 555 2341 Domino
569 2252 807 2364 Jerosolimis
828 2281 886 2342 ter
908 2284 979 2369 per
999 2268 1157 2353 annum,
1183 2280 1225 2342 ut
1245 2282 1352 2370 patet
1371 2286 1420 2342 ex
1440 2255 1550 2345 libro
1575 2264 1674 2348 Exo-

170 2398 176 2416 ⁸
222 2371 265 2456 di
291 2376 330 2456 δι
355 2372 672 2458 Deuteronomii.
731 2375 902 2458 Primum
927 2368 1025 2455 illud
1045 2367 1184 2457 festum
1216 2395 1297 2457 erat
1319 2370 1671 2462 tabernaculorum.

218 2480 447 2577 secundum
473 2487 714 2573 Pentecoste.
785 2490 972 2573 Tertium
1002 2482 1169 2588 Pascha,
1206 2482 1284 2603 seu„
1303 2484 1523 2576 Parasceve.
1609 2488 1672 2578 nd

219 2595 532 2700 lincolinum,
571 2602 687 2715 quod
723 2601 891 2687 durabat
917 2601 1063 2714 septem
1091 2601 1258 2699 diebus,
1295 2607 1403 2688 venit
1438 2607 1560 2690 etiarn
1589 2607 1669 2692 Ma·

143 2776 147 2789 .
217 2720 274 2803 tia
302 2744 390 2912 cuqr
413 2713 588 2829 Josepho
614 2721 654 2800 &
683 2741 770 2800 enm
793 2719 925 2820 Jfisu,
944 2720 1121 2831 quamvis
1141 2711 1318 2802 mulieres
1333 2745 1422 2815 non
1446 2713 1669 2836 obligaren-

213 2853 277 2917 tur
296 2858 340 2918 ea
378 2856 464 2914 ee.
535 2884 541 2895 ·
751 2896 754 2900 .

334 2859 429 3048 735·
456 2939 798 3030 proficiscebantur
812 2937 919 3026 fimul
941 2942 1077 3029 decem
1097 2939 1324 3056 angelorum
1345 2940 1464 3032 millia
1479 2946 1564 3036 hoc
1582 2972 1668 3036 toto

71 3165 77 3174 .
215 3063 352 3155 itinere
375 3062 600 3146 Nazarerho
624 3053 893 3161 Jerololimnrn
916 3063 961 3159 in
978 3058 1112 3143 vifibili
1138 3061 1263 3170 specie
1289 3064 1471 3148 humana.
1546 3066 1669 3153 Distat

214 3201 345 3262 autem
361 3170 591 3279 Jerosolinra
608 3176 833 3258 Nazaretho
852 3176 1008 3285 triginta
1027 3171 1262 3258 milliaribus.

332 3317 429 3392 739·
461 3293 591 3374 Primo
606 3313 709 3371 anno
727 3292 771 3370 B.
787 3294 908 3399 Virgo
926 3290 1109 3399 portabat
1129 3291 1376 3405 quandoque
1390 3293 1565 3395 JESUM
1583 3293 1666 3380 btt-

215 3403 307 3487 chiis
327 3408 366 3486 in
382 3407 461 3487 hoc
481 3407 638 3490 itinere3
669 3399 733 3485 sed
752 3408 860 3485 annis
880 3399 1199 3517 subsequentibus
1221 3403 1368 3518 semper
1390 3403 1559 3518 ipsemet
1572 3434 1665 3495 con·

213 3512 369 3602 liciebat
398 3540 527 3600 totum
547 3523 620 3601 iter
647 3515 781 3627 pedes.
842 3524 882 3600 B.
903 3522 1026 3632 Virgo
1045 3544 1137 3602 tunc
1160 3516 1257 3633 saepe
1276 3518 1346 3632 ipsi
1371 3521 1535 3611 detersit
1551 3520 1665 3610 sudo·-

212 3655 295 3717 rern
317 3631 341 3717 ὲ
364 3623 485 3729 vultu,
509 3635 547 3713 δι
570 3629 732 3744 quidem
753 3638 965 3744 genuflexa.

330 3793 427 3866 74²·
456 3761 680 3881 Aliquoties
696 3768 980 3876 pernoctabant
994 3769 1198 3877 incamp0.
1251 3772 1490 3884 B.Virgoin
1510 3796 1592 3860 tem
1621 3771 1660 3863 lu

210 3872 418 3996 aliquoties
441 3881 590 3968 audivit
615 3907 753 3963 vocem
784 3875 947 3990 coelestia
967 3883 1084 3994 patris
1094 3913 1114 3966 t·
1143 3879 1228 3969 Hit
1248 3879 1421 3995 essfilr‘us
1445 3915 1556 3981 mens
1572 3805 1659 3980 ‹lle-

174 4024 178 4029 ·
208 3993 301 4098 llus,
327 3999 368 4086 in
383 4021 457 4111 quo
478 3990 568 4087 mili
589 3992 809 4109 complaceo.
833 4020 838 4031 ·

1500 4272 1509 4289 ⁴
1565 4249 1654 4330 743⁸.
