3796 4994
224 356 289 446 ει
351 400 376 475 .'
637 330 743 458 Reg.
769 315 918 423 Prass.
944 353 1001 420 err
1029 244 1263 453 Gersone.⁵

98 534 105 585 ³
223 523 321 630 inus.
381 540 562 644 Quaeres,
591 530 688 643 quid
715 533 793 644 agii
827 531 907 614 hoc
933 528 1106 625 donum,
1138 528 1252 643 quod
1277 526 1547 620 discretionem
1569 525 1676 644 spiri-

224 683 333 746 tuum
353 657 457 760 juxta
479 638 708 759 Apostolum
728 640 997 757 appellamus?
1024 645 1119 758 Agit
1141 644 1341 758 equidem,
1358 671 1401 730 ut
1417 644 1553 758 sapore
1571 674 1678 760 quo·

258 799 316 853 am
342 771 496 859 intimo,
521 766 559 842 δι
583 753 864 845 illuminatione
885 760 1052 872 quadani
1081 754 1369 872 experimentali
1395 757 1529 846 sentiat
1546 763 1675 847 homo

229 882 464 972 differentias
488 881 585 958 inter
605 901 712 957 veras
734 870 989 957 revelationes
1010 880 1049 956 dr
1078 874 1321 986 deceptorias
1341 869 1547 960 illufiooes.
1584 882 1678 960 Hoc

229 1002 346 1087 tradit
368 1000 408 1077 B,
435 993 650 1102 Gregorius
670 997 709 1071 in
729 985 917 1101 Dialogo.
989 994 1081 1072 Hoc
1102 989 1211 1073 idem
1242 990 1295 1073 de
1311 983 1430 1101 seipso
1453 996 1497 1074 B.
1514 996 1679 1097 Bernar-

231 1118 302 1200 dus
324 1116 366 1194 in
387 1108 456 1193 sui's
476 1099 666 1189 miraculis
687 1100 840 1187 fatetur.
897 1102 1097 1187 Sentiebat
1126 1110 1256 1206 enim,
1284 1109 1322 1188 dr
1356 1129 1397 1189 ut
1423 1104 1473 1190 fic
1498 1105 1676 1203 dixerim,

229 1228 405 1346 gristabat
444 1223 598 1303 interno
635 1219 813 1331 quodam
852 1216 983 1301 afflatu
1011 1222 1050 1301 ἃ
1084 1217 1233 1317 odore,
1260 1219 1424 1332 quando
1453 1218 1504 1303 ad
1532 1217 1693 1327 facien·

232 1348 327 1431 dum
350 1331 529 1422 miracula
555 1332 622 1417 sibi
657 1339 774 1416 virtus
811 1330 966 1433 aderat,
1011 1357 1179 1445 utpote,
1212 1333 1263 1417 ad
1301 1328 1477 1420 sanitates
1510 1326 1679 1448 operan-

234 1462 348 1544 dum:
386 1449 723 1566 quemadmodum
757 1447 808 1529 de
827 1447 985 1530 Christo
1020 1448 1114 1531 dicit
1141 1443 1397 1561 Evangelista‚
1426 1451 1540 1562 quod
1568 1446 1679 1534 sensit

233 1578 412 1660 virtutem
436 1567 489 1648 de
515 1558 553 1647 se
573 1557 700 1657 exiise,
731 1561 824 1645 dum
845 1563 970 1645 sanata
998 1565 1051 1644 est
1072 1557 1208 1647 mulier
1239 1589 1286 1646 ex
1314 1571 1492 1647 contactu
1518 1565 1680 1647 fimbria

234 1685 459 1773 vestimenti.
537 1679 770 1790 Augustinus
806 1703 973 1791 quoque
1004 1675 1121 1760 refert
1161 1681 1200 1759 in
1238 1672 1310 1761 suis
1341 1675 1676 1773 eonfeuonibus,

233 1826 398 1889 matrem
432 1793 537 1878 suam
566 1793 640 1876 isto
676 1792 802 1877 modo
831 1798 930 1874 inter
965 1818 1073 1876 veras
1104 1796 1142 1875 dr
1179 1786 1287 1875 salsas
1316 1798 1513 1876 nocturnae
1568 1795 1679 1876 uictis

230 1914 481 2028 imagines&
506 1905 668 2003 visiones
693 1901 914 1990 discrevisse.
972 1912 1072 1990 Cum
1090 1910 1204 2020 igitur
1220 1901 1352 2019 regula
1373 1903 1570 1993 universa'
1612 1930 1678 1991 aut

140 2129 145 2138 ,
234 2035 410 2118 dourina
447 2049 550 2106 certa
581 2027 618 2104 dr
652 2014 860 2104 infallibilis
887 2047 1059 2133 nequeat
1088 2021 1187 2103 tradi
1215 2016 1325 2129 super
1351 2024 1422 2104 hac
1442 2026 1602 2104 materia
1626 2021 1679 2104 de

235 2144 463 2229 discretione
485 2134 705 2246 spirituum,
726 2160 790 2216 aur
815 2136 867 2216 de
888 2130 1172 2218 revelationum
1196 2141 1378 2232 veritate,
1412 2164 1501 2219 cum
1523 2139 1590 2220 ista
1618 2163 1678 2220 res

233 2257 320 2373 plus
350 2261 392 2338 in
418 2253 680 2363 experientia,
703 2254 742 2330 δι
769 2251 1040 2332 conditionum
1068 2242 1372 2360 particularium,
1399 2277 1487 2364 quae
1521 2249 1679 2337 infinitae

224 2372 344 2470 sunt,
378 2364 562 2453 concursu
593 2360 713 2476 quam
750 2368 789 2445 i'n
818 2387 899 2446 atre
926 2361 1119 2460 versetur,
1147 2366 1347 2449 videamur
1377 2360 1537 2471 fimilnt
1565 2370 1607 2449 iii
1635 2391 1676 2448 re

226 2493 331 2607 pati,
356 2489 479 2573 immo
499 2474 620 2591 longe
640 2473 802 2562 faciliori
829 2472 1105 2562 difficultatem.
1162 2482 1339 2561 Petamus
1364 2477 1415 2562 ab
1442 2475 1579 2611 aliqpio
1596 2480 1679 2564 dari

235 2602 353 2690 uobis
371 2595 438 2682 sub
464 2600 602 2680 arte&
630 2588 805 2676 doetrir'ia
832 2587 1050 2691 universali,
1077 2620 1289 2706 perquam
1316 2589 1396 2677 sciri
1427 2592 1574 2706 poterii
1594 2599 1677 2681 eri-

236 2719 376 2804 denter
396 2713 448 2798 de
468 2707 587 2821 seipso
611 2702 673 2790 vel
700 2703 777 2791 ilio
805 2703 974 2819 semper,
1004 2708 1167 2820 quando
1199 2703 1356 2790 somniis
1386 2704 1586 2811 illuditur,
1609 2694 1698 2797 sut·

234 2830 334 2920 veris
351 2823 488 2940 vigiliis
514 2848 723 2908 exercetur.
806 2824 979 2906 Attende
1012 2825 1210 2931 inprimis,
1243 2823 1357 2934 quod
1388 2821 1552 2908 visiones
1575 2819 1677 2913 som·

234 2953 388 3042 niorum
406 2936 638 3055 plerumque
661 2934 867 3021 discursivae
890 2928 993 3031 sunt,
1022 2933 1241 3033 rationales,
1260 2941 1298 3020 de
1324 2931 1493 3050 superse
1517 2918 1679 3025 re'fle'sae.

178 3128 182 3133 .
219 3066 342 3152 Nam
367 3061 504 3172 querit
528 3055 652 3138 homo
677 3050 906 3156 sisomniat3
950 3054 1048 3133 utrin
1083 3078 1134 3133 ue
1164 3047 1315 3162 insuper
1343 3056 1493 3165 arguit,
1529 3058 1569 3136 de
1596 3081 1680 3137 tan-

236 3178 328 3263 dem
354 3167 566 3256 deliberate
593 3163 817 3262 concludit,
854 3165 966 3276 quod
990 3079 1131 3276 vigilat.
1184 3164 1326 3264 Adde,
1356 3165 1470 3277 quod
1501 3192 1603 3252 tanta
1627 3169 1681 3252 est

234 3291 372 3378 somnii
388 3287 437 3370 ad
456 3279 623 3396 vigiliam
638 3284 936 3392 propinquitatis
959 3277 1179 3378 smilitudo,
1200 3304 1242 3362 ut
1258 3277 1400 3363 liaesitet
1419 3282 1540 3365 homo
1561 3287 1701 3367 etiam-

117 3410 125 3428 '
232 3401 395 3520 vigilans
413 3427 458 3484 ac
485 3391 560 3481 visa
579 3393 705 3479 secum
725 3399 957 3490 retraetans,
986 3393 1010 3476 si
1035 3418 1127 3476 tunc
1150 3421 1240 3483 vere
1266 3393 1498 3515 donpiebat.
1555 3397 1681 3481 Inter·

216 3506 329 3634 'roga
355 3523 429 3622 jam
455 3508 624 3624 aliquem
647 3509 699 3591 de
726 3504 993 3620 vigilantibus,
1022 3510 1234 3621 quomodo
1257 3503 1337 3604 scit,
1363 3514 1467 3592 aovi
1496 3505 1592 3593 ilat?
1619 3538 1691 3597 rea

212 3631 461 3747 'spondebits
487 3628 591 3709 bene
614 3620 707 3707 scio.
761 3622 929 3718 Persiste,
950 3629 987 3703 ὅ(
1004 3624 1086 3704 dic:
1114 3621 1325 3734 quomodo
1345 3623 1447 3707 bene
1467 3539 1578 3708 scis?
1592 3623 1708 3708 nul-'

234 3746 295 3834 lus
319 3741 556 3855 responsioni
585 3734 680 3820 alius
703 3742 771 3820 erit
795 3743 918 3820 exitus
948 3736 1015 3819 nisi
1047 3762 1088 3819 ut
1106 3741 1233 3819 dicat:
1264 3740 1366 3822 certe
1389 3734 1486 3838 scio,
1513 3744 1605 3852 quia
1630 3741 1682 3826 fic

234 3866 422 3974 experior.
472 3857 546 3939 Nil
573 3848 738 3964 allegare
771 3847 917 3934 valebit
938 3876 1071 3961 prater
1094 3845 1213 3934 solam
1237 3851 1577 3963 experimentalem
1607 3884 1678 3938 no·

47 4068 51 4075 ,
221 3983 354 4064 titiam
377 3969 491 4082 ipsus
521 3964 671 4079 vigilia,
701 3993 788 4077 quae
807 3962 923 4047 valde
949 3956 1071 4075 dispar
1093 3967 1148 4048 est
1169 3964 1193 4048 a
1217 3962 1387 4062 somniis,
1421 3965 1564 4051 fortior
1585 3964 1679 4052 scili·

233 4080 297 4178 ¹cet
320 4112 441 4202 atque
466 4078 647 4182 lucidior,
679 4108 746 4193 per
775 4106 892 4193 quam
921 4107 1003 4163 non
1030 4081 1225 4193 opinatur,
1253 4076 1320 4165 sed
1348 4077 1414 4165 scit
1440 4076 1478 4166 se
1508 4079 1677 4195 vigilare.

1102 4246 1105 4251 ·
1402 4268 1408 4277 .
1538 4203 1678 4284 Tiaris·
