3772 4988
396 444 410 455 ,
589 341 696 482 Rege
730 292 850 446 cen}
874 375 936 443 etr
963 293 1026 445 ¹P.
1054 339 1275 442 Gravina.
1578 373 1603 464 3
1615 370 1639 465 3

177 572 183 587 ·
309 550 643 671 Respondeiurad
670 580 707 636 r.
728 549 967 637 credendum
990 543 1067 634 elle
1085 540 1313 651 hujtntnodi
1326 535 1641 643 revelationibus,

229 670 351 783 'quando
373 668 490 755 cerrd
529 670 679 750 constat
708 663 784 751 elle
813 665 983 750 divinant
1013 658 1147 745 ledea
1176 655 1302 743 lolitnr
1324 655 1432 753 lide,
1470 686 1556 771 quae
1586 663 1640 743 est

227 789 314 865 titur
328 779 515 894 specialis,
535 781 707 863 distincta
725 778 753 862 i
768 781 909 861 virtute
936 776 1030 860 fidei
1060 769 1291 858 universalis.
1349 774 1442 855 Haec
1459 778 1561 856 enim
1582 797 1641 856 at·

227 898 311 1027 ungit
329 897 485 1009 objecta
512 894 566 979 ab
601 890 784 978 omnibus
809 890 1028 985 credenda,
1060 888 1248 999 adeoque
1272 886 1517 971 ¹constitutiva
1540 883 1642 972 Reli-

225 1033 594 1233 gmllelpondetur,
615 1115 667 1201 ad
695 1147 731 1201 r.
752 1079 803 1200 &⁵
815 1146 851 1220 3.
874 1114 1028 1223 objecit
1052 1138 1184 1197 earum
1216 1106 1499 1196 revelationum
1535 1108 1645 1200 fuille

222 1229 375 1317 nubilos
403 1228 634 1316 universales
664 1225 902 1343 Religionis,
929 1228 1113 1339 adeoque
1145 1252 1191 1309 ea
1220 1224 1442 1335 pertinuisse
1466 1226 1518 1309 ad
1546 1254 1643 1311 con-

223 1344 434 1431 ffinnmem
456 1340 694 1457 Religionis,
724 1348 764 1426 dt
789 1344 840 1426 ad
868 1342 1044 1424 habitunt
1071 1338 1178 1422 Fidei
1214 1333 1431 1450 simpliciter
1455 1342 1576 1423 dicia.

306 1462 365 1545 Etr
385 1461 467 1542 boc
492 1482 625 1541 autern
651 1450 688 1540 le
745 1462 842 1552 itur,
870 1453 986 1569 quod
1008 1448 1254 1536 incredulitas
1275 1454 1328 1536 nd
1363 1456 1557 1557 ejusmodi
1581 1476 1640 1538 re-

217 1566 433 1657 relationem
453 1575 670 1683 privatam,
702 1599 717 1652 ι
747 1569 799 1652 de
822 1564 887 1651 illa
905 1568 1013 1651 cettb
1035 1568 1207 1665 constet,
1234 1565 1279 1650 stt
1297 1591 1414 1678 grate
1436 1593 1640 1677 peccatum
1707 1584 1712 1593 '

161 1746 163 1791 ἓ
213 1690 391 1795 pertinens
433 1685 489 1771 ad
534 1680 701 1795 speciem
737 1674 974 1766 [nfidelitatis
1013 1705 1060 1763 ac
1097 1678 1243 1765 heresis
1295 1674 1449 1771 diverse
1484 1678 1537 1763 ab
1578 1709 1638 1779 ea,

211 1811 322 1995 (ἐιὲξι
311 1803 527 1914 opponitur
541 1795 652 1961 ¹Fidei
677 1790 897 1907 simplicitet
924 1794 1033 1953 didiae
1063 1790 1292 1905 &quidem
1314 1790 1532 1878 divetffine
1557 1789 1642 1906 spe·
1737 1810 1746 1833 '

263 2053 266 2059 ·
303 2030 473 2162 Regula
496 2060 546 2153 4.
582 2020 812 2158 Quando
843 2018 1198 2128 Revelationes
1222 2030 1432 2158 privata
1462 2021 1527 2127 ab
1550 2018 1642 2125 Ec·
1722 2084 1725 2095 =

212 2162 340 2281 elena
384 2164 773 2303 approbantur,
822 2194 950 2269 non
987 2163 1340 2302 approbantur
1387 2188 1643 2301 tanquam
1754 2224 1757 2231 ·

198 2306 491 2429 -itdubitatb
544 2302 832 2422 credendae,
901 2302 980 2407 sed
1033 2328 1287 2444 tanquam
1338 2303 1643 2443 probabiles.

213 2440 346 2555 Multas
370 2438 643 2529 Revelationcr
663 2440 827 2557 legimus
847 2439 956 2527 fuisse
980 2446 1214 2557 approbatas
1236 2443 1260 2529 a
1280 2446 1385 2530 Sede
1403 2442 1645 2555 Apostolicat

212 2560 269 2641 Sic
287 2562 475 2643 Batonius
501 2556 555 2641 ad
569 2582 719 2640 annum
747 2580 872 2657 1148.
895 2554 1040 2647 scribit
1075 2555 1351 2643 Revelationet
1374 2564 1415 2643 B.
1438 2554 1645 2671 Hildegrr·

214 2672 267 2757 dis
285 2674 336 2757 ab
364 2666 673 2782 Archiepilcopo
704 2674 944 2783 Mogontino
982 2669 1167 2779 subjectas
1199 2668 1307 2754 fuille
1335 2672 1480 2778 judicio
1516 2676 1676 2785 Euge·

215 2792 261 2869 nii
286 2788 351 2887 111,
387 2789 461 2897 qui
486 2808 552 2867 eas
581 2781 607 2867 ai
639 2783 797 2866 duobus
822 2787 910 2869 vitis
943 2784 1070 2868 doctis
1093 2784 1188 2892 jullit
1208 2790 1427 2886 examinari,
1457 2781 1646 2897 fadloque

214 2904 378 2983 rumine
397 2893 570 3010 permifit
589 2924 624 3091 p

201 3018 494 3097 ,Turrectemata
513 3034 587 3092 cen
603 3034 643 3092 et
660 3007 794 3093 divino
816 3004 945 3121 spiritu
970 3010 1176 3123 inspiratas,
1189 3014 1256 3111 neb
1281 3012 1395 3126 quod
1412 3038 1646 3124 magnorum

627 2891 796 2980 ublicari.
896 2892 1166 2982 Revelationes
1183 2899 1220 2982 S.
1239 2903 1402 3011 Briginae
1427 2893 1646 2985 Cardinalis
1677 2923 1680 2929 ·
1784 2921 1791 2945 ·

218 3130 371 3211 vitorum
405 3150 455 3209 ac
494 3128 615 3207 etiarn
644 3120 779 3205 summi
813 3121 1019 3209 Pontificio
1039 3127 1185 3230 judicio
1227 3127 1450 3235 approbate
1489 3124 1651 3223 fuerint,¹
1790 3142 1796 3149 ·

219 3262 254 3323 tt
276 3266 379 3353 patet
395 3231 459 3323 ¹‘err
483 3230 662 3346 Prologo
691 3239 732 3320 in
756 3237 807 3320 C.
836 3263 1019 3321 neutum
1055 3216 1363 3331 llevelationutn.
1421 3240 1644 3323 Dicendum

161 3392 164 3441 ε
218 3376 349 3455 nnen,
383 3349 556 3467 quando
594 3350 653 3431 nae
689 3345 943 3433 revelationes
961 3352 1024 3434 ab
1045 3346 1211 3435 Ecclelia
1242 3351 1529 3463 approbantur,
1560 3366 1647 3462 n'on
1709 3401 1712 3407 ·

221 3468 423 3575 probrnntt,
453 3488 502 3550 ut
532 3455 610 3547 illis
637 3463 864 3547 certitudine
890 3461 984 3546 fidei
1010 3460 1262 3561 ailentianrur,
1289 3462 1360 3553 sed
1376 3491 1419 3553 ut
1445 3494 1511 3551 eat
1538 3461 1648 3551 velut

223 3580 420 3687 probabiles
451 3579 709 3691 recipiamus.
821 3580 972 3689 Neque
1005 3577 1059 3661 de
1090 3573 1405 3663 Revelationibus
1435 3585 1478 3665 B.
1508 3577 1646 3667 Hilde-

224 3698 319 3803 gudir
333 3721 398 3782 aut
425 3696 472 3780 S.
502 3694 575 3774 Bri
606 3692 683 3771 ittae
711 3689 891 3774 statutum
921 3692 987 3787 est,
1017 3716 1060 3775 ut
1089 3692 1142 3775 de
1173 3693 1269 3776 Fide-
1296 3698 1546 3805 recipiantur,
1579 3690 1649 3777 scd

223 3810 303 3917 quod
321 3818 359 3896 in
379 3806 464 3897 illis
490 3715 606 3887 nihl
632 3806 892 3900 contineatur?
913 3798 1100 3887 absonum
1120 3804 1212 3889 fidei
1236 3800 1299 3888 vel
1316 3806 1431 3889 bonis
1461 3808 1652 3892 motibus.

221 3924 366 4012 &terrim
404 3940 631 4041 quantum
673 3913 723 3995 ad
754 3907 993 4024 particularia
1029 3914 1130 4001 fabia
1162 3943 1436 4029 proponuntur
1463 3945 1650 4032 tanquam

218 4036 402 4143 pnbrbjffl,
435 4040 489 4121 ει
512 4032 711 4144 pietatem
731 4024 909 4112 fidelium
929 4038 1216 4141 promoventia,
1244 4028 1448 4116 &nullam
1475 4039 1654 4117 contine·

216 4152 558 4243 trrblurditatern.
675 4142 813 4225 Dicere
836 4144 947 4240 verb,
976 4144 1046 4231 eat‘
1059 4147 1148 4260 post
1173 4145 1497 4259 approbationem
1516 4143 1651 4232 Eccle-

188 4302 197 4319 ·
284 4271 335 4363 D,
354 4272 411 4363 Β,
430 4266 512 4375 A.
531 4248 787 4343 nutent.
808 4254 966 4345 Parti.
1228 4261 1265 4377 ii
1589 4254 1652 4343 fia
