<?xml version="1.0" encoding="UTF-8"?>
<!DOCTYPE html PUBLIC "-//W3C//DTD XHTML 1.0 Transitional//EN"
    "http://www.w3.org/TR/xhtml1/DTD/xhtml1-transitional.dtd">
<html xmlns="http://www.w3.org/1999/xhtml" xml:lang="en" lang="en">
 <head>
  <title>
</title>
<meta http-equiv="Content-Type" content="text/html;charset=utf-8" />
  <meta name='ocr-system' content='tesseract 3.04.00' />
  <meta name='ocr-capabilities' content='ocr_page ocr_carea ocr_par ocr_line ocrx_word'/>
</head>
<body>
  <div class='ocr_page' id='page_1' title='image "./derevelationibu00amorgoog_0509.png"; bbox 0 0 3796 4994; ppageno 0'>
   <div class='ocr_carea' id='block_1_1' title="bbox 535 268 1659 411">
    <p class='ocr_par' dir='ltr' id='par_1_1' title="bbox 535 268 1659 411">
     <span class='ocr_line' id='line_1_1' title="bbox 535 268 1659 411; baseline 0.004 -32"><span class='ocrx_word' id='word_1_1' title='bbox 535 278 736 379; x_wconf 74' lang='lat' dir='ltr'>Revelar.</span> <span class='ocrx_word' id='word_1_2' title='bbox 767 276 823 377; x_wconf 83' lang='grc' dir='ltr'>Β.</span> <span class='ocrx_word' id='word_1_3' title='bbox 847 274 1062 373; x_wconf 82' lang='lat' dir='ltr'>Veronicae</span> <span class='ocrx_word' id='word_1_4' title='bbox 1076 274 1129 372; x_wconf 77' lang='lat' dir='ltr'>de</span> <span class='ocrx_word' id='word_1_5' title='bbox 1143 268 1343 403; x_wconf 79' lang='lat' dir='ltr'>Binasco.</span> <span class='ocrx_word' id='word_1_6' title='bbox 1557 310 1659 411; x_wconf 64' lang='lat' dir='ltr'>ao}</span> 
     </span>
    </p>
   </div>
   <div class='ocr_carea' id='block_1_2' title="bbox 213 472 1660 714">
    <p class='ocr_par' dir='ltr' id='par_1_2' title="bbox 213 472 1660 714">
     <span class='ocr_line' id='line_1_2' title="bbox 330 472 1660 592; baseline 0 -21"><span class='ocrx_word' id='word_1_7' title='bbox 330 486 374 571; x_wconf 73' lang='lat'>1.</span> <span class='ocrx_word' id='word_1_8' title='bbox 399 510 433 568; x_wconf 86' lang='lat' dir='ltr'>t.</span> <span class='ocrx_word' id='word_1_9' title='bbox 453 480 506 567; x_wconf 86' lang='lat' dir='ltr'>C.</span> <span class='ocrx_word' id='word_1_10' title='bbox 533 495 597 567; x_wconf 80' lang='lat'>16.</span> <span class='ocrx_word' id='word_1_11' title='bbox 613 484 669 566; x_wconf 86' lang='lat' dir='ltr'>N.</span> <span class='ocrx_word' id='word_1_12' title='bbox 691 507 758 582; x_wconf 82' lang='lat'>24.</span> <span class='ocrx_word' id='word_1_13' title='bbox 786 481 969 592; x_wconf 81' lang='lat' dir='ltr'>Praecepit</span> <span class='ocrx_word' id='word_1_14' title='bbox 989 472 1162 566; x_wconf 82' lang='lat' dir='ltr'>Christus</span> <span class='ocrx_word' id='word_1_15' title='bbox 1189 482 1405 577; x_wconf 84' lang='lat' dir='ltr'>veronicae,</span> <span class='ocrx_word' id='word_1_16' title='bbox 1426 503 1473 567; x_wconf 84' lang='lat' dir='ltr'>ut</span> <span class='ocrx_word' id='word_1_17' title='bbox 1490 478 1660 572; x_wconf 88' lang='lat' dir='ltr'>llomam</span> 
     </span>
     <span class='ocr_line' id='line_1_3' title="bbox 213 589 1615 714; baseline -0.009 -26"><span class='ocrx_word' id='word_1_18' title='bbox 213 594 532 714; x_wconf 85' lang='lat' dir='ltr'>proficisceretur,</span> <span class='ocrx_word' id='word_1_19' title='bbox 555 591 624 679; x_wconf 86' lang='lat' dir='ltr'>sed</span> <span class='ocrx_word' id='word_1_20' title='bbox 641 589 829 704; x_wconf 69' lang='lat' dir='ltr'>statutum</span> <span class='ocrx_word' id='word_1_21' title='bbox 849 603 993 705; x_wconf 83' lang='lat' dir='ltr'>tempus</span> <span class='ocrx_word' id='word_1_22' title='bbox 1009 616 1275 705; x_wconf 81' lang='lat' dir='ltr'>normuuqaarn</span> <span class='ocrx_word' id='word_1_23' title='bbox 1303 593 1484 682; x_wconf 76' lang='lat' dir='ltr'>muravit.</span> <span class='ocrx_word' id='word_1_24' title='bbox 1612 653 1615 659; x_wconf 77' lang='lat'>·</span> 
     </span>
    </p>
   </div>
   <div class='ocr_carea' id='block_1_3' title="bbox 183 742 1665 2057">
    <p class='ocr_par' dir='ltr' id='par_1_3' title="bbox 212 742 1664 1089">
     <span class='ocr_line' id='line_1_4' title="bbox 331 742 1664 862; baseline -0.002 -26"><span class='ocrx_word' id='word_1_25' title='bbox 331 753 378 836; x_wconf 86' lang='grc' dir='ltr'>Ι..</span> <span class='ocrx_word' id='word_1_26' title='bbox 401 776 440 833; x_wconf 81' lang='lat' dir='ltr'>a.</span> <span class='ocrx_word' id='word_1_27' title='bbox 460 747 511 831; x_wconf 90' lang='lat' dir='ltr'>C.</span> <span class='ocrx_word' id='word_1_28' title='bbox 534 773 573 830; x_wconf 82' lang='lat' dir='ltr'>a.</span> <span class='ocrx_word' id='word_1_29' title='bbox 601 743 792 857; x_wconf 80' lang='lat' dir='ltr'>Apparuit</span> <span class='ocrx_word' id='word_1_30' title='bbox 808 746 845 827; x_wconf 90' lang='lat' dir='ltr'>ci</span> <span class='ocrx_word' id='word_1_31' title='bbox 865 750 909 831; x_wconf 85' lang='lat' dir='ltr'>B.</span> <span class='ocrx_word' id='word_1_32' title='bbox 930 747 1185 860; x_wconf 75' lang='lat' dir='ltr'>Augustinusr</span> <span class='ocrx_word' id='word_1_33' title='bbox 1214 742 1496 859; x_wconf 74' lang='lat' dir='ltr'><strong>contegebatur</strong></span> <span class='ocrx_word' id='word_1_34' title='bbox 1518 746 1664 862; x_wconf 75' lang='lat' dir='ltr'>Cappa</span> 
     </span>
     <span class='ocr_line' id='line_1_5' title="bbox 213 855 1664 973; baseline -0.003 -20"><span class='ocrx_word' id='word_1_35' title='bbox 213 861 346 963; x_wconf 85' lang='lat' dir='ltr'>serica,</span> <span class='ocrx_word' id='word_1_36' title='bbox 370 862 553 971; x_wconf 82' lang='lat' dir='ltr'>vesteque</span> <span class='ocrx_word' id='word_1_37' title='bbox 568 883 772 971; x_wconf 88' lang='lat' dir='ltr'>purpurea.</span> <span class='ocrx_word' id='word_1_38' title='bbox 853 858 908 944; x_wconf 88' lang='lat' dir='ltr'>D.</span> <span class='ocrx_word' id='word_1_39' title='bbox 928 857 1165 973; x_wconf 83' lang='lat' dir='ltr'>Augustinus</span> <span class='ocrx_word' id='word_1_40' title='bbox 1185 855 1304 946; x_wconf 86' lang='lat' dir='ltr'>talem</span> <span class='ocrx_word' id='word_1_41' title='bbox 1336 860 1482 946; x_wconf 87' lang='lat' dir='ltr'>vestem</span> <span class='ocrx_word' id='word_1_42' title='bbox 1512 862 1554 947; x_wconf 90' lang='lat' dir='ltr'>in</span> <span class='ocrx_word' id='word_1_43' title='bbox 1581 878 1664 949; x_wconf 60' lang='lat' dir='ltr'>teri</span> 
     </span>
     <span class='ocr_line' id='line_1_6' title="bbox 212 974 1026 1089; baseline -0.015 -22"><span class='ocrx_word' id='word_1_44' title='bbox 212 983 267 1067; x_wconf 83' lang='lat' dir='ltr'>ris</span> <span class='ocrx_word' id='word_1_45' title='bbox 288 1004 373 1063; x_wconf 88' lang='lat' dir='ltr'>non</span> <span class='ocrx_word' id='word_1_46' title='bbox 393 974 564 1089; x_wconf 82' lang='lat' dir='ltr'>gestavit.</span> <span class='ocrx_word' id='word_1_47' title='bbox 1021 1080 1026 1089; x_wconf 22' lang='grc' dir='ltr'>Ι</span> 
     </span>
    </p>

    <p class='ocr_par' dir='ltr' id='par_1_4' title="bbox 331 1110 1665 1231">
     <span class='ocr_line' id='line_1_7' title="bbox 331 1110 1665 1231; baseline -0.001 -22"><span class='ocrx_word' id='word_1_48' title='bbox 331 1124 376 1209; x_wconf 82' lang='lat'>1.</span> <span class='ocrx_word' id='word_1_49' title='bbox 401 1150 440 1207; x_wconf 81' lang='lat' dir='ltr'>a.</span> <span class='ocrx_word' id='word_1_50' title='bbox 462 1122 602 1231; x_wconf 71' lang='lat' dir='ltr'>Cra.</span> <span class='ocrx_word' id='word_1_51' title='bbox 620 1121 662 1202; x_wconf 73' lang='grc' dir='ltr'>δι</span> <span class='ocrx_word' id='word_1_52' title='bbox 683 1138 751 1217; x_wconf 76' lang='lat'>25.</span> <span class='ocrx_word' id='word_1_53' title='bbox 792 1110 969 1230; x_wconf 83' lang='lat' dir='ltr'>Angelus</span> <span class='ocrx_word' id='word_1_54' title='bbox 992 1140 1082 1200; x_wconf 89' lang='lat' dir='ltr'>cum</span> <span class='ocrx_word' id='word_1_55' title='bbox 1108 1139 1156 1203; x_wconf 87' lang='lat' dir='ltr'>ea</span> <span class='ocrx_word' id='word_1_56' title='bbox 1182 1114 1332 1202; x_wconf 87' lang='lat' dir='ltr'>divinas</span> <span class='ocrx_word' id='word_1_57' title='bbox 1358 1117 1475 1204; x_wconf 88' lang='lat' dir='ltr'>horas</span> <span class='ocrx_word' id='word_1_58' title='bbox 1503 1120 1665 1208; x_wconf 69' lang='lat' dir='ltr'>recitate·</span> 
     </span>
    </p>

    <p class='ocr_par' dir='ltr' id='par_1_5' title="bbox 183 1224 1664 2057">
     <span class='ocr_line' id='line_1_8' title="bbox 293 1224 1659 1425; baseline -0.007 -102"><span class='ocrx_word' id='word_1_59' title='bbox 293 1230 432 1323; x_wconf 89' lang='lat' dir='ltr'>elicam</span> <span class='ocrx_word' id='word_1_60' title='bbox 448 1231 588 1317; x_wconf 87' lang='lat' dir='ltr'>faciem</span> <span class='ocrx_word' id='word_1_61' title='bbox 611 1229 741 1316; x_wconf 87' lang='lat' dir='ltr'>media</span> <span class='ocrx_word' id='word_1_62' title='bbox 763 1226 896 1315; x_wconf 87' lang='lat' dir='ltr'>fronte</span> <span class='ocrx_word' id='word_1_63' title='bbox 921 1254 1045 1316; x_wconf 89' lang='lat' dir='ltr'>cornu</span> <span class='ocrx_word' id='word_1_64' title='bbox 1069 1253 1230 1341; x_wconf 83' lang='lat' dir='ltr'>parumn</span> <span class='ocrx_word' id='word_1_65' title='bbox 1249 1232 1461 1425; x_wconf 59' lang='lat' dir='ltr'>pellentem</span> <span class='ocrx_word' id='word_1_66' title='bbox 1480 1224 1659 1346; x_wconf 82' lang='lat' dir='ltr'>inspexit,</span> 
     </span>
     <span class='ocr_line' id='line_1_9' title="bbox 193 1337 1663 1461; baseline -0.007 -24"><span class='ocrx_word' id='word_1_67' title='bbox 193 1353 277 1437; x_wconf 74' lang='lat' dir='ltr'>teo</span> <span class='ocrx_word' id='word_1_68' title='bbox 292 1375 435 1461; x_wconf 81' lang='lat' dir='ltr'>amque</span> <span class='ocrx_word' id='word_1_69' title='bbox 455 1341 562 1430; x_wconf 82' lang='lat' dir='ltr'>collo</span> <span class='ocrx_word' id='word_1_70' title='bbox 580 1346 834 1456; x_wconf 85' lang='lat' dir='ltr'>pendentem,</span> <span class='ocrx_word' id='word_1_71' title='bbox 857 1348 896 1425; x_wconf 76' lang='grc' dir='ltr'>δι</span> <span class='ocrx_word' id='word_1_72' title='bbox 925 1337 1004 1429; x_wconf 88' lang='lat' dir='ltr'>alas</span> <span class='ocrx_word' id='word_1_73' title='bbox 1031 1339 1198 1440; x_wconf 88' lang='lat' dir='ltr'>habere,</span> <span class='ocrx_word' id='word_1_74' title='bbox 1214 1369 1264 1425; x_wconf 87' lang='lat' dir='ltr'>ve</span> <span class='ocrx_word' id='word_1_75' title='bbox 1281 1347 1336 1428; x_wconf 92' lang='lat' dir='ltr'>uti</span> <span class='ocrx_word' id='word_1_76' title='bbox 1366 1349 1487 1431; x_wconf 86' lang='lat' dir='ltr'>motis</span> <span class='ocrx_word' id='word_1_77' title='bbox 1515 1347 1569 1431; x_wconf 87' lang='lat' dir='ltr'>est</span> <span class='ocrx_word' id='word_1_78' title='bbox 1599 1345 1663 1455; x_wconf 87' lang='lat' dir='ltr'>pi·</span> 
     </span>
     <span class='ocr_line' id='line_1_10' title="bbox 217 1452 1661 1576; baseline -0.005 -25"><span class='ocrx_word' id='word_1_79' title='bbox 217 1469 290 1551; x_wconf 72' lang='lat' dir='ltr'>dtis</span> <span class='ocrx_word' id='word_1_80' title='bbox 307 1454 481 1576; x_wconf 79' lang='lat' dir='ltr'>Angelis.</span> <span class='ocrx_word' id='word_1_81' title='bbox 533 1456 717 1545; x_wconf 81' lang='lat' dir='ltr'>lobonis</span> <span class='ocrx_word' id='word_1_82' title='bbox 742 1452 903 1571; x_wconf 80' lang='lat' dir='ltr'>Angelis</span> <span class='ocrx_word' id='word_1_83' title='bbox 932 1483 1017 1543; x_wconf 87' lang='lat' dir='ltr'>non</span> <span class='ocrx_word' id='word_1_84' title='bbox 1051 1459 1294 1570; x_wconf 87' lang='lat' dir='ltr'>reperiuntur</span> <span class='ocrx_word' id='word_1_85' title='bbox 1329 1453 1422 1547; x_wconf 74' lang='lat' dir='ltr'>aliis</span> <span class='ocrx_word' id='word_1_86' title='bbox 1448 1455 1661 1573; x_wconf 81' lang='lat' dir='ltr'>appamiffe</span> 
     </span>
     <span class='ocr_line' id='line_1_11' title="bbox 218 1600 736 1665; baseline -0.019 0"><span class='ocrx_word' id='word_1_87' title='bbox 218 1600 379 1665; x_wconf 80' lang='lat' dir='ltr'>tornata.</span> <span class='ocrx_word' id='word_1_88' title='bbox 733 1651 736 1655; x_wconf 80' lang='grc'><strong>,</strong></span> 
     </span>
     <span class='ocr_line' id='line_1_12' title="bbox 183 1707 1664 1829; baseline -0.003 -23"><span class='ocrx_word' id='word_1_89' title='bbox 183 1822 188 1829; x_wconf 86' lang='lat'><strong>.</strong></span> <span class='ocrx_word' id='word_1_90' title='bbox 336 1719 381 1805; x_wconf 75' lang='lat'>1.</span> <span class='ocrx_word' id='word_1_91' title='bbox 408 1744 446 1802; x_wconf 79' lang='lat' dir='ltr'>a.</span> <span class='ocrx_word' id='word_1_92' title='bbox 460 1713 514 1803; x_wconf 88' lang='lat' dir='ltr'>C.</span> <span class='ocrx_word' id='word_1_93' title='bbox 535 1726 603 1804; x_wconf 77' lang='lat'>26.</span> <span class='ocrx_word' id='word_1_94' title='bbox 655 1707 889 1827; x_wconf 77' lang='lat' dir='ltr'>composuit</span> <span class='ocrx_word' id='word_1_95' title='bbox 918 1713 959 1798; x_wconf 99' lang='grc'>8.</span> <span class='ocrx_word' id='word_1_96' title='bbox 992 1715 1187 1798; x_wconf 84' lang='lat' dir='ltr'>veronica</span> <span class='ocrx_word' id='word_1_97' title='bbox 1217 1738 1319 1826; x_wconf 88' lang='lat' dir='ltr'>opus</span> <span class='ocrx_word' id='word_1_98' title='bbox 1347 1708 1664 1827; x_wconf 82' lang='lat' dir='ltr'>pradatiflimum</span> 
     </span>
     <span class='ocr_line' id='line_1_13' title="bbox 215 1819 1662 1946; baseline -0.005 -27"><span class='ocrx_word' id='word_1_99' title='bbox 215 1826 380 1946; x_wconf 78' lang='lat' dir='ltr'>Angelo</span> <span class='ocrx_word' id='word_1_100' title='bbox 394 1831 579 1925; x_wconf 64' lang='lat' dir='ltr'>distante,</span> <span class='ocrx_word' id='word_1_101' title='bbox 593 1829 709 1943; x_wconf 92' lang='lat' dir='ltr'>quod</span> <span class='ocrx_word' id='word_1_102' title='bbox 725 1825 856 1914; x_wconf 75' lang='lat' dir='ltr'>divini</span> <span class='ocrx_word' id='word_1_103' title='bbox 875 1822 930 1911; x_wconf 76' lang='lat' dir='ltr'>irai</span> <span class='ocrx_word' id='word_1_104' title='bbox 949 1826 973 1913; x_wconf 73' lang='lat' dir='ltr'>i</span> <span class='ocrx_word' id='word_1_105' title='bbox 989 1819 1209 1910; x_wconf 85' lang='lat' dir='ltr'>mortalium</span> <span class='ocrx_word' id='word_1_106' title='bbox 1226 1823 1350 1911; x_wconf 87' lang='lat' dir='ltr'>oculis</span> <span class='ocrx_word' id='word_1_107' title='bbox 1370 1828 1539 1912; x_wconf 87' lang='lat' dir='ltr'>creditur</span> <span class='ocrx_word' id='word_1_108' title='bbox 1553 1825 1662 1912; x_wconf 85' lang='lat' dir='ltr'>abla-</span> 
     </span>
     <span class='ocr_line' id='line_1_14' title="bbox 216 1936 1662 2057; baseline -0.008 -22"><span class='ocrx_word' id='word_1_109' title='bbox 216 1972 319 2046; x_wconf 84' lang='lat' dir='ltr'>mm,</span> <span class='ocrx_word' id='word_1_110' title='bbox 342 1946 503 2057; x_wconf 83' lang='lat' dir='ltr'>Virgine</span> <span class='ocrx_word' id='word_1_111' title='bbox 528 1943 657 2027; x_wconf 88' lang='lat' dir='ltr'>adhuc</span> <span class='ocrx_word' id='word_1_112' title='bbox 683 1945 861 2029; x_wconf 68' lang='lat' dir='ltr'>viventes</span> <span class='ocrx_word' id='word_1_113' title='bbox 897 1938 1069 2024; x_wconf 88' lang='lat' dir='ltr'>futurum</span> <span class='ocrx_word' id='word_1_114' title='bbox 1089 1936 1187 2023; x_wconf 91' lang='lat' dir='ltr'>vetd</span> <span class='ocrx_word' id='word_1_115' title='bbox 1217 1937 1439 2042; x_wconf 85' lang='lat' dir='ltr'>affirmavit,</span> <span class='ocrx_word' id='word_1_116' title='bbox 1458 1965 1502 2026; x_wconf 92' lang='lat' dir='ltr'>ut</span> <span class='ocrx_word' id='word_1_117' title='bbox 1519 1967 1662 2026; x_wconf 84' lang='lat' dir='ltr'>coeno·</span> 
     </span>
    </p>
   </div>
   <div class='ocr_carea' id='block_1_4' title="bbox 216 2047 1665 2283">
    <p class='ocr_par' dir='ltr' id='par_1_6' title="bbox 216 2047 1665 2283">
     <span class='ocr_line' id='line_1_15' title="bbox 216 2047 1665 2169; baseline -0.004 -22"><span class='ocrx_word' id='word_1_118' title='bbox 216 2062 292 2147; x_wconf 87' lang='lat' dir='ltr'>bio</span> <span class='ocrx_word' id='word_1_119' title='bbox 322 2060 375 2143; x_wconf 90' lang='lat' dir='ltr'>D.</span> <span class='ocrx_word' id='word_1_120' title='bbox 397 2057 559 2141; x_wconf 81' lang='lat' dir='ltr'>Marthae</span> <span class='ocrx_word' id='word_1_121' title='bbox 590 2051 776 2140; x_wconf 85' lang='lat' dir='ltr'>volumen</span> <span class='ocrx_word' id='word_1_122' title='bbox 799 2049 922 2167; x_wconf 86' lang='lat' dir='ltr'>ipsum</span> <span class='ocrx_word' id='word_1_123' title='bbox 953 2054 1032 2137; x_wconf 89' lang='lat' dir='ltr'>Dei</span> <span class='ocrx_word' id='word_1_124' title='bbox 1062 2077 1225 2139; x_wconf 86' lang='lat' dir='ltr'>munere</span> <span class='ocrx_word' id='word_1_125' title='bbox 1252 2047 1467 2169; x_wconf 83' lang='lat' dir='ltr'>aliquando</span> <span class='ocrx_word' id='word_1_126' title='bbox 1488 2055 1665 2141; x_wconf 80' lang='lat' dir='ltr'>restitue·</span> 
     </span>
     <span class='ocr_line' id='line_1_16' title="bbox 217 2160 1170 2283; baseline -0.014 -19"><span class='ocrx_word' id='word_1_127' title='bbox 217 2197 337 2264; x_wconf 80' lang='lat' dir='ltr'>cetur.</span> <span class='ocrx_word' id='word_1_128' title='bbox 389 2174 483 2255; x_wconf 83' lang='lat' dir='ltr'>Haec</span> <span class='ocrx_word' id='word_1_129' title='bbox 504 2170 709 2283; x_wconf 80' lang='lat' dir='ltr'>prophetia</span> <span class='ocrx_word' id='word_1_130' title='bbox 729 2167 905 2253; x_wconf 87' lang='lat' dir='ltr'>nondum</span> <span class='ocrx_word' id='word_1_131' title='bbox 925 2160 1082 2279; x_wconf 85' lang='lat' dir='ltr'>impleta</span> <span class='ocrx_word' id='word_1_132' title='bbox 1103 2167 1170 2251; x_wconf 78' lang='lat' dir='ltr'>est.</span> 
     </span>
    </p>
   </div>
   <div class='ocr_carea' id='block_1_5' title="bbox 336 2306 1852 2451">
    <p class='ocr_par' dir='ltr' id='par_1_7' title="bbox 336 2306 1852 2451">
     <span class='ocr_line' id='line_1_17' title="bbox 336 2306 1852 2451; baseline -0.004 -20"><span class='ocrx_word' id='word_1_133' title='bbox 336 2344 382 2431; x_wconf 80' lang='grc' dir='ltr'>Ι..</span> <span class='ocrx_word' id='word_1_134' title='bbox 413 2367 451 2442; x_wconf 75' lang='lat'>3.</span> <span class='ocrx_word' id='word_1_135' title='bbox 471 2339 522 2425; x_wconf 86' lang='lat' dir='ltr'>C.</span> <span class='ocrx_word' id='word_1_136' title='bbox 542 2366 578 2425; x_wconf 86' lang='lat'>1.</span> <span class='ocrx_word' id='word_1_137' title='bbox 598 2336 752 2423; x_wconf 86' lang='lat' dir='ltr'>dicitur:</span> <span class='ocrx_word' id='word_1_138' title='bbox 772 2338 811 2423; x_wconf 90' lang='grc'>8.</span> <span class='ocrx_word' id='word_1_139' title='bbox 836 2306 1072 2423; x_wconf 88' lang='lat' dir='ltr'>Veronicam</span> <span class='ocrx_word' id='word_1_140' title='bbox 1102 2334 1268 2451; x_wconf 82' lang='lat' dir='ltr'>primulm</span> <span class='ocrx_word' id='word_1_141' title='bbox 1297 2362 1405 2425; x_wconf 92' lang='lat' dir='ltr'>anno</span> <span class='ocrx_word' id='word_1_142' title='bbox 1433 2347 1551 2428; x_wconf 78' lang='lat' dir='ltr'>atatis</span> <span class='ocrx_word' id='word_1_143' title='bbox 1590 2342 1666 2430; x_wconf 80' lang='lat' dir='ltr'>luae&#39;</span> <span class='ocrx_word' id='word_1_144' title='bbox 1835 2404 1852 2425; x_wconf 95' lang='lat'><strong>.</strong></span> 
     </span>
    </p>
   </div>
   <div class='ocr_carea' id='block_1_6' title="bbox 219 2445 1783 2912">
    <p class='ocr_par' dir='ltr' id='par_1_8' title="bbox 219 2445 1783 2912">
     <span class='ocr_line' id='line_1_18' title="bbox 254 2445 1662 2569; baseline 0.001 -28"><span class='ocrx_word' id='word_1_145' title='bbox 254 2452 520 2569; x_wconf 82' lang='lat' dir='ltr'>uadragelrmo</span> <span class='ocrx_word' id='word_1_146' title='bbox 548 2446 720 2537; x_wconf 87' lang='lat' dir='ltr'>secundo</span> <span class='ocrx_word' id='word_1_147' title='bbox 753 2445 934 2561; x_wconf 73' lang='lat' dir='ltr'>incepisse</span> <span class='ocrx_word' id='word_1_148' title='bbox 961 2454 1042 2561; x_wconf 89' lang='lat' dir='ltr'>pati</span> <span class='ocrx_word' id='word_1_149' title='bbox 1067 2446 1236 2548; x_wconf 84' lang='lat' dir='ltr'>extales,</span> <span class='ocrx_word' id='word_1_150' title='bbox 1260 2445 1327 2538; x_wconf 88' lang='lat' dir='ltr'>sed</span> <span class='ocrx_word' id='word_1_151' title='bbox 1358 2460 1477 2538; x_wconf 74' lang='lat' dir='ltr'>node</span> <span class='ocrx_word' id='word_1_152' title='bbox 1498 2457 1662 2543; x_wconf 82' lang='lat' dir='ltr'>tantum.</span> 
     </span>
     <span class='ocr_line' id='line_1_19' title="bbox 268 2558 1783 2677; baseline -0.003 -19"><span class='ocrx_word' id='word_1_153' title='bbox 268 2571 384 2658; x_wconf 89' lang='lat' dir='ltr'>einde</span> <span class='ocrx_word' id='word_1_154' title='bbox 406 2571 527 2677; x_wconf 89' lang='lat' dir='ltr'>coepit</span> <span class='ocrx_word' id='word_1_155' title='bbox 545 2592 607 2649; x_wconf 91' lang='lat' dir='ltr'>eas</span> <span class='ocrx_word' id='word_1_156' title='bbox 629 2568 708 2677; x_wconf 86' lang='lat' dir='ltr'>pari</span> <span class='ocrx_word' id='word_1_157' title='bbox 727 2567 841 2649; x_wconf 88' lang='lat' dir='ltr'>etiam</span> <span class='ocrx_word' id='word_1_158' title='bbox 858 2558 925 2646; x_wconf 83' lang='lat' dir='ltr'>sub</span> <span class='ocrx_word' id='word_1_159' title='bbox 945 2560 1067 2661; x_wconf 77' lang='lat' dir='ltr'>Milia,</span> <span class='ocrx_word' id='word_1_160' title='bbox 1086 2567 1128 2662; x_wconf 78' lang='lat' dir='ltr'>dr</span> <span class='ocrx_word' id='word_1_161' title='bbox 1148 2564 1198 2647; x_wconf 90' lang='lat' dir='ltr'>ad</span> <span class='ocrx_word' id='word_1_162' title='bbox 1217 2565 1577 2659; x_wconf 85' lang='lat' dir='ltr'>Communionemr</span> <span class='ocrx_word' id='word_1_163' title='bbox 1619 2595 1668 2654; x_wconf 90' lang='lat' dir='ltr'>ac</span> <span class='ocrx_word' id='word_1_164' title='bbox 1780 2666 1783 2673; x_wconf 46' lang='grc'><em>,</em></span> 
     </span>
     <span class='ocr_line' id='line_1_20' title="bbox 223 2672 1667 2797; baseline -0.003 -24"><span class='ocrx_word' id='word_1_165' title='bbox 223 2687 401 2797; x_wconf 88' lang='lat' dir='ltr'>denique</span> <span class='ocrx_word' id='word_1_166' title='bbox 431 2678 498 2765; x_wconf 89' lang='lat' dir='ltr'>sub</span> <span class='ocrx_word' id='word_1_167' title='bbox 521 2679 787 2763; x_wconf 85' lang='lat' dir='ltr'>meditatione.</span> <span class='ocrx_word' id='word_1_168' title='bbox 871 2679 947 2759; x_wconf 88' lang='lat' dir='ltr'>Hic</span> <span class='ocrx_word' id='word_1_169' title='bbox 972 2672 1188 2789; x_wconf 82' lang='lat' dir='ltr'>progressus</span> <span class='ocrx_word' id='word_1_170' title='bbox 1219 2673 1332 2781; x_wconf 86' lang='lat' dir='ltr'>facile</span> <span class='ocrx_word' id='word_1_171' title='bbox 1364 2674 1533 2794; x_wconf 89' lang='lat' dir='ltr'>sequitur</span> <span class='ocrx_word' id='word_1_172' title='bbox 1567 2708 1667 2797; x_wconf 90' lang='lat' dir='ltr'>ope·</span> 
     </span>
     <span class='ocr_line' id='line_1_21' title="bbox 219 2785 1674 2912; baseline 0.003 -34"><span class='ocrx_word' id='word_1_173' title='bbox 219 2805 421 2891; x_wconf 67' lang='lat' dir='ltr'>anonam</span> <span class='ocrx_word' id='word_1_174' title='bbox 473 2787 744 2879; x_wconf 82' lang='lat' dir='ltr'>successionem</span> <span class='ocrx_word' id='word_1_175' title='bbox 806 2790 1096 2904; x_wconf 85' lang='lat' dir='ltr'>dependentem</span> <span class='ocrx_word' id='word_1_176' title='bbox 1148 2787 1198 2875; x_wconf 92' lang='lat' dir='ltr'>ab</span> <span class='ocrx_word' id='word_1_177' title='bbox 1240 2785 1502 2906; x_wconf 78' lang='lat' dir='ltr'>applicatione</span> <span class='ocrx_word' id='word_1_178' title='bbox 1543 2796 1674 2912; x_wconf 80' lang='lat' dir='ltr'>phan·&#39;</span> 
     </span>
    </p>
   </div>
   <div class='ocr_carea' id='block_1_7' title="bbox 218 2911 336 3007">
    <p class='ocr_par' dir='ltr' id='par_1_9' title="bbox 218 2911 336 3007">
     <span class='ocr_line' id='line_1_22' title="bbox 218 2911 336 3007; baseline -0.068 0"><span class='ocrx_word' id='word_1_179' title='bbox 218 2911 336 3007; x_wconf 65' lang='lat' dir='ltr'>aaliz.</span> 
     </span>
    </p>
   </div>
   <div class='ocr_carea' id='block_1_8' title="bbox 170 3055 1679 4085">
    <p class='ocr_par' dir='ltr' id='par_1_10' title="bbox 170 3055 1679 4091">
     <span class='ocr_line' id='line_1_23' title="bbox 340 3055 1672 3167; baseline -0.002 -18"><span class='ocrx_word' id='word_1_180' title='bbox 340 3064 388 3149; x_wconf 84' lang='lat' dir='ltr'>l..</span> <span class='ocrx_word' id='word_1_181' title='bbox 419 3090 455 3167; x_wconf 80' lang='lat'>3.</span> <span class='ocrx_word' id='word_1_182' title='bbox 479 3061 533 3149; x_wconf 87' lang='lat' dir='ltr'>C.</span> <span class='ocrx_word' id='word_1_183' title='bbox 550 3090 589 3161; x_wconf 85' lang='lat'>4·</span> <span class='ocrx_word' id='word_1_184' title='bbox 628 3058 668 3146; x_wconf 88' lang='grc'>8.</span> <span class='ocrx_word' id='word_1_185' title='bbox 692 3060 888 3146; x_wconf 89' lang='lat' dir='ltr'>Veronica</span> <span class='ocrx_word' id='word_1_186' title='bbox 908 3056 932 3146; x_wconf 84' lang='lat' dir='ltr'>ai</span> <span class='ocrx_word' id='word_1_187' title='bbox 949 3056 1105 3147; x_wconf 79' lang='lat' dir='ltr'>Christo</span> <span class='ocrx_word' id='word_1_188' title='bbox 1133 3055 1184 3144; x_wconf 88' lang='lat' dir='ltr'>ad</span> <span class='ocrx_word' id='word_1_189' title='bbox 1209 3082 1332 3145; x_wconf 86' lang='lat' dir='ltr'>tetros</span> <span class='ocrx_word' id='word_1_190' title='bbox 1354 3057 1565 3157; x_wconf 85' lang='lat' dir='ltr'>inferorum</span> <span class='ocrx_word' id='word_1_191' title='bbox 1585 3066 1672 3147; x_wconf 65' lang='lat' dir='ltr'>car-³</span> 
     </span>
     <span class='ocr_line' id='line_1_24' title="bbox 223 3169 1669 3287; baseline -0.005 -20"><span class='ocrx_word' id='word_1_192' title='bbox 223 3202 335 3267; x_wconf 81' lang='lat' dir='ltr'>ceres</span> <span class='ocrx_word' id='word_1_193' title='bbox 358 3177 529 3262; x_wconf 76' lang='lat' dir='ltr'>duciturs</span> <span class='ocrx_word' id='word_1_194' title='bbox 556 3173 655 3258; x_wconf 88' lang='lat' dir='ltr'>vidit</span> <span class='ocrx_word' id='word_1_195' title='bbox 680 3198 807 3256; x_wconf 91' lang='lat' dir='ltr'>aurem</span> <span class='ocrx_word' id='word_1_196' title='bbox 833 3175 993 3260; x_wconf 82' lang='lat' dir='ltr'>Christo</span> <span class='ocrx_word' id='word_1_197' title='bbox 1015 3180 1126 3256; x_wconf 89' lang='lat' dir='ltr'>Duce</span> <span class='ocrx_word' id='word_1_198' title='bbox 1147 3175 1417 3259; x_wconf 88' lang='lat' dir='ltr'>damnatomm</span> <span class='ocrx_word' id='word_1_199' title='bbox 1438 3169 1527 3258; x_wconf 94' lang='lat' dir='ltr'>loca</span> <span class='ocrx_word' id='word_1_200' title='bbox 1549 3169 1669 3287; x_wconf 89' lang='lat' dir='ltr'>pluri·</span> 
     </span>
     <span class='ocr_line' id='line_1_25' title="bbox 170 3283 1669 3398; baseline 0.002 -23"><span class='ocrx_word' id='word_1_201' title='bbox 170 3364 176 3375; x_wconf 93' lang='lat'><strong>.</strong></span> <span class='ocrx_word' id='word_1_202' title='bbox 225 3310 309 3379; x_wconf 84' lang='lat' dir='ltr'>ma.</span> <span class='ocrx_word' id='word_1_203' title='bbox 388 3291 535 3387; x_wconf 73' lang='lat' dir='ltr'>Primus</span> <span class='ocrx_word' id='word_1_204' title='bbox 557 3283 754 3397; x_wconf 87' lang='lat' dir='ltr'>profunda</span> <span class='ocrx_word' id='word_1_205' title='bbox 771 3293 955 3398; x_wconf 84' lang='lat' dir='ltr'>voragine</span> <span class='ocrx_word' id='word_1_206' title='bbox 972 3286 1188 3371; x_wconf 85' lang='lat' dir='ltr'>horrendus</span> <span class='ocrx_word' id='word_1_207' title='bbox 1209 3311 1308 3375; x_wconf 69' lang='lat' dir='ltr'>erata</span> <span class='ocrx_word' id='word_1_208' title='bbox 1335 3287 1433 3371; x_wconf 85' lang='lat' dir='ltr'>dixit</span> <span class='ocrx_word' id='word_1_209' title='bbox 1450 3288 1669 3378; x_wconf 71' lang='lat' dir='ltr'>Dominum</span> 
     </span>
     <span class='ocr_line' id='line_1_26' title="bbox 225 3398 1672 3515; baseline -0.006 -24"><span class='ocrx_word' id='word_1_210' title='bbox 225 3406 294 3491; x_wconf 84' lang='lat' dir='ltr'>hic</span> <span class='ocrx_word' id='word_1_211' title='bbox 313 3404 368 3490; x_wconf 82' lang='lat' dir='ltr'>est</span> <span class='ocrx_word' id='word_1_212' title='bbox 383 3404 602 3514; x_wconf 80' lang='lat' dir='ltr'>Principum</span> <span class='ocrx_word' id='word_1_213' title='bbox 629 3425 675 3484; x_wconf 94' lang='lat' dir='ltr'>ac</span> <span class='ocrx_word' id='word_1_214' title='bbox 697 3400 986 3498; x_wconf 90' lang='lat' dir='ltr'>Dominorum,</span> <span class='ocrx_word' id='word_1_215' title='bbox 1011 3404 1082 3514; x_wconf 90' lang='lat' dir='ltr'>qui</span> <span class='ocrx_word' id='word_1_216' title='bbox 1103 3403 1252 3495; x_wconf 66' lang='lat' dir='ltr'>atonis</span> <span class='ocrx_word' id='word_1_217' title='bbox 1278 3398 1424 3486; x_wconf 79' lang='lat' dir='ltr'>addim</span> <span class='ocrx_word' id='word_1_218' title='bbox 1444 3400 1555 3487; x_wconf 86' lang='lat' dir='ltr'>fuere</span> <span class='ocrx_word' id='word_1_219' title='bbox 1583 3398 1672 3515; x_wconf 89' lang='lat' dir='ltr'>sup-</span> 
     </span>
     <span class='ocr_line' id='line_1_27' title="bbox 180 3508 1672 3630; baseline -0.001 -29"><span class='ocrx_word' id='word_1_220' title='bbox 180 3622 186 3629; x_wconf 34' lang='lat'>·</span> <span class='ocrx_word' id='word_1_221' title='bbox 225 3512 380 3630; x_wconf 88' lang='lat' dir='ltr'>pliciis,</span> <span class='ocrx_word' id='word_1_222' title='bbox 407 3510 518 3599; x_wconf 90' lang='lat' dir='ltr'>locus</span> <span class='ocrx_word' id='word_1_223' title='bbox 548 3509 694 3598; x_wconf 84' lang='lat' dir='ltr'>infelix.</span> <span class='ocrx_word' id='word_1_224' title='bbox 784 3512 912 3623; x_wconf 90' lang='lat' dir='ltr'>Quod</span> <span class='ocrx_word' id='word_1_225' title='bbox 943 3508 1115 3626; x_wconf 88' lang='lat' dir='ltr'>sequitur</span> <span class='ocrx_word' id='word_1_226' title='bbox 1159 3536 1346 3613; x_wconf 81' lang='lat' dir='ltr'>antrum,</span> <span class='ocrx_word' id='word_1_227' title='bbox 1381 3517 1437 3599; x_wconf 86' lang='lat' dir='ltr'>est</span> <span class='ocrx_word' id='word_1_228' title='bbox 1466 3511 1672 3599; x_wconf 89' lang='lat' dir='ltr'>nobilium.</span> 
     </span>
     <span class='ocr_line' id='line_1_28' title="bbox 227 3620 1675 3740; baseline -0.003 -24"><span class='ocrx_word' id='word_1_229' title='bbox 227 3633 401 3724; x_wconf 79' lang='lat' dir='ltr'>Tertius,</span> <span class='ocrx_word' id='word_1_230' title='bbox 420 3653 541 3740; x_wconf 90' lang='lat' dir='ltr'>quem</span> <span class='ocrx_word' id='word_1_231' title='bbox 567 3622 772 3737; x_wconf 88' lang='lat' dir='ltr'>conspicis,</span> <span class='ocrx_word' id='word_1_232' title='bbox 791 3620 900 3710; x_wconf 83' lang='lat' dir='ltr'>locus</span> <span class='ocrx_word' id='word_1_233' title='bbox 926 3628 1001 3724; x_wconf 85' lang='lat' dir='ltr'>est,</span> <span class='ocrx_word' id='word_1_234' title='bbox 1024 3625 1093 3709; x_wconf 93' lang='lat' dir='ltr'>ubi</span> <span class='ocrx_word' id='word_1_235' title='bbox 1116 3622 1398 3711; x_wconf 83' lang='lat' dir='ltr'>fceneratorum</span> <span class='ocrx_word' id='word_1_236' title='bbox 1425 3635 1559 3713; x_wconf 86' lang='lat' dir='ltr'>animae</span> <span class='ocrx_word' id='word_1_237' title='bbox 1585 3652 1675 3712; x_wconf 90' lang='lat' dir='ltr'>ctu·</span> 
     </span>
     <span class='ocr_line' id='line_1_29' title="bbox 230 3734 1676 3854; baseline -0.002 -26"><span class='ocrx_word' id='word_1_238' title='bbox 230 3749 395 3841; x_wconf 89' lang='lat' dir='ltr'>ciantur,</span> <span class='ocrx_word' id='word_1_239' title='bbox 419 3765 592 3853; x_wconf 87' lang='lat' dir='ltr'>quorum</span> <span class='ocrx_word' id='word_1_240' title='bbox 620 3762 698 3823; x_wconf 88' lang='lat' dir='ltr'>tam</span> <span class='ocrx_word' id='word_1_241' title='bbox 714 3765 875 3851; x_wconf 82' lang='lat' dir='ltr'>magnus</span> <span class='ocrx_word' id='word_1_242' title='bbox 898 3765 1080 3823; x_wconf 81' lang='lat' dir='ltr'>numerus</span> <span class='ocrx_word' id='word_1_243' title='bbox 1104 3734 1183 3835; x_wconf 81' lang='lat' dir='ltr'>illic</span> <span class='ocrx_word' id='word_1_244' title='bbox 1208 3740 1434 3836; x_wconf 86' lang='lat' dir='ltr'>videbatur,</span> <span class='ocrx_word' id='word_1_245' title='bbox 1463 3762 1566 3854; x_wconf 88' lang='lat' dir='ltr'>quot</span> <span class='ocrx_word' id='word_1_246' title='bbox 1598 3734 1676 3825; x_wconf 83' lang='lat' dir='ltr'>elle</span> 
     </span>
     <span class='ocr_line' id='line_1_30' title="bbox 229 3848 1678 3943; baseline -0.003 -1"><span class='ocrx_word' id='word_1_247' title='bbox 229 3860 413 3943; x_wconf 86' lang='lat' dir='ltr'>homines</span> <span class='ocrx_word' id='word_1_248' title='bbox 437 3859 478 3937; x_wconf 90' lang='lat' dir='ltr'>in</span> <span class='ocrx_word' id='word_1_249' title='bbox 506 3848 682 3939; x_wconf 84' lang='lat' dir='ltr'>universo</span> <span class='ocrx_word' id='word_1_250' title='bbox 713 3850 813 3937; x_wconf 92' lang='lat' dir='ltr'>orbe</span> <span class='ocrx_word' id='word_1_251' title='bbox 842 3853 1000 3938; x_wconf 73' lang='lat' dir='ltr'>minime</span> <span class='ocrx_word' id='word_1_252' title='bbox 1034 3853 1226 3937; x_wconf 90' lang='lat' dir='ltr'>Veronica</span> <span class='ocrx_word' id='word_1_253' title='bbox 1254 3853 1518 3938; x_wconf 84' lang='lat' dir='ltr'>arbitrabatur.</span> <span class='ocrx_word' id='word_1_254' title='bbox 1603 3856 1678 3937; x_wconf 80' lang='lat' dir='ltr'>His</span> 
     </span>
     <span class='ocr_line' id='line_1_31' title="bbox 230 3964 1679 4085; baseline -0.003 -30"><span class='ocrx_word' id='word_1_255' title='bbox 230 3972 451 4085; x_wconf 83' lang='lat' dir='ltr'>proximior</span> <span class='ocrx_word' id='word_1_256' title='bbox 477 3990 560 4055; x_wconf 87' lang='lat' dir='ltr'>erar</span> <span class='ocrx_word' id='word_1_257' title='bbox 575 3992 789 4081; x_wconf 89' lang='lat' dir='ltr'>pauperum</span> <span class='ocrx_word' id='word_1_258' title='bbox 814 3992 953 4073; x_wconf 84' lang='lat' dir='ltr'>carcer,</span> <span class='ocrx_word' id='word_1_259' title='bbox 973 3988 1165 4080; x_wconf 90' lang='lat' dir='ltr'>erantque</span> <span class='ocrx_word' id='word_1_260' title='bbox 1186 3969 1327 4053; x_wconf 70' lang='lat' dir='ltr'>ceteris</span> <span class='ocrx_word' id='word_1_261' title='bbox 1346 3969 1560 4081; x_wconf 83' lang='lat' dir='ltr'>pauciores.</span> <span class='ocrx_word' id='word_1_262' title='bbox 1614 3964 1679 4048; x_wconf 73' lang='lat' dir='ltr'>13st</span> 
     </span>
    </p>
   </div>
   <div class='ocr_carea' id='block_1_9' title="bbox 835 4070 1832 4184">
    <p class='ocr_par' dir='ltr' id='par_1_11' title="bbox 835 4070 1832 4184">
     <span class='ocr_line' id='line_1_32' title="bbox 835 4070 1832 4184; baseline -0.012 -11"><span class='ocrx_word' id='word_1_263' title='bbox 835 4148 848 4173; x_wconf 96' lang='lat'><strong>.</strong></span> <span class='ocrx_word' id='word_1_264' title='bbox 976 4079 1099 4184; x_wconf 65' lang='lat' dir='ltr'>Cep</span> <span class='ocrx_word' id='word_1_265' title='bbox 1581 4070 1682 4161; x_wconf 75' lang='lat' dir='ltr'>diffi-</span> <span class='ocrx_word' id='word_1_266' title='bbox 1827 4136 1832 4145; x_wconf 88' lang='lat'>-</span> 
     </span>
    </p>
   </div>
   <div class='ocr_carea' id='block_1_10' title="bbox 0 0 1919 4994">
    <p class='ocr_par' dir='ltr' id='par_1_12' title="bbox 0 0 1919 4994">
     <span class='ocr_line' id='line_1_33' title="bbox 0 0 1919 4994; baseline 0 0"><span class='ocrx_word' id='word_1_267' title='bbox 0 0 1919 4994; x_wconf 95' lang='lat' dir='ltr'> </span> 
     </span>
    </p>
   </div>
  </div>
 </body>
</html>
