3796 4994
553 210 753 354 Reoeiet.
771 256 817 351 S.
837 226 1356 391 uofibnhae'ecboneag.
1572 278 1670 393 189

339 463 396 545 N.
426 488 465 561 7.
520 453 612 568 Post
652 451 729 543 loeo
772 455 967 544 Dominus
1005 453 1142 546 Alias
1181 462 1372 579 nggreffnr
1398 456 1449 572 eil
1476 454 1671 572 &pretori

223 573 436 664 Dominum
458 598 535 658 nno
552 599 633 662 cum
659 567 829 657 omnibus
848 570 966 670 nobie,
986 581 1030 655 tri
1048 571 1152 658 nobis
1171 573 1345 660 revelare
1363 571 1584 686 dignaretur
1599 602 1671 661 on-

224 685 426 907 {m}
448 697 575 773 utram
589 683 799 797 sermonem
827 680 1021 800 divulgari
1043 696 1254 798 oporteret,
1280 685 1338 781 Θ*
1357 689 1452 775 veni
1472 690 1513 773 in
1539 693 1673 775 menta

337 960 392 1039 N.
426 983 522 1051 19.·
552 957 823 1041 Convenerunt
852 947 1008 1063 sorores
1045 976 1092 1037 nr
1112 953 1265 1062 fratrer
1299 950 1465 1039 Domini
1497 951 1672 1043 videnter

223 1065 407 1185 angustius
424 1066 558 1153 onina
581 1094 689 1164 neo,
717 1092 763 1151 nc
793 1060 1072 1160 decreverunt,
1104 1074 1149 1150 nt
1171 1065 1306 1179 septen
1327 1069 1513 1155 continuio
1537 1067 1670 1157 diebus

224 1207 432 1269 commones
454 1204 584 1293 precer
603 1181 814 1292 frenderent
836 1201 909 1288 pro
936 1205 1006 1273 me,
1038 1202 1192 1288 conque
1210 1206 1292 1264 curn
1322 1206 1455 1295 magno
1489 1177 1673 1291 defiderio.

222 1291 472 1492 {wewam
495 1351 508 1392 ,
535 1301 691 1412 pperons
727 1289 873 1400 aliquid
904 1288 1166 1403 confirlotionis
1199 1301 1291 1379 tunc
1330 1319 1386 1376 me
1418 1305 1668 1493 erepturum.

265 1412 344 1495 enit
367 1405 567 1515 desiderato
589 1403 691 1503 dier,
717 1401 775 1501 Θ*
798 1401 999 1491 dilatatum
1017 1401 1069 1523 eJl
1091 1429 1159 1490 cor
1185 1431 1331 1507 meum,
1360 1401 1420 1501 δ’
1437 1410 1484 1493 vi
1509 1410 1524 1492 i
1548 1405 1671 1525 lucen

223 1548 393 1640 nagnam
413 1524 453 1607 r‘n
479 1516 582 1609 colo
613 1526 688 1602 &e

334 1671 384 1752 Et
414 1672 456 1752 in
496 1661 734 1753 revelatione
774 1662 826 1750 de
860 1667 906 1748 B.
942 1665 992 1749 V.
1031 1657 1319 1774 allumptione:
1359 1667 1550 1775 Appunrii
1576 1659 1666 1755 miii

218 1779 396 1870 Domino
424 1779 626 1878 colorum,
655 1788 746 1865 tone
765 1778 863 1888 ficut
890 1774 938 1862 ab
969 1803 1046 1861 uno
1069 1771 1092 1860 ὲ
1113 1775 1323 1885 sonoribus
1349 1775 1484 1888 nostris
1504 1803 1669 1891 premo-r

220 1899 364 1981 monito
372 1899 526 2006 fueram
545 1895 683 2011 rogavi
700 1890 802 1980 illan
820 1888 974 1978 decens:
1001 1888 1189 1993 Donino,
1207 1888 1370 2002 placeat,
1390 1902 1434 1979 ut
1456 1894 1686 1998 certificare,

218 2036 288 2095 nos
312 2003 474 2126 digneris
502 2014 577 2092 &n
1660 2054 1666 2073 ·

335 2160 502 2269 Quarti).
561 2153 774 2242 Elisabetha
801 2155 922 2242 habet
947 2150 1116 2240 eundem
1144 2155 1309 2240 modum
1338 2157 1527 2241 tendendi
1555 2164 1596 2245 in
1620 2156 1667 2246 a··¹

218 2269 281 2359 liis
297 2270 369 2356 suis
388 2267 710 2366 revelationibus,
737 2296 856 2382 quem
892 2268 1011 2353 habet
1041 2272 1081 2350 in
1115 2265 1354 2355 revelatione
1382 2274 1435 2354 de
1466 2264 1664 2362 Societate

217 2389 260 2472 S.
280 2379 436 2475 Utsulaer
473 2387 659 2498 adeoque
681 2380 774 2467 ficut
803 2384 868 2465 ista
891 2386 945 2466 est
971 2407 1072 2489 opus
1095 2376 1210 2466 solius
1243 2384 1467 2494 phantafiae,
1489 2391 1542 2469 ita
1563 2385 1664 2481 illaen'

214 2525 294 2585 nec
315 2501 369 2583 est
386 2495 463 2584 ulla
485 2505 605 2595 ratio,
632 2499 732 2581 hanc
754 2495 974 2607 denegandi
999 2489 1231 2592 Elisabethae,
1257 2504 1351 2608 quin
1376 2527 1516 2584 omnes
1540 2500 1662 2586 d'ene·

218 2638 372 2729 genter.
452 2619 565 2698 Patet
585 2640 633 2695 ex
650 2610 910 2720 Manuscripto
932 2608 1035 2694 arne
1057 2607 1249 2718 usurpato,
1274 2610 1387 2722 quod
1409 2613 1514 2696 idem
1534 2613 1577 2697 srt
1592 2638 1664 2699 aus

217 2732 313 2813 thor
338 2729 447 2823 holus
469 2733 507 2809 &
529 2723 677 2810 illarum
698 2720 1001 2818 revelationum,
1030 2748 1172 2831 nempe
1196 2723 1385 2834 Egbertus
1410 2721 1665 2813 nanetensi:
1738 2786 1740 2791 -

216 2842 367 2930 bethaea
396 2840 574 2953 fip'otuit
597 2839 748 2922 mundo
768 2837 983 2922 obtrudere
1011 2831 1267 2920 revelationes
1294 2832 1364 2920 sua
1389 2841 1542 2925 Sororis
1560 2868 1660 2927 con·

215 2954 326 3041 fletae
349 2959 389 3038 in
412 2983 493 3037 uno
515 2981 678 3066 genere,
705 2956 836 3063 potuit
858 2950 963 3034 idem
980 2954 1020 3033 in
1042 2944 1147 3046 alio,
1178 2955 1217 3032 δι
1242 2950 1292 3035 fic
1309 2950 1408 3036 fides
1433 2958 1569 3040 harum
1598 2983 1659 3042 re·

215 3062 456 3153 relationum
476 3064 676 3152 universnm
697 3065 880 3151 concidit.

333 3213 498 3327 Quinto.
552 3207 765 3296 Elisabetha
790 3204 954 3293 vifiones
983 3202 1209 3320 frequenter
1234 3213 1376 3319 patitur
1395 3232 1574 3325 tempore
1593 3214 1663 3325 ‚je-⁴
1794 3294 1798 3303 ,

212 3330 324 3436 junii.
432 3332 487 3411 N.
514 3347 582 3428 48.
611 3329 820 3436 Postquam
849 3346 1135 3406 enumeraverat
1160 3328 1282 3407 variar
1311 3322 1496 3425 visiones,
1525 3326 1657 3429 addit:

215 3442 319 3530 Haec
367 3444 493 3528 onnia
529 3443 751 3551 frequenter
797 3440 836 3522 in
888 3446 1049 3545 ternpore
1088 3437 1223 3549 jejunii
1261 3430 1351 3522 mili
1388 3456 1657 3550 apparuerant.

215 3559 386 3659 Constat
421 3581 574 3651 autem,
619 3552 817 3636 stomacho
851 3556 982 3654 jejuno
1019 3544 1192 3653 insolitos
1240 3578 1404 3660 vapores
1451 3550 1656 3647 ascendere

213 3676 254 3756 in
300 3695 416 3782 caput
428 3726 442 3769 ,
484 3673 523 3752 &
563 3665 715 3753 turbata
761 3662 955 3777 phantafia
1001 3658 1206 3750 conciliate
1256 3666 1556 3754 extraordinaria
1594 3671 1656 3755 so·
1708 3699 1725 3733 ¹

213 3809 332 3868 mma.

933 4074 1005 4163 Aa
1043 4102 1062 4184 3
1472 4057 1473 4060 Ὺ
1520 4077 1657 4166 Senti).¹
