3796 4994
204 250 331 400 '134
431 230 437 243 ,
608 274 914 374 nevelrrioner
948 278 993 372 S.
1033 276 1275 377 Gertrudr's.

226 468 397 564 audire?
442 515 459 539 ·
515 523 535 541 -
591 480 705 561 Tunc
728 485 920 564 Dominus
946 483 1135 564 intonavit
1161 478 1300 594 Kyrie‚
1330 477 1467 568 Gloria
1487 485 1528 570 in
1554 484 1678 571 extri

222 593 289 704 fis,
316 596 392 673 &o
421 593 461 672 δι
484 583 579 701 legit
600 614 725 674 totam
748 591 911 676 Miffam.

348 772 448 857 Vni.
504 773 547 855 L.
582 801 617 855 r.
656 772 707 856 C.
743 800 807 854 ιι.
833 772 999 857 dicitur:
1066 771 1241 880 Quando
1285 773 1500 859 Gerttudes
1541 772 1679 863 divinae

232 889 363 1002 gratior
389 887 576 966 influxum
604 879 791 968 sentiebat
814 884 882 969 fibi
907 912 1109 969 occurrere
1136 888 1379 982 uberiorem,
1404 912 1497 970 tunc
1519 916 1600 971 non
1632 891 1682 972 ad

235 1003 472 1114 poenitentiae
506 1002 685 1081 exercitia
714 992 752 1081 se
785 997 922 1096 dabat,
951 994 1015 1082 sed
1041 999 1176 1080 divino
1214 996 1484 1109 beneplacito,
1519 1009 1682 1113 ejusque

128 1118 131 1123 ’
235 1115 371 1199 παᾶυἰ
400 1107 639 1193 consentiens
666 1120 704 1194 in
729 1113 912 1197 omnibus
938 1110 1129 1197 reddebat
1154 1110 1191 1195 se
1211 1107 1318 1195 velut
1343 1115 1633 1197 instrumentum
1654 1118 1683 1196 i·

237 1226 412 1311 donnum
434 1224 484 1305 ad
503 1250 623 1307 omne
645 1251 744 1335 opus
763 1228 905 1310 amoris
919 1229 959 1308 in
979 1221 1090 1334 seipsa
1113 1229 1150 1306 δι
1167 1222 1291 1324 secum
1311 1224 1388 1336 ipsa
1409 1227 1683 1324 exercendum,

238 1343 344 1425 adeo
370 1363 412 1421 ut
429 1362 522 1420 tunc
544 1365 626 1420 non
646 1346 912 1435 concinetur,
934 1362 1051 1452 prout
1071 1342 1112 1421 in
1133 1340 1308 1423 humanis
1332 1339 1448 1425 rebus
1472 1336 1570 1425 solet
1594 1340 1683 1440 dici,

240 1478 328 1539 etun
356 1453 535 1536 Domino
552 1446 689 1536 ludere
715 1452 766 1535 de
788 1456 881 1566 pati.

357 1642 424 1726 IX.
477 1644 523 1727 L.
552 1670 588 1725 r.
612 1641 662 1725 C.
698 1673 763 1741 ¹7·
816 1635 1049 1725 Mechtildes
1073 1639 1169 1724 vidit
1191 1642 1354 1743 JESUM
1382 1636 1560 1752 sponsum
1583 1646 1685 1730 floti-

78 1832 83 1849 ,
243 1751 340 1841 'dum
372 1760 409 1836 &
437 1742 644 1840 delicatutn
678 1752 837 1841 dexteri
866 1751 931 1840 sui
954 1752 1129 1839 delitiosi
1159 1757 1393 1839 Gerttudenr
1425 1751 1571 1841 blandi
1603 1786 1683 1840 tm·

242 1865 492 1983 plebitum,
514 1873 626 1953 itaut
647 1864 744 1952 latus
765 1873 930 1982 Virginis
957 1866 1159 1964 sinistrum,
1185 1868 1251 1949 ubi
1275 1876 1473 1970 conjacet,
1501 1870 1606 1982 quafi
1631 1867 1686 1953 af·

123 2006 130 2018 ·
243 1985 364 2068 fixum
384 1985 540 2066 haeteret
559 2007 742 2095 npetrutae
760 1987 934 2066 amatorii
961 1977 1128 2065 vulneris
1154 1983 1296 2084 JESU;
1334 1984 1430 2066 vidit
1449 2009 1616 2182 quotkue
1642 1979 1685 2067 il·

244 2090 324 2179 lam
343 2095 579 2179 Gertrudem
604 2092 790 2178 &diverso
811 2094 949 2180 sinistra
968 2091 1032 2181 sua
1046 2097 1262 2181 Dominum
1276 2099 1445 2203 Jsssutvt
1466 2124 1546 2210 qua
1597 2099 1688 2184 dot·

244 2203 402 2309 sotenus
425 2202 814 2321 circumpieiitntem.

360 2390 409 2474 X.
466 2390 509 2473 Ι,
536 2417 572 2473 2.
595 2389 645 2471 C.
672 2416 736 2474 to.
794 2392 835 2474 S.
863 2336 1079 2475 Gertrudet
1106 2389 1223 2474 dicit:
1280 2393 1513 2475 Perttaeirte
1537 2416 1691 2477 mentm

247 2506 369 2615 'coepi
399 2498 564 2616 qualiter
589 2501 736 2616 possem
762 2509 934 2588 invenite
976 2501 1120 2588 sensum
1149 2527 1216 2587 aut
1242 2504 1382 2600 verba,
1421 2506 1564 2616 quibus
1600 2508 1691 2590 mrhi

121 2685 124 2693 ,
249 2617 354 2814 ἀίεᾶα
378 2615 402 2701 ὲ
429 2619 584 2705 Christo
610 2617 690 2704 fine
715 2612 897 2705 scandalo
927 2617 980 2702 ad
1007 2619 1217 2702 humanum
1253 2612 1492 2751 intelleitum
1524 2622 1691 2746 prodoci

195 2836 201 2854 ι
246 2754 305 2845 po
335 2753 412 2816 ent.

306 3004 309 3009 ,
368 2923 434 3006 XI.
489 2923 534 3007 1.
565 2951 602 3024 3.
632 2927 682 3007 C.-
710 2952 774 3023 ¹7·
831 2923 949 3044 inter¹
966 2919 1072 3017 haec,
1108 2919 1203 3003 dum
1242 2941 1456 3005 cantaretur
1487 2918 1628 3010 Giorr'a
1653 2927 1692 3011 in

252 3031 425 3239 iiii.
440 3038 587 3236 iiiii
614 3035 1009 3263 iiiiimiiiiffn
1045 3032 1418 3238 iiiiiiffi‘iiii
1455 3038 1694 3237 iiiiii}

252 3295 331 3381 pax
363 3265 606 3354 hominibust
652 3266 819 3351 eundem
853 3265 1025 3345 afflatum
1058 3265 1099 3344 in
1131 3256 1255 3372 specie
1283 3266 1384 3345 nivei
1410 3255 1628 3374 splendoris
1647 3263 1695 3350 ad

252 3378 456 3493 praesentes
477 3376 609 3464 emifit.
633 3424 651 3442 ·
708 3380 799 3464 Post
818 3378 953 3488 Agnus
983 3377 1060 3458 Dei
1081 3376 1168 3488 post
1190 3371 1361 3459 osculum
1385 3380 1463 3461 otis
1493 3383 1610 3462 etiam
1632 3405 1695 3490 pe·

256 3496 356 3578 &ori
378 3487 613 3604 praesentium
638 3494 826 3605 virginum
854 3482 1026 3573 osculum
1049 3486 1240 3599 ptaeduice
1260 3487 1381 3573 infixit
1407 3540 1424 3556 ·
1484 3494 1696 3577 Gerttudes

148 3698 174 3721 ,‚
255 3611 354 3691 veti>
384 3600 492 3690 senfit
520 3602 558 3688 se
586 3631 657 3716 pet
681 3598 880 3716 amplexus
908 3605 1070 3687 Domini
1098 3599 1149 3686 ad
1184 3609 1317 3712 pecius
1339 3601 1454 3718 ipsius
1477 3628 1592 3689 tanto
1619 3603 1695 3691 sua·

238 3722 342 3821 'vius
362 3718 512 3833 quanto
531 3715 670 3803 fortius
686 3714 845 3833 preffatn
868 3744 939 3832 per
963 3718 1131 3801 divinam
1149 3720 1345 3802 unionem.

370 3899 453 3985 x11.
510 3901 554 3983 1.
584 3928 620 3998 3.
639 3901 702 4005 C.
736 3919 799 3991 18.
858 3899 1031 3981 Christus
1058 3895 1110 3980 ad
1131 3897 1365 3982 Gettrudern
1394 3918 1582 4006 tanquam
1612 3890 1690 3980 dol·

256 4017 312 4121 [eit
340 4037 490 4101 amator
505 4007 709 4112 acclinans,
743 4020 783 4097 &
812 4006 1257 4123 osculumisunviffimum
1282 4015 1415 4093 animae
1435 4007 1550 4120 ipiius
1569 4012 1688 4120 impti-

1432 4164 1435 4173 ·
1573 4145 1682 4217 mens,
