3796 4994
603 281 782 417 Regula
791 225 993 381 eudred.
1017 279 1070 380 de
1087 287 1280 381 Lauraeul
1323 370 1369 380 2<
1564 300 1668 413 ..113
1789 394 1791 399 ,

212 472 403 581 domnia
436 513 561 604 regna
594 488 754 589 mundi,
791 491 908 605 quod
940 489 1143 608 Cyprianus
1171 487 1218 577 de
1238 491 1466 609 jejunio&
1489 489 1682 583 tentario'

212 637 265 695 ne
299 607 446 695 Christi
486 602 655 720 explieat
690 634 762 717 per
805 605 948 722 species
987 612 1025 691 in
1055 606 1249 721 phantasia
1277 609 1419 693 Christi
1451 611 1677 719 produdat.

212 731 410 830 Quamvis
439 749 531 805 curn
558 723 614 808 D.
656 726 857 837 Gregorio
885 745 1075 822 teneam,
1113 724 1159 807 id
1200 718 1405 808 diabolum
1439 719 1569 808 fecille
1604 751 1676 838 per

212 845 360 955 speeies
388 833 567 923 vifibiles.
1269 874 1275 881 ·

320 999 495 1131 Regula
537 996 611 1098 16.
659 987 891 1127 Quando
935 1000 987 1095 in
1022 988 1175 1098 Edasr
1221 988 1391 1098 homo
1441 1017 1673 1101 contem·

214 1139 365 1281 plans
401 1135 472 1242 nil
507 1133 641 1241 aliud
676 1134 803 1240 boni
839 1132 918 1241 vel
953 1132 1075 1241 mali
1112 1145 1381 1272 experitur,
1403 1137 1490 1241 nifi
1529 1137 1671 1275 quod

213 1295 265 1388 in
304 1282 412 1389 aliis
449 1273 978 1418 contemplationibus
1027 1308 1140 1384 non
1185 1289 1410 1383 extaticis
1456 1290 1672 1417 experie-

217 1424 391 1544 batur,
425 1454 521 1530 nec
558 1455 680 1528 cum
715 1421 900 1550 majori
943 1444 1034 1526 aut
1070 1429 1258 1528 minori
1295 1421 1575 1528 devotione
1612 1435 1673 1525 en

222 1605 276 1679 ta
316 1561 1212 1705 uuafiadtereverntur‚s1gnum
1253 1566 1356 1685 est,
1399 1565 1541 1707 quod
1577 1561 1676 1670 fuit

220 1709 494 1836 naturalis.;
544 1741 656 1814 non
691 1699 886 1829 diuina,
921 1736 1018 1812 nec
1053 1708 1396 1816 doemoniaca.
1470 1734 1609 1852 opusc.
1637 1764 1673 1835 ς.
1734 1712 1753 1779 f'

222 1858 266 1943 C.
286 1888 330 1957 7.
389 1849 630 1937 Probantrd
660 1852 821 1962 paritate
853 1852 1154 1963 apparitionum,
1183 1851 1236 1934 de
1254 1850 1405 1964 quibus
1429 1850 1466 1935 S.
1493 1851 1677 1966 Augusti.-

226 1996 290 2056 nus
313 1973 358 2056 1.
382 1997 448 2055 ιι.
476 1967 529 2052 de
547 1972 649 2053 Gen.
672 1966 723 2051 ad
744 1968 832 2051 Lite.
854 1966 906 2049 C.
935 1995 998 2050 ιι.
1028 1961 1198 2079 loquens
1219 1968 1271 2050 ait
1292 2001 1302 2049 ι
1339 1967 1446 2057 Cum
1478 1963 1676 2078 spiritualis

229 2086 313 2174 nuo
334 2088 491 2197 penitus
524 2078 741 2166 'alienatod
775 2083 952 2191 corporis
979 2079 1146 2165 lenfibus
1172 2085 1302 2166 animo
1325 2082 1557 2194 imaginibus
1586 2109 1676 2168 oot-

230 2202 414 2312 matium
438 2197 634 2282 detinetur
657 2194 734 2280 five
759 2200 800 2278 in
831 2191 994 2294 somnis,
1016 2193 1093 2280 five
1109 2200 1149 2279 in
1173 2194 1313 2286 Eaafit
1333 2194 1385 2280 ·s1
1412 2192 1507 2282 nihil
1533 2195 1674 2311 siguifi-

228 2340 331 2414 etnt,
373 2340 463 2427 quae
490 2311 696 2409 videntur,
726 2308 839 2423 ipsius
867 2315 1000 2395 anima
1025 2307 1111 2395 sunt
1136 2315 1443 2424 imaginationes.
1472 2317 1549 2397 dec.
1613 2315 1674 2407 ,Si

233 2439 325 2516 enim
346 2425 446 2514 nihil
467 2432 563 2512 novi
579 2428 752 2522 adducit,
773 2423 887 2538 qudd
910 2420 1192 2537 contemplatio
1211 2427 1288 2511 stne
1304 2426 1422 2517 Euan
1446 2427 1676 2523 non-addu-
1857 2466 1860 2471 ⁴

235 2547 350 2648 rebat,
374 2572 450 2630 nec
472 2545 585 2640 boni,
604 2568 696 2653 puta
714 2547 898 2649 majorem
918 2537 1206 2626 illustrationem
1232 2538 1464 2639 mulleolum
1493 2569 1559 2628 aut
1577 2532 1677 2629 'dde-
1779 2618 1785 2636 .

233 2668 411 2765 dionem,
440 2653 997 2766 delectationem-saporem,
1036 2651 1100 2741 vel
1127 2653 1349 2742 suavitatem
1386 2684 1433 2742 ex
1466 2682 1574 2769 parte
1603 2685 1677 2744 vo·

236 2769 394 2876 luntatis,
421 2771 486 2859 vel
513 2769 792 2859 revelationem
816 2768 985 2885 aliquam
1003 2774 1188 2882 privatam
1219 2772 1380 2873 bonam,
1406 2769 1470 2858 vel
1496 2768 1602 2860 aliud
1633 2772 1678 2858 st·

238 2888 331 2990 uile,
360 2918 450 3004 quae
470 2889 598 2975 ioco
617 2884 765 3000 semper
776 2881 873 2984 sunt,
900 2888 976 2969 dtci
991 2913 1081 2971 non
1105 2889 1234 2999 potest
1253 2888 1391 2971 Edalis
1413 2889 1556 2975 di'vina.
1614 2890 1680 2975 Sic

236 3012 341 3091 etiam
361 3003 569 3090 econtrasr
596 2997 693 3113 nillil
721 2999 835 3103 mali,
866 3027 933 3087 aut
966 3002 1017 3084 ad
1050 2999 1193 3087 malum
1220 2999 1381 3086 suadens
1407 3003 1589 3102 adducit,
1614 2999 1679 3087 vel

211 3132 217 3145 ‘
240 3115 555 3221 bonum,tamen
573 3147 662 3203 eum
685 3120 791 3202 malis
815 3119 1113 3216 circumstantiis,
1128 3147 1211 3204 non
1233 3120 1287 3203 est
1309 3118 1571 3206 doemoniaea.
1604 3121 1681 3204 Re·

240 3235 299 3320 dnt
319 3263 432 3350 ergo,
451 3258 494 3319 ut
512 3233 556 3320 stt
578 3229 772 3319 naturalis.

341 3406 512 3535 Regula
567 3433 642 3524 17.
703 3394 894 3523 Edafis
949 3395 1280 3501 doemoniaca
1333 3392 1548 3500 dicenda
1599 3394 1686 3512 est.

241 3544 442 3682 'quando
474 3553 527 3646 in
563 3573 620 3646 ea
647 3540 735 3645 uel
769 3536 1043 3645 consulitur
1077 3537 1290 3677 aliquod
1335 3540 1568 3660 malum,
1602 3537 1683 3645 vel

192 3752 195 3769 ·
242 3710 441 3824 apparet
474 3683 577 3789 fieri
608 3680 793 3822 aliquid
822 3681 884 3788 ad
909 3680 1111 3787 nullum
1132 3678 1340 3785 bonum
1367 3682 1685 3795 ordinatum,
1760 3777 1763 3783 .

247 3828 507 3934 ueletiam
552 3829 585 3929 sl
625 3822 921 3932 ‘consulatur
957 3820 1194 3940 bonurn,
1239 3855 1351 3928 non
1396 3850 1572 3929 tamen
1612 3822 1683 3927 ob

248 3964 385 4076 finem
420 3969 658 4087 bonum.
701 3967 780 4077 vel
817 3965 1046 4073 multum
1082 3966 1292 4085 turbat.
1328 3967 1687 4073 &turbatum
1867 3987 1870 3994 ’

251 4113 472 4255 ltllnqult.
548 4133 609 4218 lb.
626 4134 676 4216 C.
696 4162 735 4234 7.
754 4131 941 4244 probatur
965 4124 1168 4246 exemplis.
1207 4130 1274 4213 sic
1287 4127 1486 4223 Abraham
1505 4132 1687 4226 Eremita.

254 4275 267 4313 ··-
340 4257 398 4348 D.
411 4257 465 4346 E.
479 4242 784 4343 A.drRrurlui.
796 4247 901 4336 Pars
912 4247 948 4334 Ι.
1257 4250 1291 4336 Ρ.
1643 4267 1689 4332 ut
