3796 4994
209 297 281 470 7⁰6
513 336 516 341 ’
572 254 1279 482 ueg.1³rael.ea1³.cravma
1350 398 1353 403 -

318 551 485 683 Regula
526 583 605 675 27·
642 545 1001 653 Revelatlones
1034 517 1464 686 amphibologlcae
1492 542 1555 648 de
1581 522 1675 646 fuss

163 706 166 711 ’
214 696 340 814 turis
379 692 645 793 eventibus
681 690 907 828 iuspellae
944 690 1106 792 sunto.
1192 718 1305 800 Ratio
1336 717 1402 812 est,
1423 717 1516 827 quia
1537 704 1676 797 taliter·

186 841 193 850 ‘
215 833 418 944 aequivoca
438 853 549 914 erant
573 822 728 913 oracula
760 830 992 914 doemonum
1024 854 1073 913 ex
1092 829 1302 915 Dodonae
1334 838 1492 946 Qetcu
1513 829 1667 911 &Tri-

210 939 351 1057 pode,
395 967 438 1026 ut
464 948 581 1055 proin
608 945 672 1027 hic
709 946 852 1027 modus
893 943 1126 1055 vaticinanti
1156 944 1334 1029 videatur
1369 944 1549 1055 proptius
1578 935 1664 1025 'effe
1696 935 1698 940 ’

217 1052 411 1142 doem'oni.
483 1061 573 1142 Nec
594 1058 743 1154 obstat,
795 1058 1014 1141 uodetiam
1041 1062 1080 1141 in
1110 1054 1413 1142 revelationibus
1433 1061 1479 1163 S.
1499 1059 1668 1169 Briglttae
1695 1143 1713 1175 χ

218 1174 264 1259 1.
285 1206 325 1275 4.
354 1174 403 1257 C.
429 1198 494 1256 ao.
527 1168 675 1286 legatur
709 1171 734 1255 fi
782 1178 836 1255 'is
865 1167 1066 1258 revelatio.
1123 1171 1229 1256 Cutn¹
1252 1177 1353 1257 enim
1373 1199 1447 1287 pro
1469 1165 1590 1256 lalute
1608 1176 1667 1255 in·

219 1266 337 1378 firmae
370 1285 652 1399 deprecaretur,
681 1283 1124 1399 respondit-Dominus:
1148 1289 1247 1370 Non
1272 1292 1457 1371 morietur
1480 1287 1546 1370 ista
1564 1288 1669 1389 infit<

220 1428 303 1497 ma,
332 1405 423 1515 quia
452 1394 606 1514 placent
633 1402 745 1484 mihi·
765 1427 887 1514 opera
920 1425 998 1485 tua.
1084 1396 1348 1514 Promulgavit
1374 1396 1599 1488 senteutiam
1629 1401 1671 1488 S.

221 1514 409 1628 Brigitta,
439 1515 554 1628 quod
589 1543 670 1598 non
697 1541 913 1600 moreretur
940 1513 1114 1606 infirmae
1151 1515 1192 1598 id
1221 1524 1327 1600 emm
1361 1516 1501 1601 Christi
1530 1520 1670 1601 vetitas

223 1624 420 1715 revelarat.
478 1632 556 1724 Sed
579 1625 644 1714 illa
666 1655 818 1714 mortua
841 1633 906 1726 est,
923 1635 961 1712 ἃ
985 1634 1164 1714 moerenti
1177 1635 1238 1713 Bri
1271 1637 1344 1715 'ttat
1367 1635 1542 1743 apparuit
1560 1632 1687 1717 Deus.

224 1746 381 1830 dicens:
411 1748 480 1851 Ne
503 1744 688 1835 turbetis3
728 1767 863 1828 verum
886 1748 960 1841 est,
988 1743 1101 1857 quod
1122 1744 1202 1834 dlxi
1219 1659 1302 1828 tili.
1372 1750 1470 1830 Non
1493 1744 1547 1829 est
1567 1771 1684 1860 mor·¹

217 1885 313 1948 tuas
342 1885 431 1944 nam
452 1854 644 1972 separatio
662 1864 806 1969 animae⁸
821 1862 859 1941 δι
888 1863 1064 1970 torporis
1083 1863 1266 1965 justorum
1295 1861 1450 1945 nonest
1478 1857 1546 1943 nist
1571 1855 1673 1944 som·

226 2001 313 2059 nus.
368 1978 490 2076 Non,
511 1977 687 2085 inquam,
714 1973 794 2057 hoc
814 1974 962 2071 obstat,
989 1978 1082 2088 quia
1110 1976 1149 2057 in
1183 1970 1330 2086 Regula
1352 1966 1475 2058 loltlm
1509 1974 1672 2074 diuum,

228 2091 342 2203 quod
374 2090 598 2187 huiusmodi
635 2083 891 2172 revelationes
930 2092 1140 2201 aequivotae
1170 2089 1342 2172 debeant
1376 2085 1451 2172 else
1483 2083 1672 2201 suspecta,

230 2209 322 2317 quia
341 2210 383 2289 in
407 2205 599 2306 ejusmodi
623 2197 804 2314 facillime
826 2197 958 2287 multae
976 2198 1132 2314 poffunt
1153 2199 1192 2286 le
1209 2203 1397 2289 insinuate
1422 2200 1603 2302 fraudes,
1632 2229 1675 2288 ut

229 2317 447 2431 nonpoffit
466 2314 639 2419 disserui,
661 2322 717 2401 an'
737 2320 824 2431 quis
846 2312 1033 2433 loquatur
1055 2311 1184 2429 spiritu
1214 2315 1299 2416 suo,
1326 2313 1392 2403 vel
1426 2314 1448 2401 s
1466 2323 1555 2403 iritu
1588 2323 1677 2411 Dei.
1704 2346 1710 2356 ·

232 2430 379 2544 Quare·
399 2420 570 2544 {ulpeoia
602 2432 800 2533 habenda·
821 2430 875 2515 eil
901 2435 1029 2516 omnis
1064 2430 1287 2543 ptatdislio,
1326 2429 1394 2518 nist
1430 2347 1504 2527 ltlis
1540 2437 1680 2518 vestita
1710 2491 1713 2495 «

232 2548 545 2632 circumfinitum·
588 2552 629 2631 P.
647 2551 818 2631 Gravina
832 2548 989 2630 testatur
1004 2569 1199 2630 nunatum
1216 2545 1286 2630 fibi
1303 2542 1417 2633 ellel
1438 2547 1520 2634 fide
1538 2547 1677 2664 digno,

232 2663 432 2778 quendam
462 2661 687 2764 hujusmodi
712 2659 954 2747 vifionauium
982 2657 1115 2746 dixisse
1139 2664 1225 2745 viro
1254 2666 1424 2763 eximio,
1454 2661 1568 2776 quod
1597 2666 1680 2747 n'on

232 2774 450 2863 moreretur
475 2804 523 2860 ex
548 2770 612 2859 ille
637 2773 885 2865 infimitates
929 2798 1109 2873 vmorutus
1136 2798 1271 2860 tamen
1286 2779 1344 2859 est
1369 2804 1455 2883 non
1468 2776 1553 2862 fine
1574 2779 1682 2892 gravi

232 2896 369 2977 anima
393 2884 587 3002 periculo,
616 2891 668 2974 eo
691 2890 805 3002 quod
826 2894 880 2973 ita
904 2885 1034 2981 fiderit
1055 2889 1183 2973 verbis
1206 2887 1306 2976 illius
1326 2887 1505 2995 sanctuli3
1546 2919 1590 2978 ut
1615 2895 1683 2980 vix

15 3062 19 3068 ·
76 3073 81 3079 .
229 3007 374 3092 ¹‹lomui
396 3009 436 3089 &
454 3000 689 3089 conscientia
711 3010 785 3112 jam
805 3008 929 3088 motti
948 3005 1097 3089 vicinus
1120 3000 1325 3091 consulere·
1340 3009 1530 3120 potuerit.
1631 3101 1672 3121 ,Ι

291 3294 295 3301 .
341 3170 510 3303 Regula
551 3180 629 3275 28.
680 3159 1036 3268 Revelationes
1073 3194 1184 3269 non
1219 3165 1335 3271 sunt
1367 3165 1690 3305 applicanda·

239 3310 302 3419 ad
324 3306 638 3416 resolvendas
673 3307 973 3442 questiones
1000 3301 1388 3443 philosophicas,
1410 3306 1686 3453 Theologi·

238 3485 357 3571 eas,
402 3475 494 3554 aut
537 3448 811 3555 Historicas
853 3459 982 3552 inter
1029 3449 1279 3554 Doilores
1325 3462 1686 3560 controversas.

235 3601 353 3681 Hanc
378 3584 549 3704 tegulam
573 3586 732 3673 insinuat
755 3593 797 3672 P.
825 3592 995 3673 Gravina
1021 3594 1064 3672 P.
1097 3622 1131 3672 ι.
1163 3593 1208 3675 L.
1234 3621 1271 3674 a.
1296 3592 1348 3675 C.
1374 3623 1409 3695 ς.
1448 3598 1506 3677 his
1540 3590 1687 3679 verbis:

226 3704 552 3799 observandum,
589 3725 633 3786 ut
656 3712 747 3796 t'ton.
765 3697 887 3786 sollsm
916 3731 996 3787 non
1030 3704 1219 3788 doeeaun
1250 3701 1399 3818 aliquid
1430 3705 1571 3824 regulis
1595 3707 1689 3792 fidei

240 3846 474 3935 repugnans,
502 3815 566 3901 sed
587 3820 706 3929 ⁴etium
729 3844 780 3901 ne
800 3812 950 3929 aliquid
976 3818 1124 3902 dicatur
1151 3843 1286 3929 praeter
1310 3817 1483 3932 regulam
1514 3825 1623 3920 fidei,
1648 3848 1690 3907 ut

117 3946 120 3951 ’
241 3935 389 4023 fatiunt
410 3927 479 4027 illi,
499 3935 575 4044 qui
586 3925 715 4042 plures
738 3931 980 4043 questiones,
996 3958 1093 4044 quas
1111 3933 1308 4016 Doilores
1328 3939 1427 4019 inter
1447 3935 1486 4020 se
1510 3940 1691 4027 nondum

189 4086 200 4098 ’
242 4055 403 4135 veritate
423 4042 592 4157 eliquata
613 4051 652 4127 in
685 4043 987 4131 controversum
1018 4045 1221 4129 adducunt
1247 4042 1346 4129 salva
1370 4048 1462 4133 fidei
1482 4079 1690 4164 compage,

138 4279 142 4284 ἢ
246 4156 439 4253 sonantur
463 4166 564 4245 iuter
591 4161 777 4276 dogmata
807 4155 1025 4273 colloeate,
1061 4183 1280 4275 putantque
1305 4188 1366 4248 tes
1400 4194 1483 4252 non
1516 4167 1694 4252 definitas

1487 4392 1491 4399 ἡ
1554 4283 1697 4369 div-ms
