3796 4994
682 253 859 387 Regula
880 284 939 354 ex
953 259 1000 355 S.
1026 246 1242 389 Theresu,
1585 257 1681 388 1¹95

327 464 531 597 regnu·
553 494 596 592 5.
652 455 856 566 5Εᾶειΐοε
905 492 965 567 ac
1009 462 1369 597 Revelationes
1405 494 1535 571 vetae
1570 406 1683 571 non

223 596 423 711 faciunt
482 627 575 710 aut
624 603 923 744 supponunt
977 602 1253 744 hominem
1304 611 1475 713 statim
1521 605 1681 744 perse·

223 744 384 865 dum,
423 745 505 852 sed
543 768 755 873 tantum
792 772 1015 859 movent
1045 780 1104 854 ac
1142 748 1415 888 disponunt
1460 748 1525 855 ad
1569 783 1678 888 per·

219 886 503 997 sessionem
538 888 801 1001 succeffive
840 890 1194 998 obtinendam.
1267 921 1313 1001 1n
1339 912 1508 1003 suavita
1532 915 1582 1003 c.
1609 944 1676 1000 ιι.

216 1035 283 1117 tit:
314 1028 510 1142 Descripsr
525 1058 639 1127 ⁸nnnc
664 1027 824 1117 effecius
841 1058 938 1117 verae
958 1031 1116 1122 Edafisr
1143 1031 1344 1149 fatendum
1373 1057 1524 1132 tamen,
1543 1057 1614 1115 eos
1635 1056 1674 1113 a·

215 1138 516 1259 liquandoeffe
539 1152 728 1253 majores,
749 1140 965 1261 aliqnando
994 1155 1178 1233 minores.
1234 1154 1341 1235 Nam
1372 1141 1464 1232 licet
1493 1147 1543 1229 ab
1562 1147 1674 1229 initio

214 1260 355 1353 unam
381 1267 459 1349 has
487 1255 893 1373 effennproducat,
920 1261 1100 1347 nondum
1138 1289 1269 1349 tamen
1298 1264 1419 1346 statim
1448 1258 1530 1373 ipso
1551 1286 1675 1372 opere
1836 1273 1840 1279 '

214 1376 551 1487 comprobaturum
580 1376 672 1461 hinc
693 1374 751 1472 fit,
781 1378 896 1489 quod
913 1405 995 1461 non
1016 1373 1165 1490 semper
1188 1381 1309 1475 statim
1344 1373 1426 1462 sciri
1452 1372 1593 1489 possut,
1623 1401 1672 1457 an

213 1489 383 1602 persona
410 1492 580 1577 Ebratica
607 1517 741 1575 revera
772 1492 950 1576 habuerit
983 1488 1073 1577 illos
1109 1488 1268 1578 effeetus
1300 1498 1488 1577 internos.
1544 1489 1675 1575 Potest

213 1605 383 1717 quidem
410 1604 523 1690 Deus
555 1608 595 1689 in
633 1631 841 1690 momento
878 1607 1047 1691 reddere
1077 1606 1321 1720 perfectum,
1350 1604 1527 1691 sednon
1564 1600 1673 1689 solet,

214 1721 319 1809 Hinc
341 1723 564 1818 deintus,
590 1746 639 1804 eu
661 1746 746 1834 qno
768 1721 836 1805 has
862 1729 1003 1835 gratias
1028 1719 1234 1832 consecuta
1254 1718 1370 1821 sum,
1387 1719 1536 1834 semper
1556 1721 1676 1805 crevit

214 1828 414 1921 fortitudo
431 1839 564 1934 animi,
583 1838 623 1919 δι
646 1842 876 1949 expurgatio
899 1837 924 1924 d
949 1837 1320 1952 perturbationibus.
1370 1860 1372 1865 ·

303 2028 492 2165 Regula
528 2034 577 2134 6.
631 2026 865 2165 Quando
902 2032 1189 2139 invisione
1239 2030 1407 2173 aliqua
1457 2053 1672 2171 apparet

216 2176 393 2311 imago
430 2167 638 2291 Christi,
675 2206 947 2312 nunquam
983 2173 1309 2318 conspuenda
1345 2174 1441 2292 est,
1477 2174 1671 2283 etiamst
1722 2206 1727 2223 ¹
1869 2144 1874 2163 ⁸

216 2311 329 2420 essct
367 2314 400 2419 d
435 2312 720 2422 Doemone.
791 2345 858 2426 De
885 2342 1048 2424 Fundat.
1086 2343 1423 2426 Monasteriorum.
1451 2346 1498 2428 C.
1529 2359 1566 2433 8.
1591 2344 1668 2424 ait:

215 2454 355 2543 Dicam
378 2456 433 2542 de
457 2454 765 2570 apparitionibus
791 2454 1112 2570 provenientibus
1139 2457 1170 2541 d
1181 2457 1394 2552 doemone,
1423 2458 1586 2570 quando
1606 2461 1667 2540 in·
1841 2476 1848 2493 ‘

218 2569 298 2657 'duit
320 2568 526 2684 personam
550 2575 714 2670 Christi,
736 2598 804 2656 aut
824 2566 983 2665 alicuius
1014 2573 1155 2655 Saniti.
1212 2575 1304 2655 Scio
1333 2566 1558 2682 personam,
1582 2588 1671 2684 qutr
1844 2598 1847 2603 ·

218 2681 329 2771 urlde
353 2688 617 2801 torquebatur
645 2689 668 2772 d
691 2685 762 2772 suis
785 2681 1058 2777 Conseisntiist
1104 2685 1267 2798 quando
1296 2694 1398 2770 enim
1420 2686 1489 2798 ipsr
1509 2712 1669 2798 appare·

220 2797 282 2887 brt
297 2806 434 2917 iniago
452 2804 604 2900 Christi,
619 2804 825 2912 jubebatur
851 2797 890 2886 se
911 2800 1058 2912 fignare
1084 2803 1246 2898 Cruce,
1279 2806 1317 2884 ὅ(
1345 2804 1487 2889 Christi
1504 2798 1669 2886 illudere

221 2914 384 3031 imagini
444 2918 622 3028 Quando
650 2945 747 3002 vero
779 2914 912 3001 locuta
941 2920 995 2999 est
1022 2917 1279 3028 postmodum
1298 2943 1388 2999 cum
1417 2922 1500 3000 viro
1530 2917 1665 3001 admo·

221 3028 307 3115 dum
335 3032 524 3117 dosto'F.
552 3037 764 3118 Dominico
793 3034 957 3127 Suarez,
987 3031 1106 3128 dixit,
1130 3032 1173 3116 id
1198 3061 1280 3114 non
1304 3033 1406 3118 reste
1431 3031 1527 3128 fieri,
1550 3029 1669 3116 need

220 3151 406 3259 quopiam
439 3143 675 3232 faciendum.
743 3152 851 3232 Nam
872 3148 1009 3230 Christi
1031 3151 1163 3260 imago
1184 3143 1333 3256 semper
1358 3148 1578 3231 veneranda
1600 3147 1688 3242 est,-

219 3260 357 3346 ubicun
391 3288 441 3345 ue
461 3266 683 3375 reperiatur,
716 3259 860 3347 etiamsr
888 3257 1047 3374 abipso
1079 3263 1271 3346 doemone
1302 3266 1404 3373 pisia
1433 3260 1535 3346 esset.
1595 3266 1670 3344 Per

217 3373 291 3460 boc
317 3288 437 3461 ndbis
472 3378 618 3488 praestat
652 3374 911 3491 obsequium,
948 3376 975 3458 sr
1008 3372 1250 3485 repraese'ntcr
1283 3382 1489 3489 imaginem
1512 3377 1669 3474 Christi,

212 3512 300 3603 qna
319 3489 576 3604 postmodum
596 3517 770 3577 remanet
789 3485 963 3602 impressa
979 3492 1114 3589 nostris
1130 3493 1326 3595 cordibus.
1387 3499 1478 3578 Haec
1495 3495 1669 3579 animad-

216 3606 336 3692 versio
356 3607 470 3714 hujus
491 3606 689 3693 viriduni
713 3609 808 3691 mihi
829 3601 944 3689 valde
970 3600 1136 3718 placuits
1166 3634 1255 3689 nam
1275 3606 1302 3690 fi
1323 3609 1578 3719 conspicimus
1599 3607 1668 3690 de·

216 3732 345 3807 uota‘m
366 3725 604 3834 imaginem,
633 3748 716 3807 non
741 3721 999 3805 remorabitur
1031 3726 1197 3806 nostram
1226 3724 1508 3821 devotionem,
1533 3718 1669 3805 stscir-

208 3848 324 3934 nus,
342 3865 426 3922 earn
450 3832 659 3922 a-sceleiio‘
684 3839 874 3951 quopiam
891 3836 1053 3945 homine
1079 3842 1222 3947 pisiam
1247 3831 1332 3920 eise.
1406 3840 1513 3921 idern
1534 3839 1674 3948 repetit

216 3952 266 4037 de
283 3949 552 4035 Manfionibus
580 3953 702 4034 Mani.
724 3967 762 4035 6.
778 3951 829 4035 C.
850 3982 888 4048 9·
908 3949 977 4033 ubi
997 3956 1069 4034 ait:
1112 3957 1210 4036 Viro
1229 3946 1284 4033 isli
1308 3953 1431 4035 dono
1461 3945 1575 4035 valde
1599 3943 1672 4032 dis·

217 4064 362 4183 plicuit,
389 4068 509 4184 quod
528 4069 571 4152 in
596 4062 662 4151 tali
684 4060 769 4165 casu
788 4066 941 4151 Christo
967 4070 1148 4264 putptitio
1168 4061 1412 4151 illudendum
1436 4064 1493 4168 stt,
1517 4071 1554 4148 δι
1578 4062 1673 4146 ficus

987 4185 1019 4267 Β
1095 4210 1119 4266 r
1506 4181 1674 4265 demon·
1759 4238 1763 4243 -
