3796 4994
606 256 808 414 Revelar.
832 310 885 407 de
907 307 1098 445 Agredn
1128 314 1242 408 Pars
1266 316 1325 410 ΙΙ.
1573 314 1598 441 3
1610 344 1632 440 3
1644 344 1682 452 5.

342 532 365 604 6
373 537 437 614 28.
465 525 508 606 B.
528 523 578 627 Y.
601 518 698 604 dixit
721 517 772 603 ad
790 517 958 623 JESUM
971 552 981 600 ε
1009 516 1087 601 Dic
1113 516 1222 617 mihi,
1245 540 1294 601 an
1318 512 1487 634 fatigeris
1507 522 1675 614 itinere?

220 638 272 722 'an
294 638 470 720 crucieris
490 629 620 747 aliqua
637 633 991 749 incommoditate?
1029 628 1303 745 Responditr·
1669 700 1673 705 .
1759 727 1761 731 ,

248 810 267 835 a
340 765 434 848 629.
462 755 505 834 B.
530 753 580 833 V.
599 748 650 833 ad
668 776 731 834 me
748 749 864 834 dixit:
910 741 1091 833 Herodes
1113 750 1307 832 minorem
1337 776 1498 863 poenam
1517 759 1675 868 patitur,

219 858 342 977 quim
362 887 572 976 pateretur,
601 862 629 948 fi
652 866 800 968 Jsssus
824 889 899 975 pro
927 889 978 947 eo
1003 889 1084 947 non
1107 857 1258 947 orasset.
1420 954 1423 959 ,
1504 844 1519 887 ⁸

266 1056 277 1081 Χ
337 991 434 1083 631.
461 984 576 1077 ,Tunc
601 982 760 1064 veniunt
788 981 828 1061 in
851 973 1053 1061 arenosum
1080 972 1272 1087 desertum
1297 972 1503 1083 Bersabeae,
1520 987 1561 1069 in
1585 1015 1679 1104 quot·

221 1089 433 1178 conficiunt
463 1107 517 1178 60
537 1088 837 1178 milliariarintra
866 1087 915 1175 ali
947 1114 1020 1177 uot
1052 1091 1163 1181 diesr
1206 1090 1352 1205 quibus
1374 1100 1495 1181 nodiu
1522 1086 1673 1216 sempe}

219 1206 469 1301 dormiebant
487 1204 556 1291 sub
580 1209 683 1296 Dior
713 1208 790 1290 hoc
810 1121 965 1290 difficile
992 1230 1071 1299 erat
1091 1201 1160 1291 illo
1185 1204 1331 1320 frigido
1360 1234 1552 1324 tempore,
1577 1227 1671 1329 quia
1708 1213 1710 1217 ’

218 1326 292 1409 iter
313 1323 580 1408 instituebatur
610 1318 742 1406 mense
765 1321 973 1406 Februario
994 1318 1058 1406 sex
1084 1320 1224 1407 diebus
1251 1325 1339 1435 post
1359 1322 1671 1436 purificationem

216 1440 258 1520 in
278 1433 459 1551 Templo.
516 1435 787 1524 Confidebant
807 1437 859 1520 ad
885 1463 1021 1547 rupem
1046 1440 1202 1524 montis.
1263 1435 1433 1552 ,Angeli
1462 1445 1502 1526 in
1533 1445 1670 1535 visibili

216 1545 343 1665 specie
372 1553 538 1665 agebant
572 1551 785 1645 custodiam
821 1556 845 1657 J
849 1552 968 1637 fisus
999 1552 1222 1638 dormiebat
1250 1556 1292 1638 in
1317 1553 1481 1649 brachiis
1519 1561 1669 1663 Matris,

216 1662 296 1781 ipsa
313 1691 441 1754 autern
461 1666 609 1780 semper
633 1663 831 1781 vigilabat,
860 1661 1096 1780 colloquens
1121 1695 1210 1752 curn
1234 1660 1328 1751 Deo
1351 1673 1392 1755 oc
1412 1668 1570 1784 angelis.

335 1798 431 1889 633.
469 1779 599 1868 Semel
647 1776 958 1867 rofieiscebantut
986 1808 1112 1894 usque
1143 1783 1195 1865 ad
1215 1784 1353 1868 horam
1374 1811 1520 1870 nonam
1540 1794 1669 1878 nodis
1757 1876 1768 1885 ,.

214 1897 394 1983 nondum
417 1901 571 2012 gustato
599 1813 681 1982 ullo
707 1895 819 1992 cibo,
845 1894 896 1980 eb
920 1896 1034 2009 quod
1060 1924 1142 1980 non
1174 1898 1386 1994 baberent,
1410 1903 1525 2013 quod
1558 1931 1669 1991 man·
1774 1956 1791 1972 „

184 2096 187 2102 .
217 2011 427 2115 durarent.¹
469 2019 583 2098 Tune
607 2019 648 2096 B.
668 2016 718 2097 V.
744 2035 857 2125 rogat
885 2006 1017 2095 Deum
1033 2039 1107 2124 pro
1131 2008 1322 2097 alimentis
1344 2018 1385 2097 in
1402 2014 1667 2105 conservatio·
1725 2059 1732 2104 e

216 2152 306 2212 nem
323 2124 403 2230 filii,
423 2127 556 2212 dicens
583 2178 602 2196 ·
660 2129 771 2212 Deus
791 2127 946 2238 insuper
971 2124 1191 2241 permiserat
1214 2122 1443 2227 elementis,
1470 2157 1512 2214 ut
1530 2129 1672 2247 asperi·¹

195 2265 334 2353 ⁸tatem
352 2240 455 2331 suam
478 2257 720 2331 exercerent:
756 2267 843 2326 orta
864 2267 964 2353 ergo
986 2243 1040 2329 est
1065 2246 1269 2354 tempestas
1294 2241 1421 2328 valida
1441 2251 1669 2359 urgentibus
1804 2312 1806 2317 >
1847 2246 1850 2258 ”
1890 2283 1893 2286 ⁴

215 2363 338 2443 ventis
357 2365 398 2442 dr
426 2353 571 2471 pluvii.
597 2370 603 2408 '-
627 2363 726 2444 Non
749 2352 976 2442 suffecerant
997 2358 1131 2442 omnia
1147 2355 1348 2443 involucra
1380 2362 1431 2444 ad
1447 2364 1667 2475 impedien·
1755 2420 1757 2425 ·

218 2474 328 2568 dum,
352 2477 448 2586 quin
464 2475 607 2583 JESUS
624 2479 733 2558 fleret
752 2478 791 2554 dr
813 2494 1007 2556 tremeret.
1063 2473 1203 2584 Itaque
1226 2469 1289 2559 usa
1309 2473 1362 2556 est
1379 2472 1442 2558 lua
1458 2481 1664 2587 potestate,

217 2593 257 2671 ἃ
287 2592 466 2699 praecepit
493 2585 708 2683 elementis,
737 2609 890 2671 utnon
919 2581 1080 2668 molesta
1109 2582 1228 2671 essent
1256 2588 1448 2674 Creatori.
1514 2595 1563 2676 Et
1592 2592 1665 2677 sta·
1705 2610 1713 2617 “

216 2711 286 2791 tim
313 2727 534 2815 paruerunt.
614 2704 761 2807 JESUS
793 2696 946 2813 vieilsrm
970 2708 1151 2812 praecepit
1177 2697 1337 2815 angelis,
1365 2726 1409 2788 ut
1434 2706 1547 2790 instar
1577 2736 1663 2794 mu·

215 2826 247 2906 ri
268 2815 557 2904 circumvallent
579 2824 621 2903 B.
649 2821 862 2931 Virginem,
882 2843 928 2900 ac
955 2839 1091 2901 contra
1106 2809 1393 2904 inclementiam
1410 2823 1508 2905 a'c'tis
1526 2827 1663 2930 tueanff

215 2960 287 3021 tur.
319 2953 416 3040 634.
1453 2980 1458 2984 ·
1554 2976 1557 2981 <

333 3066 356 3135 6
365 3081 428 3154 35.
450 3051 563 3135 ¹Dein
585 3042 713 3163 angeli
744 3043 907 3135 afferunt
930 3073 1115 3162 panem,
1149 3053 1188 3132 δι
1214 3046 1359 3134 studius
1383 3076 1470 3134 curn
1501 3079 1662 3140 amoeno

213 3193 327 3281 potu,
347 3174 385 3252 δι
405 3164 570 3255 serviunt
592 3168 643 3250 ad
667 3160 848 3249 mensam·
930 3182 1025 3266 ⁶37·
1051 3166 1116 3247 De
1136 3165 1335 3249 montibus
1351 3160 1536 3250 advolant
1556 3182 1661 3272 aves,

214 3290 253 3368 dc
278 3306 391 3369 cantu
415 3289 458 3368 B.
480 3286 682 3395 Virginem
708 3302 902 3376 recreant,
923 3280 1129 3363 insidentes
1153 3283 1379 3370 humeris&
1404 3281 1590 3368 manibus.

213 3442 215 3446 ·
314 3392 430 3499 '638.
464 3406 504 3482 Β.
527 3402 580 3482 V.'
601 3424 689 3481 eum
715 3388 843 3498 Jesulo
865 3389 1104 3507 loquebatur
1124 3397 1368 3507 quandoque
1390 3392 1588 3497 vocaliter,
1610 3395 1662 3486 src

214 3537 345 3599 tamen
365 3539 407 3595 ut
426 3515 464 3597 S.
488 3509 678 3623 Josephus
696 3536 759 3592 eas
780 3534 897 3592 voces
925 3538 1006 3592 non
1026 3504 1271 3605 intellexerit,
1291 3533 1358 3593 aut
1377 3537 1469 3594 non·
1483 3516 1660 3600 audierit.

214 3631 441 3742 Aliquando
462 3628 617 3712 dicebar
638 3635 679 3710 B.
695 3629 742 3721 V.
755 3621 806 3706 ad
827 3650 1008 3733 puerum:
1038 3630 1076 3706 0
1099 3649 1210 3710 amor
1232 3620 1355 3709 &lux
1379 3631 1513 3712 animat
1532 3657 1627 3714 meae
1640 3676 1661 3696 ·

211 3744 448 3856 Responditt
479 3739 702 3828 Chariffima
723 3764 846 3836 maret
870 3785 889 3802 ·
1653 3812 1657 3820 .

333 3876 431 3959 642.·
452 3857 630 3941 Tandem
652 3858 739 3968 post
772 3881 824 3955 50
852 3853 935 3937 dtes
963 3849 1147 3937 consecro
1173 3856 1311 3937 itinere
1341 3882 1421 3938 roo
1438 3850 1659 3942 milliarium

212 3980 320 4067 venit
340 3984 381 4060 B.
405 3977 451 4055 V.
473 4000 559 4056 curn
584 3999 707 4083 puero
731 3963 1111 4080 Hermopolin‘juxta
1127 3970 1377 4082 Prophetiam
1397 3967 1496 4056 lsaiae
1521 3975 1571 4058 C.
1592 4000 1659 4068 ιφ.
1704 3976 1708 3983 ‘

214 4086 328 4176 idola
343 4091 507 4200 ffigypti
521 4114 544 4172 a
556 4082 655 4173 facie
677 4092 758 4198 ejus
775 4083 1142 4172 commovebuntur.

1528 4167 1717 4308 '⁶44'
