3796 4994
212 333 238 404 2
250 321 315 432 30
524 299 630 429 neg.
651 287 801 392 Prau.
819 323 876 392 ex
896 302 940 392 S.
955 298 1100 431 Joan.
1121 291 1172 390 de
1196 298 1342 393 eruce.

212 501 518 611 induratum,
546 498 659 611 quod
689 498 881 604 ejusmodi
917 495 1186 583 allocutiones
1210 500 1456 636 praecipiunt,
1496 522 1579 578 non
1611 495 1664 578 ell

131 649 140 661 ³
218 622 341 703 statim
370 613 630 695 mandandum
662 618 906 709 executioni,
945 611 1022 696 five
1058 619 1291 723 proveniant
1319 639 1343 695 a
1371 613 1510 709 0150,
1540 609 1619 693 five
1645 612 1667 692 l

219 733 423 813 doemone.
535 724 615 807 Sed
650 721 904 807 consulendus
932 725 986 808 est
1010 731 1114 836 prius
1153 721 1291 838 aliquis
1334 746 1513 833 expertus
1553 725 1686 805 Dire-‘

222 850 308 927 etot
342 833 572 949 spiritualiss
602 843 724 951 qui,
763 836 790 921 fi
827 834 1068 938 consulatur,
1106 835 1283 933 suadeat,
1312 860 1355 920 ut
1381 841 1509 918 anima
1547 829 1587 916 se
1615 834 1666 917 atl

223 981 287 1039 eas
326 948 582 1035 allocutiones
638 951 787 1034 tantum
836 952 978 1035 habeat
1018 950 1182 1063 palliae,
1231 954 1271 1031 ἃ
1312 944 1539 1032 recusanten
1628 950 1667 1029 Si

221 1067 319 1151 veto
354 1092 438 1147 non
474 1063 586 1173 poffit
613 1063 746 1147 haberi
773 1059 856 1146 talis
891 1091 1069 1174 expertus
1105 1066 1316 1159 Diteclor,
1361 1067 1480 1145 tutius
1520 1056 1667 1174 eligen-

224 1180 424 1278 domest,
455 1175 636 1261 videlicet
667 1205 721 1260 eae
757 1171 1012 1260 allocutiones
1042 1174 1234 1261 servandae
1269 1173 1439 1271 secreto,
1465 1200 1540 1258 nec
1574 1178 1667 1257 aesti·

226 1291 377 1376 mandae
417 1286 514 1374 lunt.
603 1286 810 1402 Alioquin¹
836 1286 920 1373 talis
951 1295 1077 1373 aniana
1116 1285 1230 1373 facile
1271 1285 1396 1401 pollet
1423 1287 1595 1370 incidere
1626 1291 1667 1370 in

221 1406 493 1502 Direoloretn‚
521 1407 590 1515 qui
635 1402 722 1517 plus
757 1400 889 1486 damni
937 1403 1114 1500 alienet,
1151 1429 1268 1516 quarn
1305 1396 1428 1498 lucri,
1465 1427 1555 1482 cum
1584 1428 1668 1484 non

227 1543 366 1602 omnes
402 1514 570 1599 habeant
609 1520 768 1629 gratiam
797 1517 987 1621 dirigendi
1018 1522 1174 1599 animas.
1250 1518 1468 1626 Nunquam
1505 1540 1582 1622 pro
1611 1519 1669 1598 rio

226 1617 409 1716 arbitratu
440 1628 518 1711 stne
545 1653 699 1713 maturo
727 1624 886 1712 consilio
908 1625 1003 1712 tales
1027 1623 1284 1714 allocutiones
1310 1629 1552 1740 exequenda·
1572 1542 1669 1724 lllnt,

227 1748 321 1857 quia
349 1746 388 1824 in
413 1743 485 1825 hac
512 1747 669 1828 materia
695 1746 936 1853 reperiuntur
967 1739 1121 1827 fraudes
1148 1736 1302 1826 subtiles
1331 1746 1371 1823 δε
1399 1735 1583 1836 insolitae,
1618 1746 1670 1824 ita

95 1849 99 1862 '
229 1878 275 1940 ut
304 1853 473 1950 credam,
512 1880 598 1940 earn
626 1858 820 1951 animam,
855 1882 943 1968 quae
967 1852 1062 1939 tales
1088 1850 1344 1940 allocutiones
1371 1880 1452 1937 non
1473 1852 1571 1963 pros
1618 1857 1673 1936 ui·

103 2035 106 2047 .
217 1981 293 2053 'tur
312 1967 487 2079 positivo.
508 1970 624 2065 odio,
654 1974 797 2055 evitate
822 1996 905 2053 non
929 1965 1050 2086 polle,
1074 1973 1171 2083 quin
1199 1962 1392 2065 inmultis
1417 1993 1551 2052 earum
1564 1880 1675 2051 ello·

100 2185 104 2195 Ι
231 2084 431 2167 cutionum
453 2080 678 2195 decipiatur.
737 2095 743 2105 ‘
1432 2077 1437 2089 ’

275 2419 279 2431 ,
336 2324 506 2456 Regula
551 2318 629 2421 26.
699 2315 1045 2425 Allocutiones
1089 2319 1344 2459 practica,
1387 2353 1502 2456 quae
1538 2329 1594 2424 in
1628 2353 1675 2429 a

232 2469 377 2570 nima
428 2482 705 2597 operantur
752 2456 872 2564 illud
925 2457 1162 2581 bonum,
1206 2463 1347 2602 quod
1382 2459 1673 2600 fignificant,

233 2600 290 2707 &
325 2600 387 2706 dc
424 2624 608 2706 caetero
642 2600 716 2711 nil,
748 2596 880 2703 aliud
915 2600 1219 2739 fignificant‚
1254 2603 1339 2709 nist
1369 2604 1519 2761 ¹quod
1556 2635 1671 2740 ope·

231 2763 445 2858 rantur,
487 2763 658 2844 carent
693 2739 930 2873 periculo.
1002 2794 1041 2851 v.
1071 2794 1110 2879 g.
1152 2766 1194 2850 st
1220 2761 1407 2852 allocutio
1435 2767 1565 2869 areat,
1592 2788 1668 2851 ama

171 2951 174 2954 ,
231 2882 402 2977 Duum,
426 2872 511 2967 velt
549 2906 600 2963 ne
618 2883 777 2969 timeas;
806 2886 846 2962 &
867 2873 995 2964 subito
1019 2882 1060 2962 in
1083 2881 1215 2962 animo
1249 2874 1419 2965 nascatur
1448 2905 1581 2978 amor,
1611 2898 1667 2964 aut

234 2995 373 3124 quies..
427 2991 542 3122 Ratio
571 2992 645 3129 est,
674 2996 767 3106 quia
802 2993 954 3078 bonurn
981 2999 1115 3077 animae
1154 3008 1316 3077 certum·
1337 3016 1418 3075 non
1445 2994 1577 3104 potest
1603 2984 1665 3089 elle

231 3101 590 3321 flealo'cl'lir?
618 3108 755 3205 ΒΕΘ,
796 3109 891 3191 dum
915 3111 1043 3192 anima
1072 3099 1110 3189 le
1144 3106 1195 3189 ad
1230 3102 1328 3192 illud
1364 3106 1495 3235 habet*
1528 3104 1665 3219 palliae.

342 3409 513 3583 Regula
563 3484 641 3570 27.
697 3406 944 3554 Visiones
977 3446 1200 3551 illusoria,
1244 3447 1358 3552 sunt
1391 3445 1669 3585 frequentes

237 3597 292 3692 in
332 3585 747 3725 proficientibus,
804 3591 837 3692 st
887 3621 998 3695 non
1051 3584 1262 3694 horrent
1308 3586 1410 3693 illas
1447 3593 1673 3711 vifionet.

237 3725 292 3832 ἃ
326 3758 408 3832 eas
445 3737 594 3830 omni
629 3755 820 3834 conatu
857 3729 1072 3868 fugiunt.
1179 3754 1222 3836 1„
1254 3782 1291 3836 ι.
1341 3754 1484 3835 Nouis
1513 3754 1676 3841 obscura

238 3868 292 3952 C.
322 3894 361 3950 a.
387 3868 458 3950 aits
487 3867 594 3950 Dum
620 3862 714 3950 tales
743 3869 989 3979 proficientes
1018 3873 1058 3951 in
1083 3863 1286 3977 semetipsis
1311 3870 1562 3974 experiuntur
1589 3865 1681 3961 mul'·

239 4000 298 4065 tas
326 3976 490 4066 visiones
530 3983 669 4092 partim
686 3982 961 4093 imaginarias,
1004 3985 1142 4095 partim
1184 3971 1487 4076 intellectuales,
1516 3985 1685 4183 alias&
