3796 4994
242 354 310 460 92
371 468 374 475 Ι
670 335 777 455 aeg.
795 312 945 459 Brasi.
966 349 1024 419 ex
1050 312 1253 454 Gersone.

349 534 516 666 Regula
547 563 624 658 14.
663 525 935 634 Certitudo
958 527 1019 632 de
1044 539 1251 634 veritate
1273 527 1593 635 revelationis
1616 530 1694 635 so

240 675 354 779 lum
377 673 549 810 potest
576 668 748 776 haberi
768 703 859 806 per
884 672 1086 810 aliquod
1112 672 1480 809 supernaturale
1503 672 1694 779 lumen.

244 811 390 927 Gerfim
413 815 457 898 L.
481 812 572 898 CC.
602 812 718 896 dicit:
755 816 887 908 Cave,
915 822 966 895 ire
1000 808 1163 909 irfferas,
1201 836 1386 926 tanquam
1412 809 1516 897 nulla
1553 813 1598 897 srt
1627 840 1697 899 aut

243 926 359 1014 fuerit
380 930 420 1008 in
443 919 576 1010 sanetis
594 921 897 1036 revelationibus
922 927 1130 1010 certitudo.
1187 930 1295 1010 Sicut
1319 925 1534 1039 Apostolus
1563 929 1616 1011 de
1637 956 1697 1012 re·

244 1040 442 1128 velatione
464 1045 534 1140 aitr
576 1039 661 1128 Scio
686 1035 868 1127 bominem
894 1047 968 1124 dcc.
1036 1042 1210 1123 liabetur
1236 1040 1326 1124 sane
1353 1043 1561 1138 certitudo,
1583 1038 1695 1128 sedi
1729 1122 1741 1134 ,

246 1156 384 1241 divino
406 1152 564 1263 lumine,
590 1181 673 1239 non
692 1155 859 1240 humana
885 1152 1009 1239 solum
1035 1157 1327 1265 investigatione
1348 1180 1415 1241 aut
1431 1159 1693 1240 aestimatione.

245 1273 354 1358 Sicut
373 1296 455 1351 non
478 1269 668 1381 sequiturt
715 1270 827 1352 datur
861 1271 1045 1381 deceptio
1076 1275 1116 1351 dt
1152 1265 1277 1355 illufio
1315 1275 1355 1352 in
1391 1270 1604 1375 judicando
1640 1273 1700 1355 de

175 1411 179 1421 ·
244 1376 384 1472 somno
403 1389 442 1464 δι
466 1378 613 1496 vigiliae
640 1385 757 1496 igitur
779 1379 880 1467 nulla
895 1386 949 1468 esi
967 1384 1019 1468 de
1039 1380 1263 1497 vigilatione
1282 1385 1487 1482 certitudo,
1507 1379 1697 1499 nullaque

243 1498 468 1584 adhibenda
490 1493 734 1610 vigilantibus
758 1497 855 1582 fides
883 1497 1055 1582 indubia.
1117 1492 1336 1612 vigilabant
1358 1495 1471 1582 sanus
1493 1506 1532 1583 in
1557 1501 1695 1583 divino

174 1612 186 1622 ”’
244 1609 419 1701 luminea
458 1637 529 1694 nos
548 1618 715 1723 pcccatis
738 1613 868 1696 obruti
896 1609 1128 1725 plerumque
1153 1627 1333 1726 portenta
1362 1617 1545 1697 vitiorum
1566 1610 1693 1697 auril-

244 1727 436 1813 lufiontrm
461 1722 707 1812 somniamus.
777 1731 888 1811 Novi
907 1730 1143 1839 hominem,
1170 1736 1238 1841 qui
1267 1730 1354 1838 post
1380 1721 1542 1810 multum
1568 1752 1694 1812 tenta·

246 1848 364 1928 tionis
386 1835 627 1925 involucrum
655 1837 768 1954 super
785 1869 866 1925 uno
884 1869 931 1926 ex
953 1839 1045 1925 fidei
1062 1841 1226 1925 articulis
1252 1849 1293 1925 in
1318 1869 1461 1926 tantam
1485 1838 1613 1925 subito
1634 1839 1695 1926 lu-

248 1984 333 2060 cem
360 1959 527 2039 veritatis
551 1961 590 2038 u
613 1956 851 2040 certitudinis
865 1957 1105 2041 introducitis
1129 1957 1204 2053 est,
1235 1982 1276 2039 ut
1299 1952 1409 2040 nulla
1429 1952 1581 2067 prorsus
1607 1955 1695 2041 refi-

247 2073 385 2156 derent
410 2071 617 2153 dubictatis
637 2065 823 2183 reliquiae,
850 2064 953 2152 nulla
977 2067 1185 2168 facillati0,
1204 2066 1269 2154 sed
1287 2068 1465 2154 serenitas
1496 2067 1616 2156 multa
1638 2080 1704 2181 ju=

245 2187 368 2272 bente
394 2212 458 2281 eo,
485 2188 553 2296 qui
579 2185 760 2267 fluetibus
786 2191 961 2296 imperat.
1019 2185 1228 2286 Addebat,
1252 2189 1365 2297 quod
1395 2213 1475 2268 non
1501 2214 1548 2269 cx
1576 2192 1694 2271 ratio-

247 2329 301 2389 ne
325 2295 455 2413 aliqua
472 2299 564 2382 licut
590 2322 678 2382 tunc
697 2295 734 2382 sc
757 2299 1020 2410 interrogabat
1042 2306 1080 2382 ἃ
1105 2301 1254 2411 optime
1269 2304 1456 2401 meminit,
1471 2299 1537 2383 sed
1562 2328 1609 2384 ex
1632 2298 1695 2386 so-

246 2409 287 2501 la
309 2410 576 2499 humiliatione
608 2417 646 2494 dt
681 2417 941 2526 captivatione
970 2408 1187 2499 intelledius
1213 2423 1253 2499 in
1277 2411 1508 2528 obsequium
1534 2413 1628 2500 fidei
1654 2419 1695 2499 dc

248 2531 541 2642 omnipotentia
559 2529 637 2611 Dei
655 2529 752 2612 istud
772 2551 976 2623 meruerat,
988 2552 1031 2611 ut
1053 2557 1136 2612 non
1157 2525 1320 2642 amplius
1345 2530 1539 2615 dubitaret
1558 2525 1696 2616 dcilla

245 2640 341 2741 fide,
365 2671 484 2758 quam
504 2644 556 2726 de
572 2645 779 2727 existentia.
837 2642 1047 2754 Quaerebat
1070 2651 1261 2728 rationem
1285 2668 1397 2729 tantae
1423 2640 1635 2730 solididatis
1654 2651 1696 2727 &

245 2764 410 2877 pacis-in
427 2757 649 2846 credendae
680 2754 774 2841 nihil
793 2757 897 2842 aliud
921 2758 1150 2870 reperiebat,
1179 2758 1244 2841 nifi
1268 2761 1380 2870 quod
1400 2759 1699 2872 src'experieba·

128 2938 142 2955 κ
246 2900 320 2960 tur.
379 2878 477 2958 Non
508 2875 667 2956 credent
689 2871 849 2957 fortasfis
877 2874 1061 2956 mundani
1093 2869 1293 2986 sapientes,
1322 2870 1416 2958 tales
1444 2877 1527 2958 fieri
1553 2870 1699 2960 illumi·

246 2991 449 3078 nationem
491 2991 678 3101 quoniam
714 2988 896 3072 verissimi:
931 2992 1219 3099 pronuntiatum
1253 2990 1307 3072 est
1335 3017 1406 3101 per
1439 2990 1698 3102 prophetam:

245 3099 445 3190 illuminas
473 3115 516 3190 tu
545 3100 767 3190 mirabiliter
797 3101 821 3187 a
850 3099 1040 3187 montibus
1068 3111 1216 3189 eternis
1225 3129 1241 3209 3
1282 3101 1429 3190 turbati
1448 3101 1544 3218 fimi
1570 3131 1700 3191 omnes

246 3217 455 3332 inspienter
473 3215 591 3302 corde.
648 3223 864 3331 Hucusque
881 3213 1044 3302 Gcrson.
1104 3218 1229 3319 Addo
1249 3214 1432 3330 meipsum
1450 3220 1586 3304 intime
1605 3247 1702 3330 nosf

148 3386 152 3413 .
247 3331 286 3419 sc
311 3326 431 3416 vitum
459 3333 658 3446 quendam
686 3333 711 3418 a
737 3339 938 3439 juventute
966 3333 1194 3415 eruditionis
1229 3331 1459 3430 studiosum,
1487 3337 1547 3416 cui
1571 3333 1699 3419 ferm&

247 3443 479 3534 simillimum
503 3450 692 3560 contigit,
719 3451 923 3560 &inquo
949 3443 1016 3529 illc
1039 3445 1179 3530 infusus
1210 3449 1362 3531 babitus
1389 3443 1528 3561 aquali
1548 3448 1699 3562 semper

190 3578 195 3597 “·
246 3557 388 3647 effectu
425 3569 501 3672 jam
537 3589 609 3675 per
648 3567 726 3647 Dei
767 3567 926 3674 gratiam
963 3559 1182 3675 perseverat
1216 3557 1315 3648 ultra
1351 3565 1487 3676 viginti
1516 3569 1700 3679 quinque
1732 3611 1734 3615 ·

244 3701 385 3765 annos.
541 3756 560 3793 ¹

355 3842 525 3973 Regula
568 3874 581 3941 r
600 3877 642 3973 5.
694 3836 1051 3947 Revelationes
1085 3848 1242 3945 etiam
1277 3838 1341 3945 ab
1372 3836 1582 3945 Ecclefia
1613 3871 1699 3980 ap-

249 3978 484 4118 probatae
528 4013 637 4089 non
683 3986 865 4121 eoipsb
899 3992 1089 4088 ‘carent
1133 3994 1282 4087 omni
1330 3983 1552 4087 illufione
1609 3989 1704 4087 aut

252 4122 476 4232 falsitate.
548 4150 663 4238 Ratio
692 4149 766 4246 eli,
795 4149 888 4260 quia
915 4146 1081 4234 intentio
1106 4144 1406 4260 approbantium
1432 4172 1516 4249 nun
1545 4145 1599 4346 eg
1610 4167 1698 4342 ,dut

1184 4287 1186 4289 ’
1602 4287 1622 4345 e
1662 4283 1699 4344 t-
