<?xml version="1.0" encoding="UTF-8"?>
<!DOCTYPE html PUBLIC "-//W3C//DTD XHTML 1.0 Transitional//EN"
    "http://www.w3.org/TR/xhtml1/DTD/xhtml1-transitional.dtd">
<html xmlns="http://www.w3.org/1999/xhtml" xml:lang="en" lang="en">
 <head>
  <title>
</title>
<meta http-equiv="Content-Type" content="text/html;charset=utf-8" />
  <meta name='ocr-system' content='tesseract 3.04.00' />
  <meta name='ocr-capabilities' content='ocr_page ocr_carea ocr_par ocr_line ocrx_word'/>
</head>
<body>
  <div class='ocr_page' id='page_1' title='image "./derevelationibu00amorgoog_0430.png"; bbox 0 0 3772 4988; ppageno 0'>
   <div class='ocr_carea' id='block_1_1' title="bbox 207 232 1255 339">
    <p class='ocr_par' dir='ltr' id='par_1_1' title="bbox 207 232 1255 339">
     <span class='ocr_line' id='line_1_1' title="bbox 207 232 1255 339; baseline 0 -2"><span class='ocrx_word' id='word_1_1' title='bbox 207 234 306 338; x_wconf 80' lang='lat'>126</span> <span class='ocrx_word' id='word_1_2' title='bbox 586 232 893 337; x_wconf 66' lang='lat' dir='ltr'>revelationes</span> <span class='ocrx_word' id='word_1_3' title='bbox 925 240 972 339; x_wconf 83' lang='grc'><strong>8.</strong></span> <span class='ocrx_word' id='word_1_4' title='bbox 1011 238 1255 338; x_wconf 82' lang='lat' dir='ltr'>Gertrudir.</span> 
     </span>
    </p>
   </div>
   <div class='ocr_carea' id='block_1_2' title="bbox 205 434 1659 1346">
    <p class='ocr_par' dir='ltr' id='par_1_2' title="bbox 205 434 1659 1346">
     <span class='ocr_line' id='line_1_2' title="bbox 205 434 1654 556; baseline 0.008 -33"><span class='ocrx_word' id='word_1_5' title='bbox 205 465 290 553; x_wconf 85' lang='lat' dir='ltr'>quo</span> <span class='ocrx_word' id='word_1_6' title='bbox 311 436 419 525; x_wconf 93' lang='lat' dir='ltr'>idem</span> <span class='ocrx_word' id='word_1_7' title='bbox 441 434 672 524; x_wconf 80' lang='lat' dir='ltr'>Beatissimus</span> <span class='ocrx_word' id='word_1_8' title='bbox 707 445 811 551; x_wconf 90' lang='lat' dir='ltr'>Papa</span> <span class='ocrx_word' id='word_1_9' title='bbox 835 435 1001 553; x_wconf 76' lang='lat' dir='ltr'>refulget</span> <span class='ocrx_word' id='word_1_10' title='bbox 1028 447 1067 526; x_wconf 92' lang='lat' dir='ltr'>in</span> <span class='ocrx_word' id='word_1_11' title='bbox 1097 441 1205 530; x_wconf 87' lang='lat' dir='ltr'>coelis</span> <span class='ocrx_word' id='word_1_12' title='bbox 1227 471 1300 556; x_wconf 91' lang='lat' dir='ltr'>pro</span> <span class='ocrx_word' id='word_1_13' title='bbox 1322 466 1401 529; x_wconf 88' lang='lat' dir='ltr'>tam</span> <span class='ocrx_word' id='word_1_14' title='bbox 1431 448 1654 535; x_wconf 81' lang='lat' dir='ltr'>veneranda</span> 
     </span>
     <span class='ocr_line' id='line_1_3' title="bbox 210 549 1653 669; baseline 0.011 -35"><span class='ocrx_word' id='word_1_15' title='bbox 210 559 378 638; x_wconf 81' lang='lat' dir='ltr'>uie&#39;toriae</span> <span class='ocrx_word' id='word_1_16' title='bbox 395 549 466 636; x_wconf 85' lang='lat' dir='ltr'>luae</span> <span class='ocrx_word' id='word_1_17' title='bbox 493 557 715 639; x_wconf 79' lang='lat' dir='ltr'>tentationis</span> <span class='ocrx_word' id='word_1_18' title='bbox 746 551 980 639; x_wconf 87' lang='lat' dir='ltr'>sublimatus.</span> <span class='ocrx_word' id='word_1_19' title='bbox 1062 561 1130 641; x_wconf 86' lang='lat' dir='ltr'>ista</span> <span class='ocrx_word' id='word_1_20' title='bbox 1157 564 1280 669; x_wconf 80' lang='lat' dir='ltr'>praxis</span> <span class='ocrx_word' id='word_1_21' title='bbox 1313 560 1489 645; x_wconf 87' lang='lat' dir='ltr'>donandi</span> <span class='ocrx_word' id='word_1_22' title='bbox 1519 571 1653 650; x_wconf 84' lang='lat' dir='ltr'>merita</span> 
     </span>
     <span class='ocr_line' id='line_1_4' title="bbox 208 665 1654 781; baseline 0.009 -31"><span class='ocrx_word' id='word_1_23' title='bbox 208 667 315 753; x_wconf 74' lang='lat' dir='ltr'>adds</span> <span class='ocrx_word' id='word_1_24' title='bbox 331 672 488 750; x_wconf 86' lang='lat' dir='ltr'>Heroici</span> <span class='ocrx_word' id='word_1_25' title='bbox 510 696 591 750; x_wconf 91' lang='lat' dir='ltr'>non</span> <span class='ocrx_word' id='word_1_26' title='bbox 606 668 758 750; x_wconf 89' lang='lat' dir='ltr'>videtur</span> <span class='ocrx_word' id='word_1_27' title='bbox 778 665 992 753; x_wconf 88' lang='lat' dir='ltr'>conformis</span> <span class='ocrx_word' id='word_1_28' title='bbox 1006 671 1204 781; x_wconf 77' lang='lat' dir='ltr'>Scriptura</span> <span class='ocrx_word' id='word_1_29' title='bbox 1225 674 1368 756; x_wconf 86' lang='lat' dir='ltr'>dicenti</span> <span class='ocrx_word' id='word_1_30' title='bbox 1385 707 1419 758; x_wconf 87' lang='lat' dir='ltr'>r.</span> <span class='ocrx_word' id='word_1_31' title='bbox 1432 679 1532 761; x_wconf 87' lang='lat' dir='ltr'>Cor.</span> <span class='ocrx_word' id='word_1_32' title='bbox 1550 711 1583 779; x_wconf 84' lang='lat'>3.</span> <span class='ocrx_word' id='word_1_33' title='bbox 1603 684 1654 763; x_wconf 86' lang='lat' dir='ltr'>U·</span> 
     </span>
     <span class='ocr_line' id='line_1_5' title="bbox 210 780 1655 893; baseline 0.006 -28"><span class='ocrx_word' id='word_1_34' title='bbox 210 785 455 892; x_wconf 86' lang='lat' dir='ltr'>nusquisque</span> <span class='ocrx_word' id='word_1_35' title='bbox 476 786 670 891; x_wconf 84' lang='lat' dir='ltr'>propriam</span> <span class='ocrx_word' id='word_1_36' title='bbox 695 783 915 865; x_wconf 83' lang='lat' dir='ltr'>mercedem</span> <span class='ocrx_word' id='word_1_37' title='bbox 931 787 1093 893; x_wconf 82' lang='lat' dir='ltr'>accipiet</span> <span class='ocrx_word' id='word_1_38' title='bbox 1111 780 1319 867; x_wconf 90' lang='lat' dir='ltr'>secundum</span> <span class='ocrx_word' id='word_1_39' title='bbox 1340 782 1443 869; x_wconf 92' lang='lat' dir='ltr'>sunm</span> <span class='ocrx_word' id='word_1_40' title='bbox 1467 786 1655 875; x_wconf 87' lang='lat' dir='ltr'>laborem.</span> 
     </span>
     <span class='ocr_line' id='line_1_6' title="bbox 213 893 1655 1007; baseline 0.006 -28"><span class='ocrx_word' id='word_1_41' title='bbox 213 896 262 979; x_wconf 84' lang='lat' dir='ltr'>Et</span> <span class='ocrx_word' id='word_1_42' title='bbox 280 923 318 981; x_wconf 85' lang='lat'>2·</span> <span class='ocrx_word' id='word_1_43' title='bbox 338 897 434 979; x_wconf 89' lang='lat' dir='ltr'>Cor.</span> <span class='ocrx_word' id='word_1_44' title='bbox 459 926 496 1000; x_wconf 87' lang='lat'>5.</span> <span class='ocrx_word' id='word_1_45' title='bbox 535 901 682 978; x_wconf 85' lang='lat' dir='ltr'>Omnes</span> <span class='ocrx_word' id='word_1_46' title='bbox 705 922 779 979; x_wconf 87' lang='lat' dir='ltr'>nos</span> <span class='ocrx_word' id='word_1_47' title='bbox 802 893 1029 979; x_wconf 83' lang='lat' dir='ltr'>manifestari</span> <span class='ocrx_word' id='word_1_48' title='bbox 1056 923 1214 1007; x_wconf 85' lang='lat' dir='ltr'>oportet</span> <span class='ocrx_word' id='word_1_49' title='bbox 1233 925 1321 981; x_wconf 89' lang='lat' dir='ltr'>ante</span> <span class='ocrx_word' id='word_1_50' title='bbox 1349 899 1516 985; x_wconf 90' lang='lat' dir='ltr'>tribunal</span> <span class='ocrx_word' id='word_1_51' title='bbox 1541 906 1655 989; x_wconf 71' lang='lat' dir='ltr'>(hri-</span> 
     </span>
     <span class='ocr_line' id='line_1_7' title="bbox 212 1005 1656 1123; baseline 0.004 -28"><span class='ocrx_word' id='word_1_52' title='bbox 212 1008 258 1095; x_wconf 78' lang='lat' dir='ltr'>sti</span> <span class='ocrx_word' id='word_1_53' title='bbox 282 1030 324 1090; x_wconf 89' lang='lat' dir='ltr'>ut</span> <span class='ocrx_word' id='word_1_54' title='bbox 340 1005 490 1095; x_wconf 75' lang='lat' dir='ltr'>reserat</span> <span class='ocrx_word' id='word_1_55' title='bbox 511 1014 780 1123; x_wconf 84' lang='lat' dir='ltr'>uuusquisque</span> <span class='ocrx_word' id='word_1_56' title='bbox 799 1015 955 1119; x_wconf 87' lang='lat' dir='ltr'>propria</span> <span class='ocrx_word' id='word_1_57' title='bbox 978 1017 1166 1118; x_wconf 87' lang='lat' dir='ltr'>corporis,</span> <span class='ocrx_word' id='word_1_58' title='bbox 1184 1036 1302 1121; x_wconf 91' lang='lat' dir='ltr'>prout</span> <span class='ocrx_word' id='word_1_59' title='bbox 1319 1013 1450 1123; x_wconf 85' lang='lat' dir='ltr'>gessit,</span> <span class='ocrx_word' id='word_1_60' title='bbox 1477 1016 1556 1102; x_wconf 87' lang='lat' dir='ltr'>sive</span> <span class='ocrx_word' id='word_1_61' title='bbox 1582 1018 1656 1102; x_wconf 90' lang='lat' dir='ltr'>bo·</span> 
     </span>
     <span class='ocr_line' id='line_1_8' title="bbox 215 1116 1657 1243; baseline 0.01 -40"><span class='ocrx_word' id='word_1_62' title='bbox 215 1148 337 1218; x_wconf 89' lang='lat' dir='ltr'>num,</span> <span class='ocrx_word' id='word_1_63' title='bbox 359 1121 437 1205; x_wconf 86' lang='lat' dir='ltr'>sive</span> <span class='ocrx_word' id='word_1_64' title='bbox 469 1116 626 1206; x_wconf 91' lang='lat' dir='ltr'>malum.</span> <span class='ocrx_word' id='word_1_65' title='bbox 708 1118 947 1233; x_wconf 83' lang='lat' dir='ltr'>Responderi</span> <span class='ocrx_word' id='word_1_66' title='bbox 975 1125 1123 1232; x_wconf 86' lang='lat' dir='ltr'>potest,</span> <span class='ocrx_word' id='word_1_67' title='bbox 1153 1121 1298 1208; x_wconf 92' lang='lat' dir='ltr'>sensum</span> <span class='ocrx_word' id='word_1_68' title='bbox 1320 1123 1515 1212; x_wconf 85' lang='lat' dir='ltr'>essehunc</span> <span class='ocrx_word' id='word_1_69' title='bbox 1542 1134 1657 1243; x_wconf 90' lang='lat' dir='ltr'>quod</span> 
     </span>
     <span class='ocr_line' id='line_1_9' title="bbox 213 1232 1659 1346; baseline 0.009 -26"><span class='ocrx_word' id='word_1_70' title='bbox 213 1233 252 1320; x_wconf 92' lang='grc'><strong>8.</strong></span> <span class='ocrx_word' id='word_1_71' title='bbox 277 1235 361 1318; x_wconf 88' lang='lat' dir='ltr'>Leo</span> <span class='ocrx_word' id='word_1_72' title='bbox 391 1236 542 1319; x_wconf 78' lang='lat' dir='ltr'>tanturn</span> <span class='ocrx_word' id='word_1_73' title='bbox 573 1236 839 1345; x_wconf 72' lang='lat' dir='ltr'>deprecatorie</span> <span class='ocrx_word' id='word_1_74' title='bbox 865 1232 1111 1346; x_wconf 84' lang='lat' dir='ltr'>applicaverit</span> <span class='ocrx_word' id='word_1_75' title='bbox 1140 1233 1248 1321; x_wconf 88' lang='lat' dir='ltr'>suum</span> <span class='ocrx_word' id='word_1_76' title='bbox 1276 1246 1453 1323; x_wconf 88' lang='lat' dir='ltr'>meritum</span> <span class='ocrx_word' id='word_1_77' title='bbox 1487 1245 1527 1325; x_wconf 90' lang='grc'><strong>8.</strong></span> <span class='ocrx_word' id='word_1_78' title='bbox 1558 1250 1659 1333; x_wconf 81' lang='lat' dir='ltr'>Ger·</span> 
     </span>
    </p>
   </div>
   <div class='ocr_carea' id='block_1_3' title="bbox 213 1345 1659 1548">
    <p class='ocr_par' dir='ltr' id='par_1_3' title="bbox 213 1345 1659 1548">
     <span class='ocr_line' id='line_1_10' title="bbox 214 1345 1659 1548; baseline 0.013 -117"><span class='ocrx_word' id='word_1_79' title='bbox 214 1348 332 1477; x_wconf 84' lang='lat' dir='ltr'>trudi,</span> <span class='ocrx_word' id='word_1_80' title='bbox 356 1372 429 1548; x_wconf 60' lang='lat' dir='ltr'>acub</span> <span class='ocrx_word' id='word_1_81' title='bbox 444 1345 655 1547; x_wconf 48' lang='grc' dir='ltr'>εἶξιιῃάιιω</span> <span class='ocrx_word' id='word_1_82' title='bbox 674 1375 790 1435; x_wconf 91' lang='lat' dir='ltr'>unam</span> <span class='ocrx_word' id='word_1_83' title='bbox 806 1373 954 1463; x_wconf 89' lang='lat' dir='ltr'>partem</span> <span class='ocrx_word' id='word_1_84' title='bbox 978 1347 1152 1449; x_wconf 70' lang='lat' dir='ltr'>effecius,</span> <span class='ocrx_word' id='word_1_85' title='bbox 1168 1350 1263 1436; x_wconf 79' lang='lat' dir='ltr'>sicut</span> <span class='ocrx_word' id='word_1_86' title='bbox 1281 1353 1397 1436; x_wconf 91' lang='lat' dir='ltr'>nobis</span> <span class='ocrx_word' id='word_1_87' title='bbox 1419 1349 1659 1467; x_wconf 80' lang='lat' dir='ltr'>applicantur</span> 
     </span>
     <span class='ocr_line' id='line_1_11' title="bbox 213 1485 517 1548; baseline 0 0"><span class='ocrx_word' id='word_1_88' title='bbox 213 1485 347 1548; x_wconf 81' lang='lat' dir='ltr'>merita</span> <span class='ocrx_word' id='word_1_89' title='bbox 430 1493 448 1546; x_wconf 89' lang='lat' dir='ltr'>t</span> <span class='ocrx_word' id='word_1_90' title='bbox 506 1523 517 1548; x_wconf 92' lang='lat'><strong>.</strong></span> 
     </span>
    </p>
   </div>
   <div class='ocr_carea' id='block_1_4' title="bbox 217 1612 1660 3326">
    <p class='ocr_par' dir='ltr' id='par_1_4' title="bbox 217 1612 1660 3326">
     <span class='ocr_line' id='line_1_12' title="bbox 330 1612 1656 1721; baseline 0.003 -18"><span class='ocrx_word' id='word_1_91' title='bbox 330 1621 433 1705; x_wconf 80' lang='lat' dir='ltr'>xiv.</span> <span class='ocrx_word' id='word_1_92' title='bbox 487 1620 532 1705; x_wconf 81' lang='lat' dir='ltr'>l..</span> <span class='ocrx_word' id='word_1_93' title='bbox 557 1652 594 1721; x_wconf 89' lang='lat'>4.</span> <span class='ocrx_word' id='word_1_94' title='bbox 619 1618 671 1703; x_wconf 89' lang='lat' dir='ltr'>C.</span> <span class='ocrx_word' id='word_1_95' title='bbox 693 1646 764 1721; x_wconf 84' lang='lat'>45.</span> <span class='ocrx_word' id='word_1_96' title='bbox 805 1621 909 1700; x_wconf 87' lang='lat' dir='ltr'>Dum</span> <span class='ocrx_word' id='word_1_97' title='bbox 931 1614 1146 1704; x_wconf 84' lang='lat' dir='ltr'>Gertrudes</span> <span class='ocrx_word' id='word_1_98' title='bbox 1169 1612 1237 1701; x_wconf 91' lang='lat' dir='ltr'>sub</span> <span class='ocrx_word' id='word_1_99' title='bbox 1256 1613 1365 1703; x_wconf 85' lang='lat' dir='ltr'>Missa</span> <span class='ocrx_word' id='word_1_100' title='bbox 1388 1613 1570 1704; x_wconf 81' lang='lat' dir='ltr'>laudibus</span> <span class='ocrx_word' id='word_1_101' title='bbox 1593 1649 1656 1707; x_wconf 83' lang='lat' dir='ltr'>ex·</span> 
     </span>
     <span class='ocr_line' id='line_1_13' title="bbox 217 1725 1660 1843; baseline 0 -23"><span class='ocrx_word' id='word_1_102' title='bbox 217 1725 374 1820; x_wconf 84' lang='lat' dir='ltr'>tolleret</span> <span class='ocrx_word' id='word_1_103' title='bbox 397 1730 438 1817; x_wconf 84' lang='lat' dir='ltr'>B.</span> <span class='ocrx_word' id='word_1_104' title='bbox 459 1737 615 1817; x_wconf 88' lang='lat' dir='ltr'>Petrum</span> <span class='ocrx_word' id='word_1_105' title='bbox 643 1759 716 1842; x_wconf 91' lang='lat' dir='ltr'>pro</span> <span class='ocrx_word' id='word_1_106' title='bbox 744 1725 968 1843; x_wconf 75' lang='lat' dir='ltr'>specialibus</span> <span class='ocrx_word' id='word_1_107' title='bbox 997 1729 1069 1814; x_wconf 90' lang='lat' dir='ltr'>suis</span> <span class='ocrx_word' id='word_1_108' title='bbox 1097 1731 1304 1843; x_wconf 83' lang='lat' dir='ltr'>privilegiis</span> <span class='ocrx_word' id='word_1_109' title='bbox 1338 1737 1376 1814; x_wconf 81' lang='lat' dir='ltr'>dt</span> <span class='ocrx_word' id='word_1_110' title='bbox 1401 1738 1500 1818; x_wconf 90' lang='lat' dir='ltr'>inter</span> <span class='ocrx_word' id='word_1_111' title='bbox 1528 1761 1660 1820; x_wconf 74' lang='lat' dir='ltr'>cetera</span> 
     </span>
     <span class='ocr_line' id='line_1_14' title="bbox 218 1841 1660 1964; baseline 0.001 -34"><span class='ocrx_word' id='word_1_112' title='bbox 218 1872 293 1961; x_wconf 91' lang='lat' dir='ltr'>pto</span> <span class='ocrx_word' id='word_1_113' title='bbox 319 1873 396 1944; x_wconf 87' lang='lat' dir='ltr'>eo,</span> <span class='ocrx_word' id='word_1_114' title='bbox 422 1845 536 1955; x_wconf 92' lang='lat' dir='ltr'>quod</span> <span class='ocrx_word' id='word_1_115' title='bbox 560 1848 707 1930; x_wconf 90' lang='lat' dir='ltr'>audivit</span> <span class='ocrx_word' id='word_1_116' title='bbox 733 1843 756 1930; x_wconf 85' lang='lat' dir='ltr'>al</span> <span class='ocrx_word' id='word_1_117' title='bbox 786 1849 990 1942; x_wconf 87' lang='lat' dir='ltr'>Domino,</span> <span class='ocrx_word' id='word_1_118' title='bbox 1025 1841 1284 1962; x_wconf 73' lang='lat' dir='ltr'>Quodcunque</span> <span class='ocrx_word' id='word_1_119' title='bbox 1314 1841 1511 1964; x_wconf 79' lang='lat' dir='ltr'>ligaveris,</span> <span class='ocrx_word' id='word_1_120' title='bbox 1546 1876 1660 1962; x_wconf 89' lang='lat' dir='ltr'>appa·</span> 
     </span>
     <span class='ocr_line' id='line_1_15' title="bbox 217 1953 1658 2070; baseline 0.001 -25"><span class='ocrx_word' id='word_1_121' title='bbox 217 1963 294 2045; x_wconf 78' lang='lat' dir='ltr'>luit</span> <span class='ocrx_word' id='word_1_122' title='bbox 317 1962 423 2044; x_wconf 91' lang='lat' dir='ltr'>idem</span> <span class='ocrx_word' id='word_1_123' title='bbox 449 1954 662 2070; x_wconf 76' lang='lat' dir='ltr'>Apostolus</span> <span class='ocrx_word' id='word_1_124' title='bbox 691 1965 731 2042; x_wconf 91' lang='lat' dir='ltr'>in</span> <span class='ocrx_word' id='word_1_125' title='bbox 763 1954 894 2069; x_wconf 87' lang='lat' dir='ltr'>Papali</span> <span class='ocrx_word' id='word_1_126' title='bbox 926 1953 1048 2069; x_wconf 84' lang='lat' dir='ltr'>gloria</span> <span class='ocrx_word' id='word_1_127' title='bbox 1077 1954 1375 2043; x_wconf 81' lang='lat' dir='ltr'>sacerdotalibus</span> <span class='ocrx_word' id='word_1_128' title='bbox 1406 1963 1594 2062; x_wconf 85' lang='lat' dir='ltr'>indutus,</span> <span class='ocrx_word' id='word_1_129' title='bbox 1620 1968 1658 2047; x_wconf 84' lang='lat' dir='ltr'>dc</span> 
     </span>
     <span class='ocr_line' id='line_1_16' title="bbox 219 2069 1657 2185; baseline 0.001 -26"><span class='ocrx_word' id='word_1_130' title='bbox 219 2069 372 2159; x_wconf 81' lang='lat' dir='ltr'>extensa</span> <span class='ocrx_word' id='word_1_131' title='bbox 387 2069 497 2183; x_wconf 92' lang='lat' dir='ltr'>super</span> <span class='ocrx_word' id='word_1_132' title='bbox 518 2100 603 2157; x_wconf 90' lang='lat' dir='ltr'>eam</span> <span class='ocrx_word' id='word_1_133' title='bbox 632 2101 747 2155; x_wconf 89' lang='lat' dir='ltr'>manu</span> <span class='ocrx_word' id='word_1_134' title='bbox 765 2072 1083 2157; x_wconf 69' lang='lat' dir='ltr'>benedictionem</span> <span class='ocrx_word' id='word_1_135' title='bbox 1108 2073 1218 2159; x_wconf 90' lang='lat' dir='ltr'>dedit</span> <span class='ocrx_word' id='word_1_136' title='bbox 1243 2074 1293 2158; x_wconf 90' lang='lat' dir='ltr'>ad</span> <span class='ocrx_word' id='word_1_137' title='bbox 1315 2071 1595 2185; x_wconf 86' lang='lat' dir='ltr'>perficiendum</span> <span class='ocrx_word' id='word_1_138' title='bbox 1620 2084 1657 2161; x_wconf 92' lang='lat' dir='ltr'>in</span> 
     </span>
     <span class='ocr_line' id='line_1_17' title="bbox 218 2181 1657 2301; baseline 0.001 -29"><span class='ocrx_word' id='word_1_139' title='bbox 218 2193 347 2272; x_wconf 84' lang='lat' dir='ltr'>anima</span> <span class='ocrx_word' id='word_1_140' title='bbox 376 2187 489 2298; x_wconf 87' lang='lat' dir='ltr'>ipsius</span> <span class='ocrx_word' id='word_1_141' title='bbox 514 2213 671 2269; x_wconf 92' lang='lat' dir='ltr'>omnem</span> <span class='ocrx_word' id='word_1_142' title='bbox 701 2181 856 2269; x_wconf 88' lang='lat' dir='ltr'>salutem</span> <span class='ocrx_word' id='word_1_143' title='bbox 887 2213 1004 2300; x_wconf 91' lang='lat' dir='ltr'>quam</span> <span class='ocrx_word' id='word_1_144' title='bbox 1034 2212 1206 2298; x_wconf 92' lang='lat' dir='ltr'>unquam</span> <span class='ocrx_word' id='word_1_145' title='bbox 1231 2185 1425 2299; x_wconf 85' lang='lat' dir='ltr'>praevaluit</span> <span class='ocrx_word' id='word_1_146' title='bbox 1446 2194 1598 2301; x_wconf 90' lang='lat' dir='ltr'>operari</span> <span class='ocrx_word' id='word_1_147' title='bbox 1620 2196 1657 2275; x_wconf 93' lang='lat' dir='ltr'>in</span> 
     </span>
     <span class='ocr_line' id='line_1_18' title="bbox 217 2295 1657 2413; baseline 0.002 -29"><span class='ocrx_word' id='word_1_148' title='bbox 217 2297 349 2413; x_wconf 87' lang='lat' dir='ltr'>aliqua</span> <span class='ocrx_word' id='word_1_149' title='bbox 367 2303 493 2384; x_wconf 90' lang='lat' dir='ltr'>anima</span> <span class='ocrx_word' id='word_1_150' title='bbox 516 2326 564 2383; x_wconf 83' lang='lat' dir='ltr'>ex</span> <span class='ocrx_word' id='word_1_151' title='bbox 588 2302 775 2411; x_wconf 88' lang='lat' dir='ltr'>potestate</span> <span class='ocrx_word' id='word_1_152' title='bbox 797 2298 864 2383; x_wconf 86' lang='lat' dir='ltr'>sibi</span> <span class='ocrx_word' id='word_1_153' title='bbox 881 2304 920 2382; x_wconf 93' lang='lat' dir='ltr'>in</span> <span class='ocrx_word' id='word_1_154' title='bbox 941 2299 1065 2383; x_wconf 90' lang='lat' dir='ltr'>verbo</span> <span class='ocrx_word' id='word_1_155' title='bbox 1084 2300 1267 2410; x_wconf 77' lang='lat' dir='ltr'>praediclo</span> <span class='ocrx_word' id='word_1_156' title='bbox 1286 2295 1436 2386; x_wconf 85' lang='lat' dir='ltr'>collata.</span> <span class='ocrx_word' id='word_1_157' title='bbox 1494 2304 1657 2388; x_wconf 84' lang='lat' dir='ltr'>Annon</span> 
     </span>
     <span class='ocr_line' id='line_1_19' title="bbox 217 2409 1658 2523; baseline 0.003 -26"><span class='ocrx_word' id='word_1_158' title='bbox 217 2418 258 2497; x_wconf 80' lang='grc'><strong>8.</strong></span> <span class='ocrx_word' id='word_1_159' title='bbox 278 2421 412 2523; x_wconf 79' lang='lat' dir='ltr'>Petrus</span> <span class='ocrx_word' id='word_1_160' title='bbox 431 2418 575 2519; x_wconf 89' lang='lat' dir='ltr'>majora</span> <span class='ocrx_word' id='word_1_161' title='bbox 599 2414 702 2496; x_wconf 89' lang='lat' dir='ltr'>dona</span> <span class='ocrx_word' id='word_1_162' title='bbox 724 2418 937 2523; x_wconf 86' lang='lat' dir='ltr'>promeruit</span> <span class='ocrx_word' id='word_1_163' title='bbox 960 2439 1006 2495; x_wconf 90' lang='lat' dir='ltr'>ac</span> <span class='ocrx_word' id='word_1_164' title='bbox 1029 2409 1278 2497; x_wconf 85' lang='lat' dir='ltr'>contulitsuae</span> <span class='ocrx_word' id='word_1_165' title='bbox 1300 2417 1339 2497; x_wconf 87' lang='lat' dir='ltr'>B.</span> <span class='ocrx_word' id='word_1_166' title='bbox 1360 2409 1532 2512; x_wconf 61' lang='lat' dir='ltr'>Petrillau</span> <span class='ocrx_word' id='word_1_167' title='bbox 1557 2422 1595 2498; x_wconf 78' lang='lat' dir='ltr'>ur</span> <span class='ocrx_word' id='word_1_168' title='bbox 1622 2445 1658 2502; x_wconf 88' lang='lat' dir='ltr'>a·</span> 
     </span>
     <span class='ocr_line' id='line_1_20' title="bbox 218 2522 1660 2640; baseline -0.001 -25"><span class='ocrx_word' id='word_1_169' title='bbox 218 2524 279 2615; x_wconf 84' lang='lat' dir='ltr'>liis</span> <span class='ocrx_word' id='word_1_170' title='bbox 299 2525 540 2612; x_wconf 78' lang='lat' dir='ltr'>dtlediillimis</span> <span class='ocrx_word' id='word_1_171' title='bbox 564 2525 762 2610; x_wconf 83' lang='lat' dir='ltr'>animabus</span> <span class='ocrx_word' id='word_1_172' title='bbox 791 2522 874 2610; x_wconf 71' lang='lat' dir='ltr'>ise</span> <span class='ocrx_word' id='word_1_173' title='bbox 900 2524 1025 2610; x_wconf 90' lang='lat' dir='ltr'>multo</span> <span class='ocrx_word' id='word_1_174' title='bbox 1042 2524 1181 2612; x_wconf 87' lang='lat' dir='ltr'>sudore</span> <span class='ocrx_word' id='word_1_175' title='bbox 1212 2523 1418 2639; x_wconf 84' lang='lat' dir='ltr'>evangelio</span> <span class='ocrx_word' id='word_1_176' title='bbox 1443 2534 1597 2640; x_wconf 80' lang='lat' dir='ltr'>genitis,</span> <span class='ocrx_word' id='word_1_177' title='bbox 1618 2557 1660 2614; x_wconf 91' lang='lat' dir='ltr'>ac</span> 
     </span>
     <span class='ocr_line' id='line_1_21' title="bbox 221 2635 1658 2752; baseline -0.001 -23"><span class='ocrx_word' id='word_1_178' title='bbox 221 2648 407 2735; x_wconf 87' lang='lat' dir='ltr'>enutritis,</span> <span class='ocrx_word' id='word_1_179' title='bbox 431 2637 573 2724; x_wconf 86' lang='lat' dir='ltr'>&amp;aliis</span> <span class='ocrx_word' id='word_1_180' title='bbox 596 2643 741 2724; x_wconf 81' lang='lat' dir='ltr'>eximiis</span> <span class='ocrx_word' id='word_1_181' title='bbox 758 2636 829 2722; x_wconf 92' lang='lat' dir='ltr'>suis</span> <span class='ocrx_word' id='word_1_182' title='bbox 849 2635 1171 2751; x_wconf 68' lang='lat' dir='ltr'>miltoribus‚&#39;qui</span> <span class='ocrx_word' id='word_1_183' title='bbox 1196 2666 1352 2724; x_wconf 86' lang='lat' dir='ltr'>omnem</span> <span class='ocrx_word' id='word_1_184' title='bbox 1380 2644 1496 2724; x_wconf 90' lang='lat' dir='ltr'>vitam</span> <span class='ocrx_word' id='word_1_185' title='bbox 1526 2647 1567 2725; x_wconf 92' lang='lat' dir='ltr'>in</span> <span class='ocrx_word' id='word_1_186' title='bbox 1583 2651 1658 2752; x_wconf 84' lang='lat' dir='ltr'>ejus</span> 
     </span>
     <span class='ocr_line' id='line_1_22' title="bbox 220 2751 1659 2865; baseline 0 -23"><span class='ocrx_word' id='word_1_187' title='bbox 220 2751 327 2842; x_wconf 91' lang='lat' dir='ltr'>cultu</span> <span class='ocrx_word' id='word_1_188' title='bbox 354 2753 619 2837; x_wconf 87' lang='lat' dir='ltr'>conservando</span> <span class='ocrx_word' id='word_1_189' title='bbox 643 2758 683 2836; x_wconf 72' lang='grc' dir='ltr'>δε</span> <span class='ocrx_word' id='word_1_190' title='bbox 704 2755 888 2865; x_wconf 78' lang='lat' dir='ltr'>augendo</span> <span class='ocrx_word' id='word_1_191' title='bbox 908 2753 1209 2865; x_wconf 77' lang='lat' dir='ltr'>impenderunt?</span> <span class='ocrx_word' id='word_1_192' title='bbox 1245 2781 1292 2838; x_wconf 90' lang='lat' dir='ltr'>an</span> <span class='ocrx_word' id='word_1_193' title='bbox 1316 2755 1502 2838; x_wconf 76' lang='lat' dir='ltr'>ordinatae</span> <span class='ocrx_word' id='word_1_194' title='bbox 1524 2763 1659 2842; x_wconf 91' lang='lat' dir='ltr'>rationi</span> 
     </span>
     <span class='ocr_line' id='line_1_23' title="bbox 221 2864 1657 2977; baseline -0.001 -20"><span class='ocrx_word' id='word_1_195' title='bbox 221 2874 483 2966; x_wconf 87' lang='lat' dir='ltr'>conveniens,</span> <span class='ocrx_word' id='word_1_196' title='bbox 512 2891 555 2951; x_wconf 94' lang='lat' dir='ltr'>ut</span> <span class='ocrx_word' id='word_1_197' title='bbox 587 2864 671 2977; x_wconf 91' lang='lat' dir='ltr'>plus</span> <span class='ocrx_word' id='word_1_198' title='bbox 710 2867 850 2950; x_wconf 89' lang='lat' dir='ltr'>tribuat</span> <span class='ocrx_word' id='word_1_199' title='bbox 877 2869 917 2951; x_wconf 91' lang='grc'><strong>8.</strong></span> <span class='ocrx_word' id='word_1_200' title='bbox 945 2868 1129 2950; x_wconf 89' lang='lat' dir='ltr'>Gertrudi</span> <span class='ocrx_word' id='word_1_201' title='bbox 1155 2866 1209 2949; x_wconf 95' lang='lat' dir='ltr'>ob</span> <span class='ocrx_word' id='word_1_202' title='bbox 1236 2892 1354 2951; x_wconf 88' lang='lat' dir='ltr'>unum</span> <span class='ocrx_word' id='word_1_203' title='bbox 1383 2876 1509 2951; x_wconf 79' lang='lat' dir='ltr'>auum</span> <span class='ocrx_word' id='word_1_204' title='bbox 1538 2866 1657 2955; x_wconf 84' lang='lat' dir='ltr'>laudis</span> 
     </span>
     <span class='ocr_line' id='line_1_24' title="bbox 219 2976 1656 3093; baseline -0.003 -23"><span class='ocrx_word' id='word_1_205' title='bbox 219 2982 503 3070; x_wconf 83' lang='lat' dir='ltr'>transitorium?</span> <span class='ocrx_word' id='word_1_206' title='bbox 546 2981 624 3064; x_wconf 85' lang='lat' dir='ltr'>Sed</span> <span class='ocrx_word' id='word_1_207' title='bbox 647 2985 773 3093; x_wconf 90' lang='lat' dir='ltr'>potest</span> <span class='ocrx_word' id='word_1_208' title='bbox 794 2979 1040 3091; x_wconf 83' lang='lat' dir='ltr'>responderi,</span> <span class='ocrx_word' id='word_1_209' title='bbox 1070 3005 1158 3062; x_wconf 89' lang='lat' dir='ltr'>eum</span> <span class='ocrx_word' id='word_1_210' title='bbox 1178 3006 1379 3090; x_wconf 90' lang='lat' dir='ltr'>operatum</span> <span class='ocrx_word' id='word_1_211' title='bbox 1401 2976 1478 3064; x_wconf 86' lang='lat' dir='ltr'>esse</span> <span class='ocrx_word' id='word_1_212' title='bbox 1502 3009 1656 3068; x_wconf 91' lang='lat' dir='ltr'>omnem</span> 
     </span>
     <span class='ocr_line' id='line_1_25' title="bbox 222 3090 1657 3209; baseline -0.001 -25"><span class='ocrx_word' id='word_1_213' title='bbox 222 3094 396 3192; x_wconf 85' lang='lat' dir='ltr'>salutem,</span> <span class='ocrx_word' id='word_1_214' title='bbox 422 3123 469 3179; x_wconf 86' lang='lat' dir='ltr'>ex</span> <span class='ocrx_word' id='word_1_215' title='bbox 492 3092 560 3180; x_wconf 93' lang='lat' dir='ltr'>suo</span> <span class='ocrx_word' id='word_1_216' title='bbox 583 3122 726 3209; x_wconf 84' lang='lat' dir='ltr'>genere</span> <span class='ocrx_word' id='word_1_217' title='bbox 744 3090 890 3191; x_wconf 82' lang='lat' dir='ltr'>talem,</span> <span class='ocrx_word' id='word_1_218' title='bbox 918 3095 984 3179; x_wconf 89' lang='lat' dir='ltr'>sed</span> <span class='ocrx_word' id='word_1_219' title='bbox 1012 3099 1052 3178; x_wconf 91' lang='lat' dir='ltr'>in</span> <span class='ocrx_word' id='word_1_220' title='bbox 1086 3095 1293 3178; x_wconf 89' lang='lat' dir='ltr'>individuo</span> <span class='ocrx_word' id='word_1_221' title='bbox 1325 3100 1657 3206; x_wconf 87' lang='lat' dir='ltr'>proportionatam</span> 
     </span>
     <span class='ocr_line' id='line_1_26' title="bbox 220 3207 905 3326; baseline -0.006 -29"><span class='ocrx_word' id='word_1_222' title='bbox 220 3238 400 3326; x_wconf 75' lang='lat' dir='ltr'>congrue</span> <span class='ocrx_word' id='word_1_223' title='bbox 420 3207 657 3324; x_wconf 79' lang='lat' dir='ltr'>dispositioni</span> <span class='ocrx_word' id='word_1_224' title='bbox 679 3213 905 3321; x_wconf 90' lang='lat' dir='ltr'>recipientis.</span> 
     </span>
    </p>
   </div>
   <div class='ocr_carea' id='block_1_5' title="bbox 217 3384 1662 4077">
    <p class='ocr_par' dir='ltr' id='par_1_5' title="bbox 217 3384 1662 4077">
     <span class='ocr_line' id='line_1_27' title="bbox 332 3384 1658 3501; baseline -0.001 -25"><span class='ocrx_word' id='word_1_225' title='bbox 332 3394 418 3476; x_wconf 86' lang='lat' dir='ltr'>XV.</span> <span class='ocrx_word' id='word_1_226' title='bbox 475 3394 519 3476; x_wconf 87' lang='lat' dir='ltr'>L.</span> <span class='ocrx_word' id='word_1_227' title='bbox 539 3422 579 3493; x_wconf 85' lang='lat'>4.</span> <span class='ocrx_word' id='word_1_228' title='bbox 607 3392 658 3476; x_wconf 85' lang='lat' dir='ltr'>C.</span> <span class='ocrx_word' id='word_1_229' title='bbox 684 3419 753 3491; x_wconf 81' lang='lat'>45.</span> <span class='ocrx_word' id='word_1_230' title='bbox 805 3391 893 3473; x_wconf 83' lang='lat' dir='ltr'>Post</span> <span class='ocrx_word' id='word_1_231' title='bbox 925 3384 1204 3501; x_wconf 82' lang='lat' dir='ltr'>susceptionem</span> <span class='ocrx_word' id='word_1_232' title='bbox 1237 3388 1475 3473; x_wconf 67' lang='lat' dir='ltr'>Eucharistiae</span> <span class='ocrx_word' id='word_1_233' title='bbox 1502 3417 1593 3475; x_wconf 89' lang='lat' dir='ltr'>cum</span> <span class='ocrx_word' id='word_1_234' title='bbox 1623 3387 1658 3475; x_wconf 86' lang='lat' dir='ltr'>lc</span> 
     </span>
     <span class='ocr_line' id='line_1_28' title="bbox 221 3499 1657 3615; baseline -0.003 -22"><span class='ocrx_word' id='word_1_235' title='bbox 221 3505 435 3594; x_wconf 83' lang='lat' dir='ltr'>Gertrudes</span> <span class='ocrx_word' id='word_1_236' title='bbox 460 3508 500 3587; x_wconf 91' lang='lat' dir='ltr'>in</span> <span class='ocrx_word' id='word_1_237' title='bbox 520 3510 738 3588; x_wconf 90' lang='lat' dir='ltr'>orationem</span> <span class='ocrx_word' id='word_1_238' title='bbox 756 3499 931 3604; x_wconf 85' lang='lat' dir='ltr'>dedisset,</span> <span class='ocrx_word' id='word_1_239' title='bbox 950 3508 1124 3615; x_wconf 87' lang='lat' dir='ltr'>apparuit</span> <span class='ocrx_word' id='word_1_240' title='bbox 1150 3499 1227 3614; x_wconf 82' lang='lat' dir='ltr'>ipsa</span> <span class='ocrx_word' id='word_1_241' title='bbox 1254 3529 1342 3586; x_wconf 87' lang='lat' dir='ltr'>curn</span> <span class='ocrx_word' id='word_1_242' title='bbox 1372 3504 1553 3588; x_wconf 90' lang='lat' dir='ltr'>Domino</span> <span class='ocrx_word' id='word_1_243' title='bbox 1582 3530 1657 3589; x_wconf 88' lang='lat' dir='ltr'>tau·</span> 
     </span>
     <span class='ocr_line' id='line_1_29' title="bbox 219 3612 1658 3737; baseline -0.003 -32"><span class='ocrx_word' id='word_1_244' title='bbox 219 3647 340 3737; x_wconf 88' lang='lat' dir='ltr'>quam</span> <span class='ocrx_word' id='word_1_245' title='bbox 366 3620 512 3730; x_wconf 86' lang='lat' dir='ltr'>Regina</span> <span class='ocrx_word' id='word_1_246' title='bbox 536 3644 625 3701; x_wconf 86' lang='lat' dir='ltr'>curn</span> <span class='ocrx_word' id='word_1_247' title='bbox 656 3620 762 3730; x_wconf 85' lang='lat' dir='ltr'>Rege</span> <span class='ocrx_word' id='word_1_248' title='bbox 790 3621 831 3701; x_wconf 91' lang='lat' dir='ltr'>in</span> <span class='ocrx_word' id='word_1_249' title='bbox 853 3612 953 3702; x_wconf 93' lang='lat' dir='ltr'>solio</span> <span class='ocrx_word' id='word_1_250' title='bbox 977 3613 1134 3716; x_wconf 88' lang='lat' dir='ltr'>sedens,</span> <span class='ocrx_word' id='word_1_251' title='bbox 1157 3622 1197 3698; x_wconf 80' lang='grc' dir='ltr'>δι</span> <span class='ocrx_word' id='word_1_252' title='bbox 1223 3619 1418 3725; x_wconf 87' lang='lat' dir='ltr'>Principes</span> <span class='ocrx_word' id='word_1_253' title='bbox 1447 3614 1658 3728; x_wconf 79' lang='lat' dir='ltr'>Apollolo·</span> 
     </span>
     <span class='ocr_line' id='line_1_30' title="bbox 222 3725 1659 3842; baseline -0.004 -19"><span class='ocrx_word' id='word_1_254' title='bbox 222 3762 308 3823; x_wconf 87' lang='lat' dir='ltr'>sum</span> <span class='ocrx_word' id='word_1_255' title='bbox 337 3735 523 3817; x_wconf 85' lang='lat' dir='ltr'>Petrus&amp;</span> <span class='ocrx_word' id='word_1_256' title='bbox 544 3725 683 3814; x_wconf 88' lang='lat' dir='ltr'>Paulus</span> <span class='ocrx_word' id='word_1_257' title='bbox 707 3757 836 3815; x_wconf 92' lang='lat' dir='ltr'>coram</span> <span class='ocrx_word' id='word_1_258' title='bbox 860 3754 1031 3842; x_wconf 88' lang='lat' dir='ltr'>utroque</span> <span class='ocrx_word' id='word_1_259' title='bbox 1057 3757 1183 3841; x_wconf 84' lang='lat' dir='ltr'>genua</span> <span class='ocrx_word' id='word_1_260' title='bbox 1204 3734 1429 3827; x_wconf 77' lang='lat' dir='ltr'>flectentes,</span> <span class='ocrx_word' id='word_1_261' title='bbox 1451 3758 1498 3815; x_wconf 90' lang='lat' dir='ltr'>ac</span> <span class='ocrx_word' id='word_1_262' title='bbox 1520 3732 1548 3815; x_wconf 85' lang='lat' dir='ltr'>st</span> <span class='ocrx_word' id='word_1_263' title='bbox 1569 3729 1659 3817; x_wconf 83' lang='lat' dir='ltr'>mili·</span> 
     </span>
     <span class='ocr_line' id='line_1_31' title="bbox 217 3839 1662 3955; baseline -0.003 -21"><span class='ocrx_word' id='word_1_264' title='bbox 217 3873 280 3934; x_wconf 86' lang='lat' dir='ltr'>tes</span> <span class='ocrx_word' id='word_1_265' title='bbox 304 3847 328 3932; x_wconf 75' lang='lat' dir='ltr'>i</span> <span class='ocrx_word' id='word_1_266' title='bbox 351 3849 528 3932; x_wconf 88' lang='lat' dir='ltr'>Domino</span> <span class='ocrx_word' id='word_1_267' title='bbox 548 3846 801 3955; x_wconf 90' lang='lat' dir='ltr'>Dominaque</span> <span class='ocrx_word' id='word_1_268' title='bbox 824 3843 888 3928; x_wconf 91' lang='lat' dir='ltr'>sua</span> <span class='ocrx_word' id='word_1_269' title='bbox 911 3849 1075 3955; x_wconf 87' lang='lat' dir='ltr'>proemia</span> <span class='ocrx_word' id='word_1_270' title='bbox 1099 3839 1351 3955; x_wconf 80' lang='lat' dir='ltr'>susciperentr</span> <span class='ocrx_word' id='word_1_271' title='bbox 1388 3870 1480 3927; x_wconf 90' lang='lat' dir='ltr'>nam</span> <span class='ocrx_word' id='word_1_272' title='bbox 1513 3846 1568 3930; x_wconf 90' lang='lat' dir='ltr'>de</span> <span class='ocrx_word' id='word_1_273' title='bbox 1593 3851 1662 3930; x_wconf 88' lang='lat' dir='ltr'>vir-</span> 
     </span>
     <span class='ocr_line' id='line_1_32' title="bbox 220 3957 1659 4077; baseline -0.003 -25"><span class='ocrx_word' id='word_1_274' title='bbox 220 3985 304 4052; x_wconf 85' lang='lat' dir='ltr'>tute</span> <span class='ocrx_word' id='word_1_275' title='bbox 321 3963 443 4052; x_wconf 82' lang='lat' dir='ltr'>sacrae</span> <span class='ocrx_word' id='word_1_276' title='bbox 464 3962 753 4049; x_wconf 86' lang='lat' dir='ltr'>communionis</span> <span class='ocrx_word' id='word_1_277' title='bbox 784 3957 989 4043; x_wconf 85' lang='lat' dir='ltr'>videbatur</span> <span class='ocrx_word' id='word_1_278' title='bbox 1016 3962 1192 4041; x_wconf 90' lang='lat' dir='ltr'>metitum</span> <span class='ocrx_word' id='word_1_279' title='bbox 1226 3958 1459 4043; x_wconf 75' lang='lat' dir='ltr'>Sanctorum</span> <span class='ocrx_word' id='word_1_280' title='bbox 1483 3986 1659 4077; x_wconf 86' lang='lat' dir='ltr'>augmen·</span> 
     </span>
    </p>
   </div>
   <div class='ocr_carea' id='block_1_6' title="bbox 1585 4104 1657 4162">
    <p class='ocr_par' dir='ltr' id='par_1_6' title="bbox 1585 4104 1657 4162">
     <span class='ocr_line' id='line_1_33' title="bbox 1585 4104 1657 4162; baseline -0.028 0"><span class='ocrx_word' id='word_1_281' title='bbox 1585 4104 1657 4162; x_wconf 74' lang='lat' dir='ltr'>tari.</span> 
     </span>
    </p>
   </div>
   <div class='ocr_carea' id='block_1_7' title="bbox 0 0 1903 4988">
    <p class='ocr_par' dir='ltr' id='par_1_7' title="bbox 0 0 1903 4988">
     <span class='ocr_line' id='line_1_34' title="bbox 0 0 1903 4988; baseline 0 0"><span class='ocrx_word' id='word_1_282' title='bbox 0 0 1903 4988; x_wconf 95' lang='lat' dir='ltr'> </span> 
     </span>
    </p>
   </div>
  </div>
 </body>
</html>
