3796 4994
208 356 314 464 284
597 331 802 434 Revelat.
819 328 872 429 de
887 329 1078 464 Agredn
1103 336 1217 430 Pars
1232 338 1269 429 l.
1358 438 1363 445 ,
1476 394 1480 401 -

330 549 429 639 640.
457 538 501 622 lu
528 534 738 622 visionibus
777 531 1046 649 corporalibus
1083 537 1218 623 anima
1249 533 1401 622 debent·
1428 528 1506 619 esse
1531 541 1663 636 cauta,

209 657 307 771 quia
335 652 635 764 deceptionibus
656 648 807 737 diaboli
831 679 894 736 ma
923 655 954 736 is
979 649 1154 759 subjeclae
1179 646 1278 743 sunt.
1366 653 1449 762 Qui
1473 675 1539 734 eas
1563 677 1660 735 nun·

200 795 334 885 ..quarn
361 766 575 867 defiderar,
605 794 751 880 magno
769 770 876 878 peric
919 762 1005 851 ose
1037 770 1193 853 eximet.
1278 766 1405 877 Quod
1432 762 1567 848 finon
1590 763 1665 848 ob·

209 885 350 987 inore,
378 880 492 994 quod
516 884 709 989 ejusmodi
731 877 939 980 desideria,
960 884 1001 964 ἃ
1030 875 1103 965 alia
1133 883 1357 986 inordinata
1386 876 1578 963 desideria
1597 905 1665 965 ex·

211 989 935 1103 eludantur,nihilominushabeantur
958 988 1053 1079 tales
1070 995 1250 1094 vifiones,
1279 994 1513 1093 cavendum,
1527 1019 1580 1077 ne
1595 993 1666 1077 sta·

207 1116 281 1199 tim
307 1117 361 1196 eis
382 1110 611 1194 adhibeatur
628 1108 740 1197 fides.
839 1104 940 1195 Esset
967 1107 1102 1221 eoipso
1120 1109 1295 1224 fignum,
1324 1109 1439 1223 quod
1457 1114 1664 1221 proveniat

207 1224 237 1315 i
262 1225 469 1321 doemone,
496 1223 523 1308 fi
550 1231 589 1309 in
618 1226 808 1313 callatim
833 1223 911 1309 sure
942 1217 1127 1309 ulteriore
1153 1219 1441 1311 deliberatione
1472 1222 1516 1305 dt
1541 1217 1664 1309 conli-

48 1387 51 1391 ·
206 1336 371 1446 liatione
408 1344 469 1423 exi
498 1362 624 1441 eretur
655 1334 754 1446 fides
778 1344 818 1422 δι
854 1339 1092 1425 obedientia.
1178 1345 1271 1423 Hoc
1300 1341 1403 1422 enirn
1433 1363 1519 1420 non
1539 1328 1663 1421 solent

206 1451 338 1656 patere
380 1369 509 1567 angeli
537 1456 657 1557 boni,
701 1477 842 1568 utpote
876 1455 1041 1568 magistri
1079 1453 1336 1552 obedientia,
1364 1450 1661 1567 prudentioe,&

224 1572 425 1655 ariditatis,

328 1732 424 1820 641.
450 1723 495 1803 B.
518 1719 567 1802 V.
585 1716 636 1803 ad
658 1744 723 1803 me
745 1715 862 1803 dixitz
891 1721 947 1803 Ex
965 1717 1216 1805 diuisbabes
1238 1740 1323 1803 turs
1339 1711 1506 1832 regulas,
1529 1712 1661 1803 secun·

201 1833 306 1920 'dum
333 1860 432 1948 quas
452 1859 493 1915 re
514 1831 655 1946 dirigas
681 1839 723 1918 in
747 1831 1067 1920 revelationibus.
1147 1839 1276 1919 Prima
1298 1836 1364 1935 est,
1390 1858 1432 1919 ut
1445 1829 1662 1918 tesubmit·

207 1944 543 2036 tas-Confellario
575 1952 615 2030 δι
638 1948 923 2060 Superioribus.
1005 1948 1186 2036 Secunda
1220 1951 1295 2049 est,
1329 1949 1372 2033 ut
1407 1947 1588 2033 advertas
1611 1947 1661 2032 ad

205 2066 384 2152 internos
406 2056 780 2165 effudiuseJusnrodi
802 2062 1017 2152 vifionumt
1041 2091 1131 2148 nam
1151 2064 1266 2149 bonae
1282 2087 1493 2175 operantur
1518 2065 1660 2147 castum

205 2194 386 2261 ‘amorem
415 2180 453 2257 δι
482 2179 736 2259 reverentiam
770 2202 862 2288 erga
883 2179 1048 2278 Deum3
1095 2181 1337 2290 agnitionem
1356 2182 1506 2289 proprii
1532 2176 1658 2275 nihilis

204 2285 493 2377 avetfionemi
523 2289 754 2373 vanitatibus
780 2291 942 2380 mundis
982 2318 1156 2377 amorem
1183 2299 1326 2390 crucis,
1350 2291 1474 2377 infimi
1496 2287 1591 2394 loci,
1618 2296 1657 2374 dt

205 2398 538 2518 persecutionumr
566 2404 772 2488 horrorem
795 2410 945 2516 peccati
974 2410 1091 2490 etiam
1111 2411 1284 2506 minimi,
1306 2405 1539 2492 desiderium
1562 2432 1657 2518 ope·

175 2566 177 2570 ·
204 2520 317 2605 randi
342 2513 419 2603 sem
450 2545 492 2603 er
515 2515 894 2632 perfectiora-,seque
916 2514 1078 2615 uniendi
1097 2524 1308 2635 cumpeo.
1366 2524 1459 2609 blaec
1481 2546 1594 2608 erunt
1613 2519 1657 2606 li·

204 2659 285 2748 gua
300 2547 536 2730 infallibilia,
559 2632 673 2746 quod
697 2629 884 2719 revelatio
906 2633 950 2722 fit
973 2633 1143 2721 iDEO.
1180 2697 1200 2726 r

175 2770 178 2775 ’
306 2780 423 2898 0643.
477 2773 523 2852 B.
550 2771 600 2854 V.
636 2761 833 2881 tanquam
856 2770 983 2854 Mater
1021 2770 1143 2857 Verbi
1181 2795 1263 2858 erat
1307 2768 1442 2885 eoipso
1479 2772 1655 2858 Domina

174 2904 384 2968 omnium
411 2904 642 2966 creatorum.
1364 2918 1366 2923 v

198 3124 201 3130 Ι
326 3025 422 3116 ⁶57·
452 3016 498 3096 B.
520 3016 569 3099 V.
591 3015 700 3097 omni
732 3036 915 3128 tempore
932 3040 1092 3131 operata
1117 3017 1183 3121 est,
1200 2977 1323 3135 ‘quod
1345 3043 1440 3109 tunc
1460 3042 1656 3135 eratrpot·

163 3182 170 3189 -
200 3120 383 3215 tibilitate
403 3122 580 3213 absoluta
596 3124 917 3238 perfediiffimum.
1060 3154 1063 3159 ·

227 3284 230 3290 ·
322 3266 419 3355 658·
448 3255 646 3386 Inprimis
670 3260 778 3339 annis
799 3252 871 3341 suae
886 3254 1056 3382 infantia
1076 3254 1319 3372 legebatjam
1335 3263 1570 3377 Scripturam
1589 3263 1655 3346 Sa·

134 3404 138 3413 ¹
204 3388 332 3500 eram·
343 3365 554 3502 praesertim.
566 3363 710 3466 liniam,
731 3370 952 3505 Jeremiam,
971 3377 1011 3456 de
1035 3369 1218 3461 Psalmos.
1277 3378 1403 3490 Quod
1430 3375 1540 3490 legit,
1563 3405 1655 3463 con·

127 3605 133 3632 ‡
201 3475 370 3681 pupliporp
381 3474 881 3685 fgmplppppptcuoelceptllpqffi
898 3513 987 3572 cum
1013 3482 1087 3574 suis
1118 3485 1278 3604 angelis.
1363 3507 1460 3596 659.
1486 3492 1655 3578 Dicebat

210 3760 213 3765 ·
323 3741 419 3814 660.
448 3721 580 3812 Psalmi
603 3730 642 3810 δι
666 3732 829 3844 Hymni,
849 3757 952 3846 quos
975 3754 1064 3818 com
1095 3730 1194 3820 osuit
1211 3736 1251 3820 δι
1270 3741 1438 3824 cantavit
1452 3744 1503 3826 u.
1527 3743 1654 3853 Virgo

17 3906 21 3910 .
135 3912 142 3921 .
200 3852 265 3927 t'ot
280 3836 376 3944 sunt,
402 3828 497 3928 ut'li
521 3866 658 3927 omnes
683 3840 802 3931 essent
820 3838 960 3961 scripti,
992 3853 1046 3933 Ec
1085 3848 1158 3938 esta
1179 3849 1342 3941 liaberet
1357 3850 1503 3970 plures,
1530 3854 1655 3972 quim

196 3944 320 4063 li'abet
340 3955 394 4044 ab
416 3956 601 4069 omnibus
618 3960 824 4075 Prophetis
847 3964 888 4047 dt
908 3964 1071 4076 Sandis.

1558 4212 1655 4289 661.
