3796 4994
216 342 286 473 64
594 352 702 483 Reg.
726 341 877 447 Prass.
902 376 959 445 cx
981 358 1036 449 P.
1057 300 1276 450 Gravina.

319 554 488 689 Regula
528 586 605 677 ¹7·
658 553 884 675 Personae
919 534 1225 675 visonariae,¹
1259 558 1291 658 ss
1330 587 1440 661 non
1473 494 1661 665 radica·¹

214 716 329 801 tant
358 692 583 801 habeant
611 694 820 801 solidam
850 696 1211 815 humilitatem,
1234 698 1461 832 suspedae
1492 702 1662 804 sunto,

214 840 341 921 Porro
369 830 492 918 solida
527 832 719 919 humilitas
751 864 833 921 non
867 836 1033 922 consistit
1059 842 1098 921 in
1126 840 1404 949 protestatione
1435 840 1661 935 verborum.

102 998 107 1005 ·
215 950 312 1033 dum
324 945 363 1032 se
379 946 655 1061 indignissimos
677 954 723 1034 iis
745 946 944 1035 favoribus
968 957 1008 1034 δι
1030 958 1219 1035 maximos
1239 975 1463 1061 peccatores
1486 978 1665 1061 pronun-

216 1067 326 1158 tiant,
348 1059 413 1145 sed
437 1062 531 1146 dum
559 1058 665 1147 serid-
681 1058 866 1149 abscondi
880 1060 1036 1150 favores
1051 1090 1241 1178 quaetunt,
1271 1072 1311 1147 dr
1328 1062 1470 1147 sumam
1493 1062 1662 1177 lugiunt.

214 1180 331 1261 Ratio
358 1174 453 1260 verd
486 1178 553 1273 cll,
581 1182 674 1291 quia
701 1178 812 1263 Deus
839 1174 1009 1290 superbis
1042 1176 1206 1263 visiones
1233 1206 1317 1262 non
1341 1172 1440 1261 solet
1466 1178 1663 1263 concede·

213 1298 272 1387 r'e,
299 1284 366 1374 sed
386 1286 582 1377 subtrahit.
640 1292 706 1375 Dc
731 1296 791 1375 his
815 1292 861 1377 P.
889 1292 1071 1379 Gruuinu
1103 1286 1225 1377 rursus
1250 1290 1301 1375 fic
1318 1289 1464 1376 scribit:
1505 1292 1546 1373 Si
1573 1318 1664 1403 per·

213 1399 308 1489 sona
336 1400 492 1489 humilis
521 1406 858 1519 deprehendatur,
884 1432 933 1489 ex
961 1404 1096 1517 srgnis‚
1120 1405 1318 1515 operibus,
1345 1400 1523 1515 simplicis
1555 1404 1666 1513 spiri·

214 1543 285 1609 tus.
310 1524 533 1621 conjectura
565 1520 859 1603 demonstratur.
918 1518 1086 1604 sivero
1123 1514 1252 1629 spiritu
1283 1514 1466 1629 superbiat
1495 1516 1664 1605 ventoso

213 1636 393 1745 agitetur,
422 1634 635 1743 verendum
659 1636 725 1729 est,
749 1630 974 1717 srmiracula
995 1631 1335 1745 praetenderentur,
1360 1629 1385 1715 d
1408 1627 1667 1743 spiritualibus

214 1742 924 1975 hisilli‘rlls‘rllgl‘millo
950 1742 1669 1947 {dsstrhfstislslt‘

213 1972 295 2058 bus
312 1978 472 2087 gratiam
501 1888 617 2059 istanl
634 1976 808 2086 prestare
825 1968 947 2091 solet,
979 1996 1023 2057 ut
1047 1972 1076 2057 st
1109 1887 1312 2085 corltingat
1331 1976 1476 2057 animas
1494 1968 1664 2057 humiles

214 2087 349 2173 dehis
377 2088 493 2173 donis
519 2092 664 2187 inflari,
693 2115 774 2171 non
797 2082 922 2171 solum
937 2086 1008 2175 his
1036 2088 1326 2172 charismatibus
1352 2090 1499 2199 privet,
1526 2080 1665 2173 sedin

211 2228 375 2315 peccata
416 2208 583 2287 maxima
623 2202 764 2287 cadere
798 2204 1093 2313 permittantur,
1137 2205 1178 2285 δι
1211 2198 1367 2312 pellima
1393 2224 1521 2285 morte
1544 2204 1665 2287 vitam

215 2310 467 2401 concludere.
525 2314 644 2423 Unde
665 2312 874 2421 {sichardus
900 2316 948 2401 1.
972 2314 1026 2399 de
1043 2314 1193 2401 Erudit.
1211 2316 1402 2399 uterium
1425 2316 1535 2397 hom.
1554 2318 1611 2400 12...
1625 2346 1665 2401 ι.

217 2430 272 2515 C.
292 2456 360 2531 ao.
381 2426 533 2539 scribit:
564 2432 717 2517 Scimus
737 2454 893 2527 autem,
915 2428 1032 2543 quod
1049 2424 1228 2513 nonnulli
1247 2426 1341 2525 snt,
1372 2434 1445 2539 qui
1461 2454 1511 2511 ex
1531 2422 1664 2513 multi·

214 2544 352 2631 tudine
376 2538 659 2630 revelationum
691 2545 840 2629 suarum
867 2540 908 2629 se
938 2538 1144 2627 &tollrmt
1210 2545 1485 2629 Penuittuntur
1517 2566 1666 2645 autem,

215 2664 287 2771 qui
312 2658 502 2767 ejusmodi
526 2655 625 2757 sunt,
652 2686 701 2743 ex
728 2658 853 2771 digno
877 2658 956 2743 Dei
975 2658 1124 2761 judicio.
1148 2656 1311 2751 cadme,
1342 2679 1386 2739 ut
1408 2652 1584 2739 desrnant
1608 2651 1667 2740 su·

213 2773 381 2885 perbire.
439 2778 545 2857 Dum
562 2777 678 2889 igitur
698 2776 740 2857 in
758 2767 908 2883 culpam
929 2764 1123 2867 labuntur,
1154 2766 1460 2865 confunduntur,
1490 2774 1529 2851 dc
1555 2797 1665 2854 com·

214 2892 350 2999 pundi
375 2910 600 3002 purgantur,
631 2892 670 2969 dt
702 2892 855 2999 purgati
881 2880 1004 2981 rursus
1029 2880 1334 2975 illuminantur„
1362 2882 1444 2967 Sed
1469 2882 1496 2967 s
1521 2878 1666 2967 illumi-

214 2987 1667 3222 fissis?1{h‘l'lilrllshtsssgss‘itslhffilll'laial}

217 3230 319 3315 hanc
347 3224 561 3314 alternandi
569 3143 901 3315 gconsuetudinem
927 3221 1087 3337 pessimo
1122 3230 1280 3311 tandem
1303 3222 1383 3310 fine
1409 3222 1666 3327 concludunt,

218 3342 440 3456 dequibus
468 3344 638 3440 constat,
671 3341 788 3456 quod
816 3334 1061 3453 spiritualium
1096 3338 1359 3427 charismatum
1398 3344 1558 3452 gratiam
1582 3368 1667 3426 non

217 3480 299 3541 tam
319 3455 372 3540 ad
392 3452 512 3555 suam,
539 3456 663 3570 qudtn
683 3456 736 3539 ad
763 3448 928 3540 aliorum
957 3448 1159 3547 utilitatem
1183 3479 1424 3565 receperunt.
1478 3458 1574 3538 Hac
1603 3458 1669 3541 lli·

220 3568 420 3689 chardus.¹
454 3567 607 3689 Signum
634 3576 759 3671 arden
782 3564 1012 3677 ,hamilcaris
1040 3566 1378 3681 deprehendetur,
1386 3568 1553 3681 quando
1577 3596 1668 3653 cum

217 3682 412 3789 eiusmodi
435 3684 728 3797 dona'dantur,
760 3676 956 3767 humiliter
985 3708 1229 3793 reverentur,
1270 3684 1515 3793 &reputant
1542 3678 1582 3767 se
1605 3684 1669 3767 his

216 3798 335 3883 donis
358 3789 557 3913 indignos,
588 3802 630 3881 dt
656 3800 789 3881 Deum
818 3824 892 3906 pro
912 3797 1010 3891 ¹Deo
1038 3792 1286 3909 relinquunt,
1317 3794 1469 3881 obnixe
1486 3822 1583 3879 ειιιιι
1601 3825 1670 3881 ro-

218 3910 367 4025 gando,
397 3910 489 3995 ursi
514 3903 570 3995 illi
590 3905 755 4022 placeat,
784 3912 975 4016 ejusmodi
1000 3906 1229 3995 dulcedines
1254 3914 1295 3993 in
1317 3936 1451 3993 cruces
1479 3936 1671 3995 transmu-

218 4051 277 4111 tet
300 4053 375 4139 pro
405 4020 531 4225 lm
560 4027 703 4108 Dei&
732 4030 1003 4135 proximorum
1032 4020 1162 4108 salute.
1217 4020 1394 4132 Quodsi
1416 4050 1498 4107 non
1524 4049 1671 4135 potue-

106 4212 111 4224 .
218 4144 296 4250 rint
317 4138 412 4281 ido
440 4142 580 4251 tinges
607 4132 739 4249 saltent
770 4165 938 4257 cogent,
966 4164 1019 4229 uc
1039 4134 1199 4256 publice
1221 4131 1290 4245 sed
1306 4134 1452 4247 secrete
1482 4139 1672 4349 eacppfrp
