3772 4988
687 338 862 473 Regale
883 367 942 436 en
966 338 1179 441 Conciliir.
1629 378 1659 471 7
1749 392 1785 443 ς

207 572 285 657 tan
297 544 627 659 indifferens
649 576 795 651 amor
816 534 1075 668 veritatis,
1110 544 1270 686 quim
1300 546 1525 654 studium
1553 581 1665 687 pat·

167 812 169 825 ¹
209 703 313 799 llum.
397 709 459 791 ld
488 701 703 822 colligitur
721 737 768 792 ex
790 705 989 823 Apostolo
1015 739 1052 792 ι.
1068 703 1199 818 Tbeff.
1221 739 1259 794 ι.
1281 706 1349 794 ubi
1363 714 1440 796 ait:
1468 711 1568 801 Non
1584 714 1664 802 cito

209 834 395 921 nneanini
440 826 646 943 levejlro
672 829 816 948 sensti,
855 859 973 943 neque
991 826 1233 930 terrear‘nini,
1262 857 1380 943 neque
1404 855 1476 944 per
1539 836 1664 923 'ntum

213 945 275 1049 (ltu
290 942 625 1049 revelationem)
644 973 761 1058 neque
778 970 849 1059 per
858 944 1093 1062 sennonem,
1123 958 1304 1059 tanquan
1330 946 1439 1059 instet
1491 950 1546 1035 ies
1570 946 1664 1039 Do·

214 1068 301 1170 uiri3
322 1067 490 1177 nequis
511 1057 866 1178 vosftducatullo
888 1058 1012 1149 nolo.
1039 1111 1054 1126 ·
1092 1058 1102 1077 '
1128 1063 1238 1151 Nun
1273 1065 1468 1162 retinetis,
1496 1090 1579 1151 cren
1605 1060 1665 1177 el-

210 1175 369 1294 bnapud
389 1205 510 1275 vos,
532 1172 617 1263 bac
636 1174 801 1266 dicebam
817 1174 944 1264 vobis.
971 1229 990 1244 -
1019 1176 1143 1264 Nunc
1160 1172 1397 1265 revelabitur
1419 1173 1479 1264 ille
1499 1180 1664 1291 iniquus,

217 1296 292 1410 cup‘u
307 1291 518 1382 adventus
548 1292 604 1406 est
620 1291 825 1407 secunlum
854 1297 1103 1404 operationem
1128 1290 1281 1380 Satana
1306 1296 1346 1385 in
1386 1296 1488 1380 omni
1513 1298 1663 1384 virtute

219 1405 261 1504 lt
271 1407 441 1530 prodigiis
461 1405 747 1507 mendacibus,
762 1405 828 1529 Ι69*
842 1411 883 1497 in
907 1413 1009 1496 omni
1027 1404 1240 1522 seduliione
1263 1408 1475 1521 iniquitatis
1502 1403 1571 1513 iis,
1596 1408 1662 1522 qui

213 1536 352 1638 perun,
365 1520 411 1614 eb
439 1518 574 1639 quod
590 1520 814 1612 ebaritaten
831 1527 1014 1611 veritatis
1038 1550 1116 1612 non
1135 1536 1377 1636 receperunt,
1406 1534 1454 1610 ut
1470 1522 1578 1638 flatui
1592 1524 1665 1633 fie-

218 1651 297 1846 'bb
318 1637 396 1732 ileo
419 1645 579 1731 mittet
602 1634 676 1727 ela
688 1639 803 1731 Deru
816 1643 1064 1754 operationem
1086 1642 1264 1743 erroris,
1306 1649 1352 1727 ut
1377 1636 1536 1730 uetant
1563 1666 1665 1730 nen·

280 1786 309 1846 o.

733 1916 865 2138 ca
891 2000 961 2135 Ρ.
1058 2000 1156 2133 11.

343 2240 640 2422 Regula
670 2281 750 2375 ex
781 2241 1080 2378 Conciliis
1107 2237 1181 2375 ὃ(
1209 2241 1512 2380 Patribus.

364 2526 512 2658 Egula
559 2552 603 2622 1.
673 2514 1034 2626 Revelationes
1059 2510 1271 2656 priva'tae
1302 2515 1403 2622 fine
1433 2515 1536 2626 aliis
1565 2546 1666 2625 cer·
1798 2532 1808 2550 ·’

221 2521 369 2889 R
401 2671 468 2767 tis
495 2656 894 2799 probationibus
925 2694 1035 2766 non
1069 2659 1284 2767 serviant
1316 2663 1380 2767 ad
1413 2659 1665 2805 Regulan·

404 2803 540 2908 dum
562 2800 763 2909 cultum
786 2804 1055 2945 publicum
1071 2813 1125 2908 in
1139 2802 1360 2909 Ecclefia.
1469 2824 1511 2904 1n
1533 2816 1668 2907 Codice

221 2944 408 3035 &noum
432 2941 601 3053 Ecclepiae
624 2948 825 3058 Africana
853 2944 1028 3034 Decreta
1055 2968 1121 3051 83.
1143 2948 1307 3030 dicitur=
1365 2943 1534 3032 Omnino
1559 2941 1667 3031 nulla

222 3064 392 3148 nenoria
411 3060 523 3145 Mar
562 3086 648 3147 rum
659 3057 911 3172 probabiliter
929 3069 1166 3175 acceptetur,
1186 3060 1257 3171 nib
1272 3057 1339 3148 ubi
1365 3083 1502 3173 corpus
1512 3070 1583 3146 aut
1595 3056 1668 3146 ali·
1856 3074 1867 3094 ⁸

221 3200 294 3288 pua
308 3071 631 3397 Reliquiaebnn
657 3185 729 3263 aut
753 3179 860 3310 origo
893 3174 1056 3295 alicujus
1083 3171 1331 3264 babitationis
1358 3172 1427 3263 vel
1446 3175 1669 3290 poffeffionis

222 3287 284 3376 nel
294 3289 479 3403 paffionis.
561 3287 685 3400 lillirna
704 3318 849 3408 ungine
871 3288 1051 3379 traditur.
1108 3290 1219 3381 Nan
1244 3319 1324 3404 qua
1345 3314 1416 3404 per
1435 3290 1587 3409 fhmnia
1608 3285 1669 3388 ἐν’
1850 3372 1853 3377 .

218 3426 283 3514 per
303 3410 438 3493 inanes
461 3405 566 3517 quast
587 3400 844 3494 revelationes
867 3404 1118 3518 quorumlibet
1138 3402 1330 3494 boninum
1353 3401 1563 3519 ubicunque
1578 3434 1669 3494 eon-

216 3515 446 3625 tuamor,
461 3525 613 3610 annino
636 3519 908 3634 improbentur.

318 3661 492 3794 Regula
532 3696 574 3760 a.
644 3654 1002 3763 Revelationes
1021 3685 1134 3763 non
1152 3651 1459 3761 authenticae
1489 3652 1669 3792 proell-

225 3830 306 3905 ves
322 3797 387 3904 ad
408 3796 768 3906 inducendum
792 3829 1019 3904 errorem
1042 3808 1094 3903 in
1114 3795 1263 3904 rebus
1294 3793 1409 3902 fidei
1434 3822 1523 3903 aut
1548 3828 1670 3902 mo·

226 3968 465 4062 tum‚aut
487 3938 663 4050 faciles
689 3941 754 4049 ad
779 3940 1205 4049 introducendam
1229 3940 1672 4078 perturbationem

228 4084 327 4191 unt
346 4085 554 4227 publice
582 4084 941 4227 prohibendae,
962 4120 1027 4191 ne
1063 4118 1152 4223 per
1176 4118 1260 4189 eas
1284 4081 1512 4223 populus
1542 4080 1672 4186 deci·
1772 4206 1775 4210 ¹

227 4235 389 4365 piatur.
497 4251 553 4339 1n
571 4240 904 4357 Decreto'Grlafii
919 4242 956 4336 l.
972 4248 1090 4357 Papae
1097 4297 1117 4375 ,f
1128 4240 1238 4329 edito
1255 4246 1295 4326 in
1318 4232 1508 4326 Concita
1527 4237 1674 4322 Roma·

905 4455 910 4461 .
1590 4383 1674 4457 ¹¹00
