3796 4994
602 311 806 422 Revelat.
824 319 877 417 de
898 262 1089 456 Agreda.
1114 270 1314 432 Parsis,
1500 412 1507 426 ,
1572 350 1676 449 347
1757 406 1760 411 .

341 551 440 657 743.
474 521 584 657 Saepe
611 523 739 637 angeli
772 523 967 612 faciebant
986 530 1114 629 invia
1136 524 1346 629 muscam,
1372 530 1412 609 δι
1436 529 1477 609 in
1506 524 1671 640 ingressu

220 634 368 751 templi.
426 643 467 721 Β.
497 645 620 752 Virgo
640 639 905 725 meditabatur
930 637 1262 754 saepepalfionem
1285 643 1450 742 Christi,
1477 648 1547 753 qui
1579 669 1667 728 eam
1837 723 1888 757 ἢ,

219 751 514 885 adhortabatur,
529 778 570 838 ut
586 750 784 885 dolorem,
802 781 925 869 quem
944 754 1085 840 exinde
1101 781 1347 873 conceperat,
1362 754 1488 840 secum
1508 750 1669 843 offerret

219 873 316 956 Deo
341 893 438 981 paru
459 896 533 980 pro
552 865 715 953 utilitate
763 875 887 955 eneris
920 871 1094 956 humani.
1160 875 1273 955 Hanc
1298 867 1540 957 oblationem
1566 865 1668 955 filius

158 1055 165 1083 ‚
217 989 398 1186 s‘m'dht'er
421 979 616 1068 faciebant
626 898 760 1184 derul
768 979 1026 1119 principaliter
1039 1013 1113 1099 pro
1127 980 1323 1090 fidelibus,
1342 990 1381 1070 δι
1397 985 1525 1112 adhuc
1547 988 1669 1100 magis

372 1120 411 1179 te
480 1127 498 1180 r
820 1118 870 1184 .·
1730 1140 1734 1149 =

231 1125 321 1213 peel
337 1125 434 1336 7471,
452 1124 641 1345 Ρδίρῖἱῖι
654 1124 819 1318 edidllllss
847 1229 1087 1347 paschalibus
1115 1228 1280 1348 expletis
1309 1234 1603 1321 revertebantur
1627 1237 1669 1320 in
1770 1354 1774 1361 ἱ

219 1348 455 1488 Nazareth
479 1341 676 1479 §olebant
697 1372 828 1434 autem
848 1345 1251 1436 soeminaerhonestatis
1277 1346 1440 1436 causale
1465 1353 1590 1436 invia
1614 1347 1671 1436 se-

217 1488 630 1720 Pfflgjplmrslrnislo
665 1584 749 1674 filio
774 1592 832 1721 .B·
862 1593 986 1704 Virgo
1017 1589 1281 1704 interrogabat
1303 1586 1481 1704 angelos,
1512 1593 1665 1678 dicente
1800 1648 1805 1659 ·

163 1798 167 1807 ,
219 1700 428 1815 Charrffimi
463 1713 615 1789 comites
654 1751 675 1771 ·
730 1707 783 1790 Hr
818 1707 914 1788 verb
946 1731 1034 1791 earn
1066 1705 1229 1820 quidem
1262 1706 1581 1805 consolabantur,
1610 1732 1665 1806 at,

219 1846 310 1905 cum
349 1813 587 1933 perspectam
636 1816 826 1903 haberent
864 1815 1108 1913 voluntatem
1157 1822 1236 1904 Dei
1272 1819 1325 1904 de
1343 1917 1345 1921 v
1362 1816 1530 1904 celando
1566 1817 1670 1918 filio,
1731 1886 1746 1899 ,
1800 1912 1809 1925 ⁴

217 1960 308 2021 eum
328 1960 411 2047 non
429 1929 733 2020 manifestabant.
817 1927 878 2016 Illi
904 1958 1036 2020 autem
1064 1927 1222 2048 angeli,
1258 1937 1328 2049 qui
1352 1933 1564 2046 portabant
1590 1963 1666 2019 no·.
1717 1992 1721 1999 -

217 2077 326 2251 &llll
346 2047 493 2152 Jfisu,
528 2047 688 2136 aberant
717 2052 916 2149 omnino,
950 2052 1045 2164 quia
1076 2044 1226 2163 semper
1268 2044 1560 2155 comitabantur
1590 2050 1664 2152 Ju-
1796 2108 1799 2112 -

336 2325 385 2399 75
398 2328 433 2385 r.
477 2298 612 2384 Tertio
640 2298 705 2384 die
732 2295 895 2385 volebat
922 2304 966 2387 B.
985 2302 1110 2413 Virgo
1132 2297 1241 2384 adire
1266 2296 1457 2387 desertum
1486 2300 1664 2405 Joannis,

219 2418 260 2500 de
288 2413 343 2500 ibi
367 2416 529 2518 JESUM
557 2440 750 2528 quaererer
798 2411 864 2497 sed
895 2414 1113 2499 retinebant
1146 2439 1233 2498 earn
1254 2410 1406 2528 angeli,
1432 2418 1488 2499 uti
1507 2413 1667 2501 etiami

217 2527 422 2643 proposito
447 2527 646 2642 querendi
668 2523 888 2613 Bethlemii.
945 2532 1044 2628 Non
1072 2550 1204 2612 tamen
1228 2523 1316 2614 ausa
1332 2527 1406 2616 suit
1425 2525 1582 2614 ulterius
1607 2533 1668 2614 in·

189 2647 417 2757 'terrogare
433 2638 611 2757 angelos,
638 2643 705 2732 ubi
729 2639 820 2727 esset
840 2638 926 2726 suus
949 2638 1124 2763 dilectus.

251 2817 258 2826 ·
335 2804 383 2877 75
397 2804 434 2876 3.
463 2778 569 2859 Cum
592 2801 687 2888 ergo
708 2779 961 2886 interrogaret
978 2776 1100 2858 varias
1114 2768 1308 2885 personas,
1328 2772 1508 2881 deerunt
1528 2770 1667 2860 mulie·

216 2920 279 2982 res
304 2885 641 2994 Jerosolimitanae3
680 2918 728 2976 ex
756 2888 899 3003 quilius
929 2888 1043 3002 fignis
1074 2883 1344 3001 dignoscemus
1370 2914 1480 2975 tuum
1508 2886 1668 2975 lilium?

174 3081 177 3084 ,
218 3004 433 3119 Respondit
457 3007 595 3104 Maria,
619 3002 713 3088 sreut
735 2998 882 3115 Sponsa
902 3008 942 3088 in
970 3006 1171 3089 Canticise
1206 3000 1382 3105 Dileslus
1400 3031 1512 3091 meus
1535 3003 1667 3092 canid-
1700 3016 1703 3023 '

218 3120 291 3212 dus
318 3118 375 3217 65
401 3113 660 3215 rubicundus,
688 3114 822 3233 elesius
847 3143 899 3203 ex
929 3112 1100 3204 millibus.
1190 3121 1302 3205 Tunc
1330 3145 1408 3205 una
1433 3114 1572 3223 mulier
1595 3119 1664 3204 ista

219 3237 382 3323 audiens
420 3232 553 3319 dixit:
609 3233 681 3316 lste
715 3258 813 3344 puer
844 3232 927 3316 heri
958 3256 1048 3317 ante
1074 3240 1227 3342 januam
1264 3259 1394 3322 meam
1454 3236 1536 3320 etiit
1561 3228 1665 3320 elee-

219 3350 422 3440 mofinam.
504 3350 618 3432 Tunc
645 3344 816 3460 quaefivit
841 3348 964 3431 statim
992 3348 1033 3432 in
1059 3344 1322 3451 Nosocomio,
1351 3352 1392 3433 dc
1418 3262 1492 3435 llrit
1515 3347 1584 3461 ipsi
1604 3376 1666 3435 re·
1733 3426 1737 3447 ξ

216 3463 241 3554 s
238 3460 423 3665 urllsum
464 3458 582 3547 talem
614 3487 778 3576 puerum
813 3455 977 3547 attulisse
1008 3454 1311 3564 eleemosinam,
1348 3468 1388 3549 δι
1424 3460 1665 3552 consolatum
1704 3548 1709 3557 .

305 3603 487 3692 eaegros.
586 3606 589 3611 ·
1301 3655 1305 3663 ,
1461 3686 1472 3703 x
1691 3604 1700 3613 ··

330 3737 428 3812 754·
454 3705 634 3794 Tandem
658 3712 793 3823 quaerit
818 3711 859 3794 in
886 3699 1059 3821 templo;
1095 3710 1136 3792 dc
1155 3696 1460 3825 angeli'dicunt:
1491 3709 1590 3803 Non
1616 3704 1667 3825 efl
1718 3714 1721 3720 ’

211 3823 364 3944 procul.
418 3820 594 3921 Advenit
612 3829 727 3909 etiarn
749 3827 788 3913 S.
808 3817 1010 3938 Josephus‚
1032 3826 1070 3908 δι
1090 3819 1170 3938 ipse
1186 3827 1236 3912 ab
1262 3822 1408 3942 angelis
1430 3826 1668 3931 admonitus,
1706 3834 1718 3843 “

218 3967 263 4031 ut
288 3960 476 4057 quareret
500 3934 749 4055 intemplo·

884 4142 899 4241 f
962 4193 1033 4279 Xx
1063 4215 1089 4279 a
1571 4210 1669 4309 75⁸.
