3690 4988
80 340 83 345 ·
189 301 293 412 ren
515 285 718 399 neverat.
737 303 781 396 t.
802 287 1054 425 elisabetha
1068 293 1319 429 schonaug..

191 497 298 598 sunt,
319 505 358 584 dt
386 498 491 612 quas
514 498 676 614 speciem
699 498 866 585 mulieris
890 504 929 583 in
960 527 1036 599 eo,
1068 503 1108 581 dt
1139 496 1630 585 circumstabatmustitudo

192 640 333 727 magna
359 610 622 725 Angelorumt
652 620 689 696 dt
718 618 805 724 post
828 609 1003 724 pufillum
1026 620 1153 697 erecta
1176 614 1230 697 est
1252 613 1304 696 de
1326 607 1550 724 sepulchro,
1573 639 1635 725 pa·

194 733 368 840 nitetque
391 755 478 811 curn
501 725 564 810 illa
598 725 846 812 multitudine
870 722 1019 809 elevata
1053 727 1107 808 est
1133 731 1173 809 in
1199 722 1374 811 sublime.
1404 786 1408 791 -
1457 731 1635 838 Cumque

194 839 417 952 aspicerem,
440 844 539 923 Ecce
558 845 597 922 in
621 841 821 925 occursum
840 846 918 944 ejus
947 841 1053 922 venit
1080 838 1132 922 de
1151 832 1355 922 altitudine
1375 834 1567 925 coelorunt
1586 843 1636 923 vir

193 949 305 1066 supra
333 980 491 1035 ornnem
519 956 807 1037 estimationem
846 947 1035 1063 gloriosus
1068 976 1226 1062 portans
1254 956 1293 1032 in
1326 955 1464 1035 dextra
1498 950 1633 1066 sgnum

196 1069 335 1160 crucis,
361 1070 505 1178 inquo
532 1073 570 1150 dt
598 1060 778 1150 vexillum
799 1069 986 1176 ¹apparuit,
1040 1090 1128 1145 nem
1147 1060 1412 1177 intelligebam
1433 1061 1510 1149 esse
1526 1062 1633 1175 ipsun

192 1173 451 1266 Salvatorenn
478 1227 518 1271 ·,
552 1230 570 1245 ·
629 1183 673 1262 In
699 1181 836 1263 eadem
861 1178 959 1261 hora
1047 1177 1166 1260 siebat
1192 1178 1284 1261 tnrhi
1310 1176 1502 1290 Angelus,
1527 1179 1630 1269 &di-

198 1297 265 1377 xi:
310 1294 420 1401 Quid
445 1289 514 1374 sthi
543 1289 627 1377 vult
655 1292 751 1377 visto
780 1293 886 1375 haec?
912 1296 950 1373 δι
975 1294 1047 1373 ait:
1088 1286 1285 1376 ostensum
1302 1290 1374 1374 tibi
1388 1296 1458 1388 est,
1478 1317 1629 1405 quomo

194 1403 256 1505 do
278 1427 358 1487 tun
381 1430 492 1488 carne
509 1432 626 1520 quam
650 1406 779 1517 spiritu
801 1406 974 1488 Domina
991 1406 1117 1487 nostra
1137 1407 1179 1487 in
1202 1396 1347 1489 coelum
1367 1404 1554 1517 assumpta
1577 1406 1629 1488 esi

198 1519 294 1602 Post
317 1520 397 1600 haec
419 1514 595 1602 sciscitata
618 1515 697 1601 sum
721 1518 770 1602 ab
789 1518 854 1602 An
885 1513 977 1612 elo,
997 1520 1035 1600 in
1055 1542 1186 1629 quoto
1218 1518 1283 1600 die
1305 1516 1327 1602 i
1353 1516 1419 1601 die
1440 1520 1628 1601 donnino

201 1635 262 1714 nis
278 1636 357 1734 ejus
389 1633 571 1716 acciderit
597 1626 809 1743 corporalis
838 1545 903 1714 issa
925 1626 1169 1717 resurredior
1212 1635 1252 1711 dt
1276 1628 1397 1713 rursus
1416 1638 1492 1714 ait:
1531 1640 1625 1738 Quo

196 1746 304 1829 niam
331 1747 369 1826 in
394 1744 539 1829 eodem
563 1745 652 1847 die,
678 1772 762 1856 quo
789 1740 1004 1829 celebratur
1029 1739 1246 1852 Assumptio
1271 1748 1366 1850 ejus,
1392 1745 1447 1827 de
1471 1751 1547 1829 vita
1569 1746 1625 1828 htc

196 1861 253 1941 mi
282 1861 389 1943 tavit.
475 1857 782 1972 Quadragestmo
808 1881 937 1942 autem
972 1858 1036 1941 die
1067 1858 1153 1967 post
1174 1851 1307 1956 illurn,
1323 1857 1403 1965 hoc
1424 1861 1491 1958 est,
1511 1866 1625 1942 odiret

198 1975 235 2055 K
274 1972 396 2056 endas
414 1972 620 2068 Odiobris,
640 1967 850 2056 resurrexit.
931 1971 1023 2054 Post
1046 1970 1126 2051 haec
1150 1997 1236 2052 cum
1268 1968 1489 2056 dubitarem
1519 1964 1623 2084 publi·

202 2107 292 2167 care
331 2080 512 2195 scriptum
544 2081 789 2168 revelationis
826 2085 965 2186 hujus,
1000 2080 1161 2193 expletis
1195 2082 1355 2166 duobus
1389 2087 1500 2169 annis
1531 2086 1623 2168 dixit:

197 2196 301 2281 Non
323 2194 444 2280 debet
463 2199 502 2279 in
519 2193 673 2309 populo
694 2192 882 2310 divulgari
905 2198 995 2296 hoc,
1040 2202 1101 2279 uia
1115 2192 1290 2279 seculum
1312 2195 1524 2310 malignum
1548 2199 1622 2281 eii·

195 2306 351 2390 'debent
373 2333 501 2393 autem
523 2306 764 2394 innotescere
791 2336 860 2422 per
880 2335 920 2393 te
936 2224 1184 2393 summatibus
1206 2313 1302 2393 meis
1327 2358 1346 2376 ·
1374 2317 1512 2396 iterum
1530 2333 1623 2421 appr·

201 2424 279 2507 tuit
305 2422 411 2521 mihi,
435 2427 475 2505 dt
494 2427 726 2536 interrogavi
747 2450 833 2507 eam
850 2423 1007 2507 dicens:
1045 2425 1220 2533 Domina
1242 2449 1352 2522 mea,
1378 2451 1532 2537 quanto
1549 2448 1623 2509 ten·

201 2537 419 2730 potepost
442 2536 708 2670 escensionem·
725 2533 933 2670 Sasvatoris
965 2538 1087 2620 vixisti
1119 2531 1230 2667 super
1258 2545 1431 2622 terram?
1472 2532 1623 2649 nunquid

201 2645 1532 2872 :isitiiiiis‘isssiis²sssi‘3t2i¹i;‡'ss¹ifimfiitsi
1552 2647 1627 2847 is

204 2896 281 2985 gro
313 2878 355 2957 δι
381 2899 444 2960 tot
466 2876 632 2976 diebus,
663 2901 767 2990 quot
796 2874 880 2963 sunt
905 2878 929 2963 d
955 2876 1156 2961 festivitate
1182 2874 1426 2961 Ascensronis
1457 2872 1630 2991 utquetd

205 2985 327 3085 diem,
351 3014 437 3103 quo
468 2985 683 3074 celebratur
714 2986 927 3100 Assumptio
962 3017 1061 3073 mea.
1146 2992 1289 3071 Iterum
1323 2988 1471 3097 subjeci
1496 2995 1631 3075 dicente

201 3101 255 3184 Bt
276 3101 456 3215 nunquid
479 3101 685 3189 adsuerunt
701 3098 897 3216 sepulturae
918 3099 1099 3216 Apostoli
1122 3099 1216 3186 tui?
1244 3107 1285 3183 δι
1309 3111 1388 3188 ait:
1417 3101 1632 3191 Omnesad·

203 3210 375 3410 puerunt,
401 3220 441 3299 de
462 3244 551 3305 curn
573 3243 711 3334 magna
734 3223 984 3304 veneratione
1006 3244 1148 3329 corpus
1165 3242 1296 3301 meum
1319 3242 1432 3306 terrae
1452 3244 1632 3305 commen

233 3351 405 3414 averunt

325 3551 629 3647 Cesebnnuitus
653 3558 769 3647 nobis
791 3557 927 3647 festum
946 3563 1165 3648 Dominicae
1192 3560 1536 3661 Annuntiaeionis,
1562 3556 1636 3644 oin

206 3668 348 3752 iterum
374 3673 468 3756 mihi
488 3676 709 3761 ostenderet
730 3671 935 3790 gloriosam
965 3673 1104 3790 sacient
1130 3678 1303 3762 Domina
1323 3705 1437 3774 tuen,
1467 3674 1551 3761 ausu
1568 3670 1637 3757 sun

208 3785 257 3865 dt·
274 3782 353 3866 hoc
372 3781 542 3872 sciscitari
569 3792 619 3874 ab
635 3816 702 3889 ea,
724 3799 920 3897 cujusnam
942 3787 1033 3874 esset
1059 3795 1197 3885 etatis,
1216 3794 1382 3902 quando
1402 3792 1635 3875 annuntiante

207 3893 368 4010 Angeso
387 3900 551 3984 verbum
582 3906 658 3988 Dei
678 3909 719 3988 in
741 3902 805 3986 sua
832 3901 1004 4018 virginali
1034 3901 1119 3988 aula
1140 3910 1345 4017 concepit,
1373 3909 1414 3987 dt
1440 3900 1640 4018 respondite

209 4011 447 4126 Quindecim
462 4037 587 4104 annos
601 4040 695 4105 tunc
703 4018 837 4121 habui,
849 4043 969 4133 etque
984 4019 1136 4132 insuper
1150 4040 1301 4121 tanturn
1316 4024 1639 4133 temporinqutn·

272 4180 276 4189 ·
1571 4150 1640 4215 tun
