3796 4994
217 317 284 403 80
631 247 737 439 ieeg
762 297 913 407 Praei.
938 336 995 405 ex
1016 301 1223 441 Gerfone

656 484 864 741 ‚CA
895 555 963 688 P.
1030 552 1151 689 JV..

244 880 250 905 =
300 778 571 981 Reg'ulae
606 802 901 942 Praotcae
941 814 1025 942 ex
1063 811 1241 989 Joan
1282 804 1568 945 Gersone

260 1064 265 1069 ’
633 1027 949 1140 Cancellario
985 1026 1244 1137 Parisienfi.
1408 1034 1413 1039 ’
1520 1034 1525 1040 ’
1608 1096 1612 1105 .

72 1412 77 1417 ,
154 1399 175 1417 τ
363 1296 522 1425 Egula
576 1324 616 1394 i.
675 1274 890 1394 Nullius'
917 1287 1142 1427 personae
1189 1287 1521 1399 revelationes
1565 1298 1665 1404 sine

146 1534 149 1540 .
216 1289 376 1656 R
410 1432 603 1538 indiciis
641 1429 840 1537 aliunde
888 1442 1035 1538 certis
1077 1435 1190 1537 sunt
1224 1435 1520 1572 recipienda
1551 1465 1667 1546 taii.

413 1605 573 1713 quain
607 1572 908 1678 indubitatae
946 1598 1064 1679 ante
1094 1574 1203 1701 ejus
1232 1605 1474 1682 mortem.
1551 1608 1667 1694 Ratio

110 1727 133 1734 ”
218 1718 287 1812 est,
316 1720 408 1830 quia
438 1715 602 1801 doemon
635 1715 764 1828 potest
801 1709 929 1828 longo
967 1741 1146 1827 tempore
1175 1708 1425 1818 immittendo
1452 1714 1559 1806 mille
1584 1719 1668 1808 san·

218 1828 391 1916 iiiffimas
420 1829 614 1915 doctrinas
633 1831 833 1914 hominem
854 1826 1001 1927 fallere,
1032 1854 1075 1914 ut
1095 1830 1251 1915 tandein
1276 1837 1377 1916 inter
1398 1831 1503 1917 inille
1527 1839 1669 1922 verita·

39 1972 40 1977 Ν
66 1931 92 1937 ”
209 1935 278 2030 'tes
303 1941 511 2031 immisceat
534 1968 651 2028 unam
674 1940 888 2043 falsitatem,
922 1967 1094 2059 eamque
1118 1955 1157 2028 in
1182 1946 1416 2032 authoritate
1439 1953 1685 2044 constituite·

217 2076 285 2145 aut
311 2058 415 2145 cert‘e
441 2085 484 2144 ut
506 2085 552 2145 ea
572 2054 734 2143 faifitate
753 2054 992 2172 deprehensa
1017 2056 1196 2143 obtineat
1222 2055 1372 2144 lucrum
1399 2086 1448 2146 eii
1472 2061 1667 2154 scandalo.

110 2192 115 2197 ·
219 2172 381 2288 Gerfim.
410 2167 484 2260 Tr.
510 2155 556 2265 Ze
586 2169 840 2286 Di'flinc‘lione
874 2197 1053 2260 verarum
1090 2167 1149 2268 ii*
1172 2171 1355 2288 falsarum
1387 2176 1583 2287 Vifioniuii
1616 2181 1669 2268 iic

219 2286 410 2379 discurriti
438 2285 639 2373 Debemus
663 2287 853 2399 praecipue
874 2289 916 2370 io
942 2293 1228 2372 examinatione
1252 2292 1446 2395 ejusmodi
1472 2292 1667 2382 visionum
1688 2368 1692 2375 .

63 2492 65 2496 ,
149 2466 151 2471 .
216 2427 301 2489 non
319 2405 555 2517 praecipitare
576 2396 814 2501 sententiam,
842 2398 908 2487 scd
931 2427 1057 2516 usque
1075 2402 1126 2486 ad
1140 2398 1393 2515 plenissimam
1413 2412 1667 2494 examinatio·

216 2541 307 2605 nem
331 2511 545 2637 suspensum
573 2540 706 2602 tenere
732 2517 932 2625 iudiciuin,
961 2517 1126 2604 maxime
1156 2516 1222 2603 nisi
1245 2514 1398 2617 salsitas,
1419 2547 1485 2606 aut
1509 2520 1666 2611 fatuitas

216 2658 385 2747 cognata
413 2629 583 2718 filfitatis
616 2657 748 2830 aperta
775 2630 830 2715 fit.
901 2631 979 2717 Ubi
1004 2635 1100 2717 verb
1128 2628 1222 2717 nihil
1252 2626 1388 2716 falsum
1415 2663 1480 2721 aut
1500 2633 1667 2726 delirum

216 2754 347 2860 primo
370 2743 522 2860 aspeeiu
551 2776 627 2831 coii
645 2752 806 2861 picitur,
848 2774 932 2830 non
963 2740 1086 2831 soloin
1115 2743 1319 2858 explorare
1344 2754 1552 2849 convenit,
1578 2782 1667 2866 quae

56 2857 65 2865 ’
216 2857 318 2946 facia
339 2857 437 2959 sunt,
466 2859 532 2946 sed
551 2867 696 2946 exitum
719 2857 949 2974 exspeiiaic.
1003 2865 1108 2945 Nam
1133 2867 1324 2973 promittit
1340 2859 1556 2978 aliquando
1575 2871 1666 2954 doe·

1587 2983 1594 2990 κ

215 3003 315 3063 mon
342 2980 521 3073 veritates
543 2973 752 3090 plurimas,
791 2983 830 3060 δι
870 2978 958 3087 post
984 3000 1061 3059 tein
1093 2981 1170 3059 oris
1193 2985 1353 3060 traeium
1382 2981 1564 3092 quandov
1606 3010 1711 3067 er·.·

214 3086 325 3183 suafit
351 3092 591 3196 hominibus,
611 3090 770 3177 tuncid
790 3091 905 3204 quod
926 3085 1024 3176 fallit
1048 3005 1321 3180 {iibininisirati
1359 3097 1399 3175 δι
1426 3095 1505 3178 hoc
1528 3009 1667 3185 vciad

117 3277 141 3284 .-
215 3206 291 3290 dec
342 3211 493 3293 tionem
520 3202 692 3320 persona
712 3201 944 3320 {ingularisi
997 3199 1063 3289 vel
1090 3205 1142 3289 ad
1173 3209 1509 3320 impugnationem
1546 3216 1663 3297 mira·

217 3316 307 3406 culo
324 3349 430 3406 arum
463 3352 490 3407 o
521 3328 733 3406 crationum
766 3323 903 3405 nostra
920 3315 1176 3435 ¹Religionis,
1227 3322 1370 3434 quibus
1406 3322 1505 3408 fides
1536 3330 1667 3411 innixa

213 3431 398 3526 subsistite
442 3349 517 3521 vei
525 3438 576 3521 ad
603 3440 832 3548 vituperium
853 3438 974 3520 totins
998 3435 1245 3523 devotionisi
1287 3436 1421 3520 autad
1444 3434 1664 3525 scandalum

67 3581 71 3589 ·
213 3551 324 3634 verbi
351 3551 485 3636 divini.
552 3555 704 3636 Etenim
737 3551 832 3634 dum
857 3549 959 3635 cadit
991 3577 1110 3645 unus,
1140 3576 1260 3663 quein
1284 3575 1397 3634 antea
1427 3558 1558 3668 magni
1592 3551 1666 3642 eise

213 3669 382 3749 nominis
407 3664 540 3752 talium
572 3662 853 3750 revelationum
875 3661 978 3749 sama
996 3659 1180 3776 vulgavit,
1205 3664 1366 3749 irrident
1385 3664 1452 3778 ipsi
1477 3670 1663 3782 deinceps

1307 3786 1344 3863 ui
1370 3777 1548 3892 religiosa
1581 3784 1665 3885 sini·
1697 3781 1700 3785 ’

1259 3809 1384 3977 sellim
1407 3892 1536 3980 illusor
1557 3903 1597 3982 δι
1620 3890 1665 3983 il-

214 3775 406 3864 saeculaiee
431 3777 653 3866 seculariter
674 3786 848 3865 viventes
879 3774 1245 3891 unumquemlibet,

117 3961 124 3984 .,
243 3890 387 3979 licitate
408 3902 524 3980 vitani
544 3922 660 4009 agere
683 3897 918 3982 decreveriti
946 3890 1160 4005 appellatur
1182 3921 1257 3976 con

74 4094 78 4103 ,
211 3921 328 4109 iiiios,
358 4005 544 4097 clamatur
568 4011 838 4124 phantasticus,
867 4005 1085 4092 exsibilatur
1110 4003 1366 4119 papelardus‚
1386 4009 1595 4123 begaidue,
1624 4019 1662 4096 δι

67 4122 90 4195 ’ἕ
214 4125 264 4231 sic
291 4124 498 4214 occafione
526 4152 687 4241 accepta
713 4125 891 4210 irridetur
913 4127 998 4232 justi
1027 4118 1254 4236 simplicitas.
1311 4124 1394 4208 Sed
1416 4130 1455 4208 δι
1476 4122 1666 4241 implices

495 4268 501 4275 .
776 4292 781 4301 ἱ
1594 4266 1671 4356 per‘
