3796 4994
424 248 429 257 ·
563 218 837 350 Regulmrm
864 218 1192 319 summarium.
1327 314 1333 327 ,
1488 190 1585 351 28³

260 417 403 541 Regula
435 442 501 518 rx.
554 420 665 507 Idem
680 420 918 521 dicendum,
938 420 970 531 ii
988 423 1040 510 ed
1062 422 1381 539 easobtineuder
1400 426 1587 517 adhibes·
1630 464 1635 471 ·

141 559 203 622 tur
219 536 393 621 medium
410 532 715 649 superstitiosum.
773 539 830 622 ib.
848 542 891 623 R.
915 566 978 645 34.

256 648 401 768 Regula
430 680 496 747 29·
553 645 772 749 Revelatio,
787 656 828 736 in
849 679 930 767 que
946 655 1151 752 intervenit
1171 653 1409 741 inordinatio
1432 670 1590 759 nature,

143 757 207 851 uel
227 759 370 879 species
387 759 588 862 mali,non
606 765 660 848 est
682 763 706 850 d
725 767 831 850 Deo.
887 766 991 852 Cast.
1016 767 1062 850 R.
1081 795 1148 851 η.
1685 852 1693 863 ,

258 877 403 998 Regula
434 907 500 982 30.
557 875 826 966 Revelationes
854 876 982 965 lunti
1004 879 1208 980 doemone,
1240 878 1320 966 1.sr
1341 882 1519 995 instigant
1537 882 1593 971 sd

71 1084 75 1093 ,
142 989 293 1105 aliquid
311 992 426 1106 quod
445 989 565 1104 reipsa
587 993 641 1078 est
665 1017 798 1076 contra
820 988 996 1107 exempla
1008 994 1200 1079 Christi&
1216 996 1459 1085 Studiorum.
1497 1000 1591 1085 eri
1658 1022 1661 1027 ’

42 1194 46 1201 ,
142 1103 252 1209 illud,
265 1108 316 1192 ad
328 1105 444 1220 quod
455 1109 643 1222 instigant,
657 1108 858 1193 hominem
877 1106 1003 1195 elevet
1020 1107 1071 1191 ad
1088 1132 1284 1197 tumorem
1296 1114 1450 1198 mentis.
1487 1139 1532 1214 3.
1546 1112 1593 1197 Si
1672 1112 1677 1121 '
1730 1118 1768 1221 ’,

144 1222 212 1320 id,
230 1223 283 1306 ad
300 1222 415 1334 quod
435 1222 636 1334 instigant,
662 1222 863 1307 huminem
884 1216 1044 1337 elongat
1061 1220 1097 1307 d
1112 1222 1233 1309 corde
1249 1230 1428 1346 proprio.
1477 1257 1520 1328 4.
1546 1226 1592 1311 Si
1646 1298 1649 1304 ,

145 1335 199 1434 id,
226 1335 276 1420 ad
299 1334 413 1449 quod
431 1336 634 1451 instigant,
657 1336 859 1424 hominem
876 1340 917 1421 in
936 1334 1140 1424 virtutibus
1160 1332 1358 1437 extenuit,
1378 1338 1496 1425 donis
1512 1340 1592 1425 Dei

144 1454 314 1565 gratuitis
329 1453 446 1547 exuit,
468 1453 509 1532 dr
529 1449 580 1534 ad
597 1472 789 1537 creaturus
811 1449 952 1555 abjicit.
1015 1478 1051 1554 5.
1079 1450 1121 1535 Si
1136 1449 1187 1534 ab
1206 1454 1319 1561 initio
1339 1447 1589 1539 consolaunrr
1614 1448 1624 1483 ¹

143 1566 189 1650 e‘c
216 1561 431 1671 deledlnnt3
458 1564 710 1677 postmodum
730 1562 826 1649 vero
844 1565 1021 1679 affligunt
1038 1567 1077 1646 dt
1096 1567 1279 1651 cruciant.
1337 1580 1379 1654 6.
1391 1567 1433 1652 Si
1445 1568 1495 1650 ab
1513 1568 1588 1655 iru'·

142 1683 201 1764 tio
223 1675 388 1771 afferunt
412 1673 673 1767 securitatemr
700 1680 742 1764 in
760 1675 840 1762 fine
858 1702 988 1763 autern
1010 1673 1274 1780 diffidentiam,
1291 1682 1331 1763 dt
1346 1678 1588 1767 dubietatem

141 1820 188 1879 ec
210 1787 515 1907 perplexitatem.
574 1825 614 1895 7.
642 1795 684 1879 Si
713 1795 887 1878 nituntur
913 1792 1139 1906 extinguere
1165 1792 1314 1881 bonam
1343 1786 1586 1883 voluntateni
1614 1788 1632 1885 ’.

140 1912 183 2009 ,δι
204 1912 438 1995 charitatem.
495 1911 595 1994 Hen.
613 1911 658 1992 R.
681 1937 715 2009 ³·
1159 1976 1164 1989 .
1576 1980 1582 2013 ·.

256 2019 401 2140 Regula
431 2050 497 2123 μ.
526 2017 809 2121 Revelationes,
832 2020 1035 2135 inquibus
1056 2020 1586 2138 continenturpr'orniffioues

138 2135 406 2222 exorbitantes
422 2136 445 2223 d
464 2133 615 2248 legibus
631 2136 797 2243 justitie,
817 2140 1024 2245 equitatis,
1046 2160 1112 2221 aut
1129 2135 1318 2246 sapientie
1339 2134 1586 2250 prestabilitis
1652 2220 1659 2235 ,

141 2249 168 2335 d
193 2253 301 2348 Deo,
317 2276 398 2334 non
415 2244 538 2336 suntd
560 2255 666 2333 Deo.
700 2249 825 2335 ·Vide
852 2251 948 2360 Reg.
974 2280 1014 2353 4.
1042 2277 1078 2350 ς.
1136 2254 1230 2335 Haec
1253 2246 1400 2363 Regula
1426 2276 1509 2337 non
1531 2250 1585 2338 lie
1756 2350 1763 2355 ,

143 2358 391 2477 intelligenda
413 2366 480 2462 est,
501 2389 545 2449 ut
566 2366 689 2448 statim
705 2365 921 2472 rejiciantur
944 2370 1085 2448 omnes
1108 2357 1379 2465 revelationes,
1388 2369 1429 2449 in
1440 2362 1595 2477 quibus·

144 2482 390 2563 continentur
401 2475 665 2590 promiffiones
678 2471 875 2590 generales
887 2470 1034 2587 semper
1048 2476 1281 2562 exaudiendi
1292 2472 1586 2590 supplicantium

141 2619 290 2704 preces,
311 2599 403 2704 quia
420 2595 478 2675 hae
495 2588 760 2704 prorniffiones
782 2587 866 2687 sunt
886 2590 1001 2675 tacite
1030 2590 1325 2688 conditionate,
1355 2597 1396 2674 δι
1411 2586 1496 2677 sunt
1514 2618 1585 2679 ve·

145 2700 192 2793 te
212 2710 253 2789 in
272 2703 375 2790 sensu
393 2703 670 2802 accommodo,
688 2699 908 2788 fividelicet
922 2730 1003 2788 non
1021 2701 1114 2788 fiant
1137 2730 1272 2789 contra
1286 2705 1476 2790 Ordinem
1490 2732 1594 2820 ρης,
1732 2796 1734 2801 ,

143 2816 347 2933 stabilitum
365 2846 413 2913 ex
431 2816 582 2932 legibus
606 2818 744 2904 divine
765 2820 967 2931 aeqtritatis,
992 2845 1066 2901 nec
1087 2822 1183 2901 circa
1210 2820 1361 2921 obledis
1386 2844 1588 2933 nunquam
1783 2810 1791 2835 ’

143 2931 311 3019 concedi
338 2929 458 3020 solita.
530 2926 832 3045 Praesupponitur
871 2935 973 3016 enim
999 2936 1041 3017 in
1067 2937 1178 3015 omni
1199 2937 1390 3043 petitione
1412 2956 1587 3046 congrua

140 3051 350 3162 proportio
369 3053 468 3132 inter
487 3049 666 3132 meritum
685 3049 866 3160 petentis,
889 3048 1067 3157 meritum
1087 3048 1316 3157 recipientis,
1333 3049 1374 3126 δι
1391 3049 1491 3129 inter
1509 3044 1588 3133 bo·
1692 3047 1701 3060 “

142 3189 237 3249 num
252 3161 453 3248 universtrl
472 3168 563 3247 Deo
586 3176 776 3246 intentum
805 3162 843 3243 in
868 3154 1066 3271 systemate
1094 3182 1235 3243 naturae
1256 3152 1318 3242 vel
1341 3162 1496 3271 gretie,
1527 3158 1586 3243 ob
1716 3204 1722 3213 ·
1760 3202 1763 3207 ·

142 3305 264 3393 quarn
283 3270 428 3360 causam
449 3302 531 3361 non
551 3277 677 3387 potest
695 3272 725 3359 el
749 3267 932 3387 quolibet
952 3278 1032 3388 peri
1052 3266 1284 3387 quodlibet,
1304 3298 1356 3356 ne
1376 3270 1538 3386 quidem
1558 3269 1586 3359 d

144 3398 188 3477 B.
205 3394 363 3503 Virgine
383 3416 451 3474 nut
472 3391 637 3475 Christo.
695 3382 782 3472 Illas
812 3390 909 3473 vero
934 3383 1202 3501 promiffiones
1234 3412 1339 3471 voco
1364 3384 1587 3471 exorbiten-
1724 3490 1727 3495 .

144 3529 218 3602 tes,
240 3530 328 3617 quae
357 3502 549 3589 versantur
567 3508 607 3587 in
629 3501 888 3589 determinato
909 3527 1052 3613 genere
1073 3497 1371 3600 conceRionuru,
1388 3499 1589 3697 nunguam

1489 3606 1589 3715 n,
1638 3606 1643 3613 ,

143 3616 172 3706 d
191 3620 283 3702 Deo
297 3612 526 3730 generaliter
547 3614 715 3702 concedi
728 3610 857 3714 solito,
871 3637 937 3700 aut
954 3612 981 3698 fi
1000 3611 1448 3727 prebeantoccafionem

204 3730 375 3847 quendi,
393 3754 459 3817 aut
480 3730 507 3816 R
527 3727 598 3815 sint
620 3734 673 3815 ite
693 3722 912 3843 generales,
936 3749 979 3814 ut
997 3731 1113 3813 etiem
1136 3726 1301 3840 politive
1327 3727 1528 3815 videantur
1639 3798 1643 3803 .

310 3843 517 3960 excludere
539 3841 713 3957 prefatus
732 3841 978 3927 conditiones
998 3845 1038 3925 dr
1063 3835 1260 3929 clausulas.
1316 3838 1422 3928 vide

579 3950 1138 4071 ¹l’ert.r.C.15.Reg.nlt.

527 4269 532 4277 ‚
636 4081 1163 4311 pererro
1324 4226 1334 4251 ,
