3796 4994
585 261 1078 469 'Revelaachg'reda
1100 326 1293 420 Parsis.
1557 360 1655 461 325

334 554 428 632 53¹·
456 531 645 638 Quamvis
668 530 785 610 cuivis
806 522 966 628 licuerit,
989 524 1262 615 circumcidere
1288 524 1477 624 infantes,
1503 535 1573 642 piae
1599 555 1657 619 ta·

213 669 306 726 men
327 666 468 727 matres
489 637 663 728 solebant
693 640 778 722 stoc
803 646 1046 726 committere
1076 640 1288 726 Sacerdoti.
1374 643 1512 758 ltaque
1538 651 1655 735 etiam

169 765 171 768 ’
212 763 256 838 Β.
275 760 324 840 V.
351 753 444 839 fecit
469 754 652 838 advocari
670 780 739 864 pet
755 756 795 839 S.
811 753 1026 868 Josephum
1043 755 1297 840 sacerdotem
1316 758 1546 870 Synagoga,
1566 780 1657 874 quo

213 870 351 953 eratin
369 868 466 952 urbe
484 863 725 953 Bethlehem.

328 1010 421 1086 532·
455 983 495 1066 Is
520 985 636 1092 proin
663 979 771 1063 venit
796 979 848 1061 ad
875 973 1041 1092 ptaesepe
1069 1005 1157 1066 cum
1185 978 1343 1066 duobus
1369 985 1558 1069 ministris.

327 1124 422 1199 533.
448 1093 637 1178 Sacerdos
658 1092 757 1176 dixit
771 1097 814 1177 B.
830 1097 994 1204 Virgini,
1019 1116 1062 1177 ut
1077 1094 1247 1179 traderet
1262 1092 1447 1181 infantem
1470 1100 1661 1202 ministris,

212 1206 281 1295 led
302 1212 428 1294 tenuit
449 1234 537 1293 eum
553 1202 710 1318 ipsamet
732 1210 772 1289 in
799 1205 1096 1293 circumcisione.
1152 1209 1194 1294 S.
1214 1205 1403 1321 Josephus
1422 1237 1496 1322 pto
1522 1221 1658 1323 majori

217 1328 428 1410 reverentia
450 1322 627 1407 accendit
650 1318 750 1401 duos
773 1344 918 1403 cereos.
1080 1354 1085 1361 ·
1161 1326 1164 1333 ’
1316 1390 1323 1400 .
1537 1344 1555 1379 t

335 1465 429 1540 534.
474 1437 614 1549 Itaque
642 1433 814 1517 Christus
835 1430 994 1545 suscepit
1021 1435 1307 1521 Sacramentum
1331 1435 1656 1550 cummcisronir,

216 1551 330 1666 quod
352 1547 428 1634 fuit
444 1551 655 1634 institutum
681 1546 733 1630 ad
759 1541 997 1631 abluendum
1020 1572 1222 1658 peccatum
1246 1555 1304 1635 ori
1335 1554 1343 1569 ‘
1372 1542 1443 1636 tle.
1703 1570 1707 1577 ·

337 1690 430 1765 535.
456 1663 626 1747 Christus
643 1665 680 1743 dc
700 1665 744 1743 B.
762 1664 811 1744 V.
829 1682 924 1747 tunc
943 1665 1063 1756 flevit,
1078 1687 1163 1774 qua
1184 1659 1309 1750 linteo
1326 1688 1390 1751 um
1403 1661 1582 1780 sanguine
1595 1697 1666 1759 re«

216 1773 379 1890 specium
402 1775 561 1861 tradidit
578 1781 613 1858 8.
634 1770 818 1882 Josepbo.
1376 1838 1381 1847 ,
1573 1801 1581 1827 ··
1644 1804 1665 1847 .··-

336 1907 430 1994 53⁶·
457 1885 650 1975 Sacerdos
671 1889 855 1998 praedicit,
875 1879 1060 1973 infantem
1080 1886 1170 1975 sote
1191 1890 1435 2004 prophetam.
1472 1901 1513 1979 la
1533 1901 1666 2014 Virgo·
1716 1880 1724 1897 ’

218 2003 390 2092 eittadit
411 2006 514 2090 duos
541 2027 674 2086 cereos
704 2007 742 2083 dt
763 1997 849 2087 alia.
1376 2021 1380 2027 ·

339 2143 431 2219 537.
456 2121 497 2202 B.
512 2119 634 2227 Virgo
654 2113 814 2199 adhibet
837 2109 972 2200 infanti
992 2114 1273 2203 mtdicamenta
1290 2121 1502 2211 ordinarias
1534 2129 1572 2207 dc
1589 2125 1656 2212 de·

219 2234 316 2316 tinet
333 2259 425 2316 eum
444 2234 485 2314 in
506 2225 606 2313 ulnis
623 2228 689 2310 die
704 2235 901 2326 ·acnoeie,
918 2256 1044 2344 usque
1065 2231 1161 2315 dum
1181 2229 1385 2319 cessaverat
1404 2234 1536 2339 dolor.
1591 2240 1662 2345 Ad

221 2352 301 2448 tius
320 2371 455 2457 preces
474 2345 601 2458 angeli
616 2343 843 2428 babuerunt.
852 2342 1049 2440 musicam,
1075 2349 1115 2425 dt
1135 2369 1381 2432 cantaverunt
1403 2350 1671 2438 vocibusma:

219 2457 413 2543 tetialibus
430 2486 476 2542 ta
491 2458 671 2556 Cantica,
694 2481 780 2567 quat
801 2448 880 2568 bia
900 2483 988 2540 cum
1009 2458 1050 2542 S.
1069 2455 1243 2571 Josepho
1256 2464 1297 2543 in
1314 2455 1470 2548 laudem
1490 2466 1555 2549 88.
1569 2464 1664 2553 No-

220 2577 336 2655 minis
358 2574 476 2673 Jfisu
499 2564 809 2682 composuerant.
910 2636 935 2668 ,.
1055 2640 1110 2659 ..,
1415 2602 1420 2615 ·
1513 2646 1523 2669 ,

328 2701 435 2787 ¹541.
477 2689 518 2768 B.
549 2688 671 2795 Virgo
698 2676 841 2768 sciebat
876 2707 1062 2769 venturos
1088 2687 1213 2799 Reges
1241 2714 1310 2798 per
1337 2684 1529 2776 scientiam
1553 2690 1662 2782 insu·

220 2795 296 2997 lfao)
326 2826 378 2885 ex
403 2802 616 2911 sanatura,
640 2801 682 2880 ur
715 2821 787 2909 pet
816 2793 1001 2911 angelos,
1026 2802 1067 2884 dc
1094 2827 1166 2914 pet
1190 2798 1327 2887 multas
1345 2798 1524 2899 sublimes
1538 2834 1663 2898 ·ttve·
1792 2842 1801 2861 ⁸

237 2939 400 3000 atrones.
534 2958 540 2983 ι
763 2966 766 2977 =
828 2972 832 2979 -
895 2948 898 2953 ·
1112 2974 1115 2979 -
1367 2944 1373 2955 ·
1456 2936 1573 2987 -“·

342 3054 436 3133 542.
457 3028 598 3111 Deus·
615 3050 686 3139 pet
714 3020 1116 3111 sabomacum&
1142 3022 1365 3114 Gabrielem
1391 3031 1442 3116 ad
1471 3038 1516 3117 Β.
1540 3040 1588 3122 V.
1620 3043 1668 3125 dt

220 3148 259 3226 8.
284 3139 494 3254 Josephum
519 3141 633 3224 dixit:
675 3139 754 3220 Dei
775 3133 1048 3236 voluntastis,
1073 3163 1116 3222 ut
1137 3143 1218 3224 Rex
1238 3139 1427 3229 coelorum
1446 3151 1486 3230 in
1503 3149 1582 3233 boc
1600 3147 1665 3238 lo-

223 3257 482 3363 coadoretur
509 3252 684 3338 alteribus
711 3250 893 3369 Regibus.
928 3258 1035 3356 :Jam
1058 3252 1205 3338 :decem
1233 3255 1370 3340 diebus
1397 3258 1481 3343 suot
1503 3265 1543 3344 in
1577 3271 1661 3358 viat

223 3397 312 3457 nam
336 3371 469 3453 ·slatim
508 3369 560 3452 dt
580 3369 822 3461 ,Nativitate
844 3365 1076 3452 laubuertmt·
1095 3370 1297 3468 notitiam,
1326 3376 1364 3455 dt
1392 3369 1471 3458 stne
1493 3374 1665 3469 morast

225 3480 592 3583 summiseruntvlat·
1053 3492 1168 3559 ··‘·'l
1317 3518 1320 3525 ·
1366 3516 1370 3523 ·
1612 3506 1654 3517 ''

878 3548 881 3553 .
924 3522 948 3555 ·r
1001 3516 1007 3561 i
1078 3518 1132 3559 -1l
1226 3508 1240 3557 t*-
1331 3514 1350 3549 't
1620 3538 1635 3554 ·-

318 3626 438 3699 ·543·
455 3618 457 3623 ·
475 3602 521 3680 Β.
546 3600 596 3678 V.
612 3594 717 3678 ad&
740 3587 956 3706 Josepuum·
973 3590 1070 3678 ditis
1087 3598 1219 3680 r'··Hr'c
1247 3591 1359 3682 lotus
1388 3595 1533 3686 clectus
1561 3606 1664 3711 esta,

226 3710 410 3795 consensrt
437 3713 476 3792 8.
498 3705 655 3820 Josepb,
684 3730 875 3819 utusque
904 3705 953 3791 ad
984 3703 1225 3793 oblationem
1249 3713 1289 3793 in
1321 3710 1470 3826 templo
1501 3716 1557 3800 ibi
1585 3732 1695 3825 nnn..⁸

225 3836 382 3921 nerent3
420 3819 642 3935 pracsertim,
663 3823 756 3933 quia
778 3815 940 3934 lungmn
966 3823 1019 3905 est
1036 3823 1110 3904 iter
1128 3826 1168 3906 in
1192 3827 1399 3910 Nazaretb
1483 3835 1664 3942 Quodsi

224 3932 675 4051 sc'sgotecogotenutrse
697 3931 874 4019 conferte
889 3939 936 4019 in·
948 3932 1099 4032 urbem,
1127 3936 1170 4020 itl
1194 3934 1308 4044 facile
1327 3935 1410 4023 lien'
1432 3944 1557 4055 posse,
1570 3954 1669 4063 quia

225 4048 454 4139 Betltlthem
480 4048 760 4136 tantiamdislat
785 4047 941 4135 duobis
959 4042 1444 4166 milliatihtts·Jetosolima,
1501 4088 1517 4129 a
1554 4076 1579 4127 ..·.
1645 4072 1671 4125 ·.

973 4163 1028 4248 ⁵⁵
1057 4187 1079 4269 ³
1573 4204 1669 4296 544·
