3796 4994
516 285 519 288 <
586 351 785 465 Revelat.
806 342 860 451 de
877 350 1066 499 Agreda.
1093 358 1206 451 Pars
1224 357 1281 449 ΙΙ.
1547 381 1679 503 379¹
1828 462 1838 481 ,

333 560 454 657 ir9r.
491 556 671 663 ‘Quando
701 542 875 642 Christus
896 560 1159 671 pronuntiavit
1181 555 1300 640 verba
1322 547 1652 654 Consecrationis,
1820 603 1822 613 ·

214 660 471 779 respondebat
486 695 647 755 aternus
674 675 807 754 Pater:
845 675 921 755 Hic
954 674 1008 756 est
1031 668 1131 755 filius
1148 698 1257 754 meus
1291 664 1471 771 dilectus,
1501 675 1649 781 inquo
1809 748 1811 753 ,

214 784 311 866 milri
338 780 568 895 complacui,
596 781 918 897 &complacebo
947 812 1074 899 usque
1099 787 1150 870 ad
1176 782 1295 868 finem
1313 783 1462 869 mundi.
1481 831 1501 850 ·
1538 786 1650 868 ldem

215 894 470 981 confirmabat
487 894 652 982 Persona
670 901 832 1009 Spiritus
848 901 993 992 Sancti,
1070 901 1177 983 Dein
1202 902 1428 983 Humanitas
1448 897 1589 992 Christi
1607 899 1651 1003 in

218 1004 380 1117 persona
394 1010 514 1094 Verbi
534 1009 742 1095 exhibebat
762 1017 1016 1097 reverentiam
1041 1011 1229 1097 divinitati
1250 1015 1291 1095 in
1311 1015 1559 1095 sacramento
1578 1005 1653 1094 suae

217 1125 338 1208 carnis
359 1128 400 1205 δι
425 1118 625 1238 sanguinis.
706 1125 844 1207 Statim
864 1131 979 1210 etiam
999 1133 1041 1211 B.
1060 1131 1185 1238 Virgo
1206 1123 1383 1210 adoravit
1406 1126 1429 1210 ὲ
1450 1121 1520 1208 suo
1540 1122 1649 1207 cubi·

217 1230 309 1320 culo
348 1237 542 1324 Christum
578 1241 620 1322 in
653 1237 721 1321 88.
754 1239 1014 1326 Sacramento.
1124 1242 1231 1326 Dein
1268 1233 1426 1351 angeli,
1466 1240 1580 1328 uum
1607 1240 1649 1323 iu
1811 1336 1812 1345 p

214 1344 337 1548 {5⁰⁸¹ss
366 1355 585 1549 chDenique
606 1354 722 1438 ctiam
744 1376 1043 1467 comparuerunt
1065 1352 1120 1441 ad
1137 1351 1380 1449 adorandum
1407 1353 1526 1491 etiam
1548 1346 1650 1438 Elias

336 1491 364 1548 o
414 1523 427 1549 .

338 1629 458 1698 1192.
495 1597 676 1687 Similiter
698 1601 907 1690 adorarunt
938 1608 1053 1692 otiam
1071 1597 1276 1717 Apostoli.
1359 1605 1463 1687 Dein
1485 1597 1652 1687 elevavit
1713 1620 1722 1634 ’

216 1714 385 1799 Christus
399 1720 440 1798 in
462 1711 580 1800 altum
599 1717 857 1803 consecratam
875 1744 1050 1818 carnem,
1069 1722 1116 1801 dc
1138 1715 1373 1832 sanguinem,
1396 1740 1440 1799 ut
1456 1714 1507 1798 ab
1525 1718 1653 1799 omni·

216 1826 318 1924 bus,
353 1833 423 1940 qui
455 1823 511 1912 illi
534 1835 668 1941 ‘prima
690 1829 808 1918 Miisae
840 1835 1072 1933 intererant,
1098 1827 1224 1943 posset
1252 1829 1304 1914 de
1337 1856 1448 1913 novo
1482 1828 1647 1912 adorari.

180 2046 183 2050 Α
217 1940 406 2048 Quod&
431 1937 573 2026 facturn
597 1946 663 2029 cst.
749 1949 792 2029 ln
815 1945 882 2030 ista
903 1941 1120 2030 elevatione
1140 1944 1328 2058 praecipui
1349 1937 1549 2037 illuminati
1566 1939 1651 2027 fue·
1752 1954 1756 1965 '

215 2077 307 2138 runt
329 2058 429 2139 ‘circa
448 2058 622 2166 mysteria
639 2058 889 2144 Eucharistica
909 2065 954 2144 B.
969 2062 1110 2174 Virgo,
1134 2060 1174 2148 8.
1194 2062 1388 2161 Joannes,
1415 2056 1580 2152 Enoch,
1608 2058 1650 2140 dc

215 2161 316 2250 Elias
343 2215 361 2236 ·
389 2173 605 2281 quomodo
621 2171 801 2259 videlicet
825 2169 1024 2258 substantia
1045 2177 1155 2286 panis
1174 2199 1245 2285 per
1258 2171 1509 2257 Sacerdotem
1528 2191 1653 2258 trans·

217 2277 478 2367 substantietur
496 2288 537 2368 in
566 2282 805 2373 substantiam
827 2288 1021 2398 Corporis
1045 2293 1085 2372 δι
1110 2289 1313 2404 Sanguinis
1337 2285 1498 2384 Christi,
1526 2307 1651 2369 rema-

216 2395 397 2481 nentibus
418 2399 681 2483 accidentibus
696 2400 774 2486 sme
792 2397 978 2506 subjecto.

334 2550 459 2625 1194·
484 2520 813 2622 Intellexitetiam
829 2533 877 2614 B.
897 2531 1037 2639 Virgo,
1055 2526 1270 2637 quomodo
1283 2525 1545 2616 accidentibus
1565 2548 1651 2629 cor·

216 2647 337 2750 ruptis
355 2662 504 2724 creetur
519 2666 624 2723 nova
646 2644 814 2739 materia,
841 2646 881 2723 dc
899 2639 951 2726 stc
970 2639 1036 2726 fiat
1060 2643 1232 2728 nutritio.

335 2799 456 2872 ¹¹95·
484 2768 610 2857 Multa
631 2770 761 2856 dehis
781 2771 1002 2858 veritatibus
1025 2773 1321 2887 comprehendit
1338 2778 1453 2865 etiam
1470 2774 1508 2862 8.
1528 2776 1649 2879 Joan'·

216 2903 285 2972 nes
305 2910 393 2971 cum
417 2889 583 2999 antiquis
605 2886 781 2970 Patribus
800 2885 856 2970 ibi
871 2883 1126 2997 presentibus.

334 3031 456 3116 1196.
484 3019 692 3133 Postquam
710 3018 880 3104 Christus
896 3020 960 3102 88.
976 3020 1261 3105 Sacramentum
1277 3016 1445 3105 elevavit
1457 3023 1497 3104 in
1514 3013 1653 3108 altum'i

216 3125 315 3219 illud
332 3129 462 3243 fregit,
479 3137 517 3215 ἃ
534 3138 678 3242 primus
701 3127 866 3242 sumpfit.
921 3132 1109 3245 Cumque
1127 3130 1364 3246 agnosceret,
1384 3157 1534 3247 quanto
1550 3129 1650 3216 infe·

218 3251 299 3332 rior
320 3241 410 3330 esset
433 3244 495 3329 sua
523 3247 737 3329 humanitas
756 3246 978 3347 divinitate,
1007 3244 1119 3330 sensrt
1141 3253 1184 3332 in
1216 3271 1325 3360 parte
1347 3240 1515 3330 senfitiva
1541 3240 1648 3357 quasi
1736 3244 1749 3341 J

217 3380 427 3444 tremorem
450 3364 489 3442 δι
515 3360 730 3445 horrorem.
813 3359 1023 3471 Postquam
1054 3351 1184 3444 autem
1207 3358 1378 3446 Christus
1406 3353 1445 3443 se
1475 3383 1650 3443 commu·

218 3475 374 3570 nicavit,
407 3472 504 3558 vidit
536 3480 579 3557 B.
604 3476 729 3586 yirgo
757 3471 800 3555 in
826 3465 969 3585 spiritu,
994 3474 1206 3587 quomodo
1235 3467 1373 3588 ipsein
1398 3468 1649 3589 suoproprio

215 3587 338 3673 corde
358 3583 533 3672 resideat.
877 3694 881 3709 ¹

335 3747 459 3820 ¹197·
495 3722 601 3805 Dein
623 3714 738 3833 fregit
763 3719 936 3804 Christus
956 3713 1069 3805 aliam
1087 3717 1510 3835 particulam'camque
1534 3715 1651 3806 tradi·

196 3831 277 3939 ¹dit
300 3831 473 3920 Gabrieli
492 3829 739 3946 Archangelo
773 3831 1054 3945 deportandam
1086 3839 1132 3921 B.
1156 3839 1315 3948 Virgini.
1422 3838 1476 3920 Ea
1505 3836 1652 3943 recepit

217 3946 269 4033 ab
293 3945 450 4059 Angelo
472 3948 538 4032 88.
565 3951 865 4045 Sacramentum,
888 3945 1002 4060 quod
1023 3951 1066 4032 in
1087 3952 1167 4052 ejus
1185 3948 1306 4035 corde
1329 3974 1377 4032 ex
1398 3974 1451 4031 eo
1472 3971 1650 4031 momen·

217 4085 263 4170 to
285 4060 420 4169 manfit
442 4067 730 4177 incorruptum,
756 4057 1306 4177 tanquamin‘sabcmaculo,
1328 4061 1568 4179 usquedum
1597 4055 1653 4143 de
1738 4146 1741 4151 ,
1804 4082 1806 4086 ⁴

845 4283 847 4287 Δ
942 4173 1136 4289 ubba,
1540 4198 1654 4284 novo
1767 4178 1770 4184 ’
