3796 4994
213 297 317 432 <146
663 298 836 438 Regula
859 331 916 400 ex
934 309 993 404 P.
1023 296 1241 440 castaldo.¹

317 515 485 647 Regula
503 508 510 521 ’
531 548 546 615 ι
564 549 606 617 2.
642 508 1021 620 'Revelatione'a
1045 522 1202 620 etiam
1238 518 1496 635 virorum,
1533 544 1667 655 quo·

212 685 331 761 rum
366 662 474 759 vita
510 653 563 762 ὅ(
600 654 827 761 toartna
847 656 932 761 nb
958 655 1166 762 Eccle'sra
1195 656 1422 795 probata
1451 660 1538 778 est,
1560 691 1670 767 non

214 795 412 903 habent
461 795 835 904 authoritatem
877 795 1301 942 irrefragabilem,
1327 801 1424 905 led
1462 801 1677 915 tantun

106 941 111 953 ’
215 937 556 1076 probabilem,
592 949 674 1045 cui
711 951 925 1083 quisque
958 941 1153 1224 abspue
1184 940 1297 1046 fidei
1334 942 1560 1082 periculo
1590 977 1672 1053 va·

215 1083 317 1188 leat
352 1094 601 1190 contraire
617 1118 632 1210 ;
668 1095 841 1190 immo
878 1082 1056 1192 &abs
1094 1119 1159 1188 ue
1189 1095 1487 1195 temeritatis
1523 1110 1672 1210 nota,

120 1264 132 1287 ⁸
220 1224 274 1333 ἃ
307 1223 500 1365 absque
528 1238 751 1364 peccato
781 1225 990 1375 mortali
1007 1223 1251 1367 Qntiae,
1287 1231 1368 1334 seu
1414 1231 1672 1338 increduli·

217 1377 351 1476 tatis.
423 1393 482 1479 lb.
502 1420 550 1477 ex
563 1393 818 1503 Caietano'r.
831 1421 870 1478 ι.
885 1390 951 1478 Tri
970 1393 1098 1496 3r.G
1112 1422 1149 1477 t.
1162 1392 1266 1479 &G
1286 1424 1316 1497 5.
1327 1386 1549 1491 'concludio
1563 1399 1601 1477 io
1616 1422 1672 1480 re·

218 1507 480 1594 velationibus
507 1532 590 1597 oon
619 1532 698 1592 tatu
725 1508 1007 1593 attendendum
1037 1504 1113 1592 eric
1141 1509 1193 1590 ad
1219 1513 1403 1619 pietatem
1434 1515 1601 1594 matetiae
1629 1505 1670 1592 il·

218 1622 368 1723 larum,
395 1620 519 1739 quim
543 1626 595 1706 ad
625 1628 783 1708 Patrutn
806 1624 1049 1711 doetrinama
1085 1646 1364 1736 contraquam
1388 1623 1414 1706 st
1439 1629 1672 1709 convincan-

219 1765 283 1841 tur
303 1738 399 1836 fieri,
427 1732 612 1852 angelum
633 1738 822 1839 Sathanae,
852 1732 914 1822 vel
939 1736 1165 1849 phantasias,
1190 1762 1258 1821 aut
1287 1737 1475 1853 figmenta
1495 1734 1673 1852 sapienti·

219 1853 295 1938 bus
323 1860 499 1968 urgerere
520 1852 714 1938 videntur.
770 1854 821 1938 Et
846 1848 1086 1966 loquebatur
1110 1848 1285 1963 expressi:
1314 1859 1430 1938 etiam
1455 1853 1507 1937 de
1528 1851 1672 1939 revela·

116 2018 146 2025 ·-
218 1968 394 2059 tionibus
415 1972 595 2084 brigittae.
649 1969 717 2081 De
738 1974 843 2075 cujus
858 1973 897 2050 δι
921 1971 1048 2053 Beata
1066 1964 1291 2053 Mechtildis
1307 1962 1616 2055 revelationibus
1627 1969 1674 2055 lic

111 2152 117 2171 .
217 2082 359 2196 scripsit
389 2084 585 2170 Batonius
615 2087 733 2168 Tout.
763 2092 801 2169 8.
829 2086 871 2166 in
903 2084 980 2167 vita
1015 2084 1200 2196 Gregorii
1223 2087 1263 2168 a·
1285 2085 1439 2169 Phora.
1495 2084 1673 2170 Iseniror

243 2195 390 2297 uidem,
427 2194 486 2293 δ’
514 2193 617 2300 calo,
645 2205 691 2284 tat
711 2219 788 2310 par
816 2193 890 2309 esi,
916 2194 1071 2310 fiendas
1094 2194 1219 2312 ipfi153
1254 2193 1325 2312 sed
1350 2195 1394 2283 de
1426 2196 1674 2295 revelationi·

111 2350 119 2359 ·
269 2313 401 2426 sipfis
420 2313 560 2424 saitis,
597 2307 666 2400 vel
682 2314 816 2433 potius
842 2313 925 2424 ipfis
954 2307 1176 2426 adscriptis,
1212 2339 1258 2398 ea
1295 2309 1492 2401 duntaxat
1520 2308 1673 2429 recipio,

55 2389 67 2402 κ’
127 2490 135 2514 .
169 2428 174 2433 ’
220 2456 301 2542 qua
325 2425 486 2540 Ecclefta
509 2426 645 2540 recepit
670 2474 690 2494 ·
712 2433 836 2513 itumo
856 2427 981 2531 addit,
1007 2430 1105 2539 ipsas
1135 2426 1312 2541 proferre
1332 2434 1550 2542 'pugnantia
1575 2454 1675 2513 tnter

221 2542 275 2643 se,
306 2549 344 2628 δι
377 2572 466 2629 cum
496 2544 670 2629 veritate
690 2539 894 2629 catholica.
968 2545 1059 2628 Nec
1088 2539 1254 2629 multum
1286 2543 1397 2628 distat
1417 2547 1560 2628 Suatez
1586 2572 1674 2628 cum

220 2658 338 2746 Turn.
365 2690 401 2763 3.
420 2663 461 2743 in
486 2689 522 2764 3.
542 2658 596 2744 D.
612 2685 634 2759 3
648 2685 682 2759 5.
700 2660 747 2742 S.
770 2689 808 2743 2.
828 2664 868 2742 δι
888 2689 930 2763 4.
951 2655 1002 2743 fit
1024 2656 1179 2771 prodit:
1212 2654 1477 2745 Revelatioaes
1497 2661 1674 2770 fumina-

219 2801 306 2863 run
335 2802 410 2861 nau
434 2783 572 2891 cogunt
594 2800 676 2872 nos,
701 2782 746 2859 ut
771 2799 835 2857 eas
857 2797 972 2860 veras
999 2774 1072 2880 rffe'
1095 2769 1302 2860 credamus.
1360 2780 1518 2858 tranat
1544 2800 1675 2858 autern

221 2890 274 2975 de
300 2890 477 3003 quodam
504 2885 731 2986 affirmante,
765 2883 1029 3002 flagellaque
1045 2889 1220 2972 Christus
1236 2883 1358 3000 pallus
1375 2891 1442 2986 eu,
1469 2915 1674 2973 numerum

105 3085 109 3091 .
219 3008 400 3120 quinque
423 2998 584 3088 millium
608 2997 808 3087 exceffille.
873 3004 977 3086 Dein
999 2997 1091 3086 licet
1111 3005 1165 3086 D.
1192 3033 1229 3087 2.
1249 3004 1286 3084 S.
1311 3033 1346 3106 5.
1368 3014 1400 3105 §.
1432 3034 1469 3107 3.
1498 2998 1677 3116 luuplici·

220 3145 282 3205 ter
314 3118 509 3232 approbet
546 3139 590 3203 ut
621 3143 742 3203 certas
776 3112 1036 3202 revelationes
1065 3121 1109 3200 Β.
1142 3120 1330 3231 Brigittas
1367 3143 1498 3202 tamen
1527 3117 1585 3200 D.
1612 3130 1678 3224 35.

219 3237 261 3320 S.
284 3267 325 3339 4.
346 3239 386 3318 in
407 3234 545 3331 dubio,
568 3259 617 3316 an
635 3233 806 3317 Christus
827 3234 955 3317 nudus
972 3232 1203 3344 pependerit
1226 3238 1268 3316 in
1289 3232 1422 3318 Cruce
1434 3291 1449 3332 ,
1478 3225 1600 3317 relati
1632 3250 1681 3317 ο·Ι

218 3352 382 3464 pinione
403 3352 582 3461 negativa
602 3374 650 3431 ex
675 3340 847 3459 Brigina,
875 3342 1138 3432 affinnativam
1157 3342 1339 3460 sequitur.
1398 3348 1577 3432 Tandem
1599 3351 1677 3435 Ca·

218 3468 369 3571 ietanus
397 3462 507 3575 supra
533 3464 585 3547 C.
615 3489 650 3547 r.
684 3466 761 3547 ait:
801 3458 1120 3547 Revelationibus
1150 3466 1344 3547 contentis
1370 3466 1411 3547 iu
1439 3457 1541 3548 sacta
1567 3467 1677 3576 pagi·

220 3585 330 3664 na&
351 3574 619 3662 Decretalibus
644 3577 737 3663 fidei
758 3579 984 3662 inhaeremus
1011 3602 1201 3689 tanquam,
1223 3574 1452 3668 necessario
1482 3574 1701 3693 itassquod-

110 3692 113 3705 '
217 3687 258 3778 le
279 3696 496 3783 hereticum
519 3693 676 3806 probat,
698 3701 766 3807 qui
788 3697 1033 3808 pertinaciter
1050 3686 1163 3775 alicui
1177 3720 1317 3777 eorum
1341 3690 1571 3776 adversatur.
1600 3696 1673 3777 Re·

218 3803 403 3894 velationi
431 3832 560 3892 autem
590 3804 696 3893 faaae
714 3811 875 3919 Sanctis,
900 3833 1070 3917 quorum
1093 3806 1310 3891 doetrinam
1327 3804 1491 3892 Ecclesia
1512 3803 1670 3920 suscipit,

217 3948 402 4035 tanquam
436 3919 705 4034 probabilibus
732 3925 985 4017 inhaeremus,
1016 3945 1058 4002 ut
1082 3928 1132 4005 D.
1157 3926 1342 4022 Thomas,
1375 3930 1413 4006 δι
1436 3925 1673 4036 Augustinus

216 4035 452 4152 scripserunt,
477 4044 516 4121 ὅ(
539 4041 715 4150 magistra
736 4067 864 4124 return
885 4041 1120 4149 experientia
1146 4039 1327 4151 quotidie
1352 4041 1521 4126 testatur.
1636 4070 1641 4076 ·

1400 4292 1407 4299 ·
1527 4247 1669 4377 Regu·
