3796 4994
213 343 273 447 38
596 329 703 455 dag,
737 329 843 422 Gerr.
878 354 936 474 ex
961 330 1016 423 P.
1047 315 1263 424 Gruvr‘na

210 550 320 611 raras
342 548 527 636 tanquam
550 525 602 608 ad
623 523 921 610 fundamentum
953 524 1060 611 suum
1090 531 1353 639 praecipuum,
1372 489 1446 609 ‘sed
1473 524 1526 610 ad
1549 525 1655 611 Scri·

212 664 367 835 pltpspaaes,
405 636 657 737 traditiones,
702 634 743 720 de
779 636 928 723 sensum
964 667 1215 724 communem
1258 642 1440 734 Parrum,
1478 663 1545 723 aut
1582 636 1657 724 Ec-

329 880 485 963 Contra
503 878 603 962 hanc
620 874 858 963 assertionem
879 881 974 965 liare
994 883 1174 971 uidentur
1194 881 1385 969 Corduba
1402 887 1444 967 in
1465 882 1656 988 Quaellio·

215 997 326 1079 nario
348 995 391 1074 Ι..
419 1022 454 1073 1.
479 997 531 1100 Q.
551 1024 618 1095 44.
640 988 786 1076 Concl.
803 1006 846 1073 6.
866 997 904 1075 dr
927 989 1120 1077 Orlandus
1139 999 1181 1077 in
1210 1027 1244 1098 ς.
1265 997 1368 1078 Sent.
1387 999 1440 1080 D.
1465 1027 1502 1091 3·
1533 1001 1594 1106 Q
1619 1023 1657 1096 3.

216 1106 330 1188 Dub.
351 1138 391 1204 4.
421 1104 580 1188 dicens:
624 1106 801 1214 Quando
832 1100 961 1216 aliqua
988 1113 1124 1189 veritas
1154 1103 1357 1191 innotescit
1383 1104 1556 1191 Ecclefiae
1588 1132 1658 1217 per

216 1213 398 1303 miracula
422 1238 528 1298 certa
552 1243 598 1298 ac
621 1214 842 1312 manifesta,
875 1224 990 1300 etiarn
1024 1214 1139 1328 ipsam
1176 1217 1252 1305 effe
1283 1219 1377 1303 lide
1413 1215 1658 1330 'theologice

51 1358 54 1364 ·
218 1356 374 1417 certam
429 1329 627 1417 Acerrime
652 1356 816 1442 quoque
835 1329 1060 1440 oppositam
1090 1326 1314 1417 sententiam
1351 1329 1586 1415 defendere·
1601 1334 1658 1413 vi·

74 1510 78 1515 .
218 1445 333 1649 petor
349 1446 534 1635 goamres
564 1444 746 1527 Serranus
777 1440 989 1555 Episcopus
1007 1445 1235 1533 Aceruensis
1257 1448 1302 1531 Ι..
1333 1476 1369 1529 r.
1390 1447 1441 1529 de
1460 1447 1658 1581 Concept·

218 1582 327 1668 ng.
389 1581 461 1636 .2.
1649 1632 1653 1637 .

382 1698 622 1805 Argumenta
645 1717 786 1777 eorum
813 1690 896 1779 sum
931 1684 1138 1806 sequentia.

339 1850 376 1907 r.
406 1824 450 1907 C.
477 1821 595 1930 Noffe
623 1851 709 1909 vos.
740 1821 785 1908 de
808 1821 977 1939 Consecr.
993 1822 1062 1910 D.
1086 1854 1121 1926 ς.
1142 1821 1238 1913 Pius
1261 1816 1293 1911 Ῑ.
1315 1825 1401 1937 post
1424 1823 1581 1914 relatam
1605 1830 1658 1911 vi·

220 1937 367 2023 sionem
396 1941 570 2020 Hermeti
596 1934 762 2033 faciam,
788 1964 870 2049 qua
896 1938 1190 2050 precipiebatur
1218 1936 1356 2023 Pascha
1385 1939 1658 2029 celebrandum

220 2047 296 2136 else
314 2050 383 2133 die
404 2053 630 2145 Dominico‚
653 2044 862 2160 subjungit:
891 2047 1001 2136 Unde
1029 2048 1088 2145 ὅ
1109 2077 1178 2137 nos
1206 2049 1424 2164 Apostolica
1446 2050 1658 2139 authorita-

210 2174 258 2250 te
280 2159 516 2272 instituimus,
538 2188 666 2261 ornnes
688 2158 784 2248 idern
808 2160 1011 2276 observare
1035 2159 1182 2254 debere.

216 2298 225 2309 ’·
334 2321 378 2378 a.
405 2290 645 2390 Antiochia,
674 2314 718 2374 ut
738 2291 897 2375 restatur
926 2286 1159 2399 Calliodorus
1201 2291 1245 2379 C.
1269 2321 1311 2389 9.
1344 2291 1587 2377 introducens
1612 2291 1658 2403 el]

216 2431 309 2491 mos
331 2402 562 2486 decantandi
580 2398 779 2517 Trisagion
805 2402 860 2488 ob
888 2403 1073 2488 visronem
1104 2404 1145 2488 S.
1167 2405 1317 2517 ignatio
1345 2400 1555 2500 ostensam,
1587 2404 1658 2518 qui

221 2517 452 2602 audiebatur
481 2540 692 2602 concentus
728 2513 970 2629 Angelorum
996 2517 1107 2600 idem
1133 2516 1331 2631 Trisagion
1367 2516 1658 2629 decantantium.

221 2634 280 2715 Ex
305 2625 469 2826 Ecchefia
487 2654 615 2713 autem
640 2631 889 2721 Antiochena
905 2657 996 2714 mos
1029 2625 1095 2714 ille
1125 2632 1176 2714 ad
1201 2626 1291 2715 alias
1312 2624 1494 2713 Ecclefirs
1522 2658 1658 2744 propa·

249 2770 332 2828 arus
356 2770 378 2827 e
411 2800 422 2822 .

220 2772 248 2857 g
344 2885 379 2956 ς.
405 2851 457 2943 ⁶8.
493 2852 730 2973 Augustinus
763 2855 809 2941 L.
840 2887 880 2957 7.
917 2855 1024 2942 Cori.
1058 2854 1211 2941 nonar.
1248 2853 1289 2938 C.
1321 2880 1384 2958 53.
1417 2850 1587 2968 loquens
1616 2856 1658 2941 dt

223 2965 414 3084 baptismo
444 2996 514 3079 per
536 2974 665 3073 jocum
690 2964 858 3063 collato,
889 2969 1002 3056 dicitr
1033 2968 1173 3054 Uirum
1203 2966 1466 3078 approbandus
1490 2971 1575 3077 effll
1601 2968 1658 3055 lra-

70 3120 74 3127 ·
220 3081 390 3216 pillinus,
421 3085 485 3193 qui
506 3080 559 3191 fic
589 3080 750 3182 danim,
780 3078 954 3166 divinum
970 3076 1158 3192 judicium
1181 3101 1252 3190 ptr
1280 3077 1439 3195 alicujus
1465 3079 1658 3169 revelatio·

221 3223 285 3284 ms
313 3193 505 3282 oraculum
530 3190 708 3283 concordi
735 3195 914 3304 oratione
940 3190 1212 3304 implorandum
1240 3194 1306 3300 effe
1336 3194 1528 3307 censerem.

345 3338 386 3409 4.
414 3312 457 3409 ln
487 3337 523 3410 ς.
543 3304 691 3425 Synodo
718 3308 919 3391 damnatur
946 3312 1082 3391 Petrus
1103 3307 1336 3417 Gnaphaeus,
1359 3305 1565 3419 Episcopus
1585 3308 1658 3396 An·

227 3424 447 3518 nocherius,
475 3425 543 3534 qui
571 3420 723 3504 addidit
746 3420 931 3532 Triiagio,
958 3422 1072 3534 quod
1098 3423 1262 3515 Trinitas
1290 3417 1333 3502 srr
1357 3417 1458 3532 palla
1482 3448 1526 3503 ac
1550 3428 1658 3508 cnrci

227 3535 328 3624 fixas
357 3537 450 3647 quia
468 3531 671 3650 angelicam
693 3529 936 3620 traditionem
955 3537 1148 3645 pervertit.
1189 3534 1255 3614 'Et
1274 3528 1378 3617 Felix
1397 3538 1501 3644 Papa
1519 3539 1559 3618 in
1581 3540 1658 3647 Epi

229 3646 326 3735 stola
362 3648 413 3733 ad
443 3649 612 3734 eundem
658 3649 815 3729 Petrum
855 3644 1270 3731 recen-sens···.visronem
1313 3648 1508 3752 cujusdam
1544 3652 1658 3759 pueri

3 3816 54 3871 .·
127 3743 132 3753 ¹
229 3769 300 3875 qui
333 3762 505 3845 audierat
547 3782 780 3844 concentum
818 3758 1047 3873 angelorum
1087 3758 1192 3840 idem
1226 3755 1422 3870 Trisagion
1465 3761 1658 3845 decanran

229 3885 348 3972 tium,
375 3879 416 3957 dc
449 3869 695 3965 cessationem
722 3896 829 3957 terrae
867 3898 1000 3976 motus
1035 3873 1121 3983 post
1151 3870 1457 3955 decantationem
1498 3877 1658 3981 ejusden

228 3993 378 4101 Hymni
404 3984 428 4071 a
451 3983 626 4097 populo,
657 3984 784 4068 addit:
826 3986 889 4068 Ar
919 3994 961 4070 lu
991 3983 1101 4095 quim
1135 3976 1272 4068 temeri
1309 3996 1354 4070 ut
1372 3986 1588 4097 scripturas
1616 3984 1658 4073 di

227 4106 357 4205 virm,
384 4102 440 4188 ila
467 4096 525 4194 65
550 4095 765 4216 angelorum
788 4093 938 4285 laudem
958 4104 1182 4212 pervertere
1205 4093 1465 4211 praeftrmpfisli.
1565 4241 1582 4318 5
1628 4216 1658 4301 h
