3796 4994
211 352 277 480 da
587 278 1018 519 deg.l⁵raii.e'arP.
1047 333 1273 500 croatia

212 584 321 699 ires,
356 577 413 690 dt
447 586 693 737 angelicas
727 584 1088 743 instrudiones
1105 636 1217 709 non
1252 600 1320 709 est
1354 598 1419 708 ilii
1455 598 1591 709 creda

216 726 359 878 dum.
406 774 411 779 ·
467 752 582 837 Ratio
607 758 675 869 est,
691 754 797 871 'quia
824 754 966 869 taliae
1004 762 1109 860 ereio
1149 792 1284 879 petere
1323 768 1488 851 tentatio
1527 790 1591 879 por

214 868 294 951 Dei
319 869 395 964 est,
422 864 542 980 quim
572 866 725 953 fiducia.
782 869 899 958 Tales
928 902 1062 962 autern
1084 907 1154 991 per
1183 884 1305 967 varias
1334 873 1591 964 diabolicas'ii

214 978 340 1067 dones
362 976 555 1067 humiliari
576 988 763 1095 permittit
791 988 917 1075 Deus.

321 1149 490 1277 Regula
533 1150 609 1246 16.
672 1138 916 1247 Senstbilis
975 1176 1125 1251 amor
1188 1142 1242 1253 δε
1294 1143 1492 1253 affeiiio
1546 1180 1591 1251 er

215 1282 398 1393 Deum
432 1285 679 1389 visionem
713 1284 1077 1395 concomitans
1109 1288 1191 1393 vti
1212 1286 1519 1429 'subsequens
1548 1322 1591 1395 n

218 1430 289 1533 est
315 1428 514 1567 fignum
542 1450 759 1532 certum·
778 1428 978 1533 visronis
1000 1462 1174 1536 .vcrae.·
1273 1458 1389 1541 Ratio
1438 1460 1527 1554 est,
1567 1486 1591 1571 q

216 1572 358 1653 amoris
380 1563 559 1653 senfibt'lir
582 1570 697 1652 status
714 1567 829 1652 etiam
856 1574 1037 1680 provenit
1058 1599 1108 1654 ex
1137 1572 1332 1683 principiis
1365 1568 1572 1656 affeduum

215 1678 420 1773 ruralibusr
460 1686 584 1767 immo
614 1678 829 1795 aliquando
860 1682 1025 1769 etiami
1056 1686 1259 1769 doemone.
1316 1686 1505 1799 Adpungo
1528 1690 1570 1769 in

215 1824 260 1885 re
280 1798 400 1883 verba
425 1796 476 1881 P.
499 1796 703 1903 Graviora,
727 1802 827 1911 quia¹
847 1820 987 1881 notatu
1008 1800 1138 1911 digna.
1197 1800 1378 1885 Charitas
1398 1826 1581 1913 quoque,

216 1916 318 2027 quir,
347 1936 426 1996 tam
452 1938 544 2025 erga
566 1913 699 1995 Deum
726 1938 847 2023 quarn
873 1916 1097 2025 proximum
1121 1914 1377 1997 examinanda
1409 1916 1477 2013 est,
1504 1942 1591 2005 nun

217 2053 354 2113 aurum
388 2026 592 2123 obrizum,
617 2052 669 2109 an
706 2030 790 2109 auri
815 2026 984 2111 fucatam
1013 2028 1157 2111 habeat
1178 2020 1356 2137 speciem.
1427 2022 1591 2115 Pleroma

219 2146 299 2239 (ait
319 2140 465 2253 Grrfim
492 2134 538 2225 de
563 2136 744 2251 Distinet.
764 2142 842 2225 vis.
863 2167 950 2226 ver.
969 2137 994 2225 i
1013 2139 1134 2251 falsss.
1156 2170 1192 2225 v.
1207 2144 1352 2253 Signo)
1378 2138 1538 2227 dilectio
1568 2172 1591 2255 q

217 2253 382 2341 tundam
407 2250 656 2367 personarum
672 2252 723 2335 ad
748 2258 893 2351 Deum,
914 2252 965 2337 ad
981 2257 1161 2352 Sardos,
1181 2256 1231 2339 ad
1258 2254 1467 2368 spirituales
1485 2260 1591 2341 honri

218 2364 355 2454 vitiosa
373 2372 441 2466 est,
470 2375 510 2452 &
531 2360 701 2453 carnalis.
719 2372 760 2449 &
772 2368 819 2453 L.
831 2364 878 2453 de
893 2364 1055 2483 Simplic.
1076 2364 1216 2471 cordis,
1230 2397 1350 2484 quem
1368 2370 1538 2483 sequitur
1559 2372 1591 2458 Ε

216 2478 408 2595 adurentis
438 2514 478 2569 a.
499 2488 545 2569 P.
570 2480 816 2593 Compendii
836 2510 925 2595 pag.
945 2496 1042 2584 176.
1069 2550 1089 2597 Ι.
1110 2484 1372 2583 Cavendum,
1395 2492 1471 2585 ait,
1493 2512 1544 2571 ne
1566 2512 1591 2571 c

217 2626 395 2685 amorem
428 2599 677 2711 decipiamur.
759 2598 972 2715 Contingit
999 2624 1173 2713 namque
1195 2610 1237 2685 in
1265 2597 1436 2683 foeminis
1470 2590 1591 2685 aut'v]

218 2719 291 2829 qui
317 2712 512 2801 foeminea
533 2710 620 2797 sunt
642 2706 942 2825 complexionis,
966 2738 1140 2799 amorem
1168 2741 1259 2828 erga
1277 2716 1423 2811 Deum,
1447 2719 1517 2827 qui
1546 2742 1591 2827 pr

220 2834 259 2913 dt
286 2825 486 2942 spiritualis
516 2824 592 2913 eise
617 2826 739 2911 debet
761 2830 804 2912 in
829 2827 947 2915 nobis
971 2822 1107 2911 falsum
1136 2824 1211 2911 eise
1232 2834 1272 2911 δι
1294 2824 1495 2914 carnalem.
1552 2836 1589 2915 U

216 2938 352 3029 laudat
381 2942 581 3058 quandam
609 2937 815 3027 foeminam
838 2944 969 3027 dicere
991 2936 1155 3025 solitam.
1212 2937 1399 3053 Naidess
1426 2934 1520 3027 nini
1546 2972 1591 3027 tn

216 3055 597 3173 suspecium,.qudm
618 3084 729 3159 arnor
757 3060 925 3142 crisme
970 3082 993 3141 a
1022 3062 1172 3145 Deums
1211 3084 1303 3142 nam
1335 3086 1424 3143 cum
1449 3056 1591 3169 paffion

217 3180 396 3259 omnium
417 3172 462 3259 stt
493 3168 845 3269 vehemenriiiima,
879 3197 950 3254 mu
965 3195 1006 3254 ta
1033 3165 1264 3257 discretione
1291 3172 1442 3285 indiget
1467 3178 1508 3255 δι
1531 3170 1591 3258 fra

214 3292 303 3374 Fuit
327 3292 444 3374 ctiam
465 3286 641 3385 foemina,
669 3314 757 3402 quat
778 3278 959 3405 spirituali
978 3288 1104 3369 amori
1120 3287 1219 3370 tradi
1237 3284 1274 3369 se
1299 3292 1515 3372 existimans
1539 3316 1591 3371 ne

217 3399 320 3517 quid
342 3398 495 3489 carnale
520 3430 567 3489 ac
586 3402 743 3486 foedum
770 3396 809 3484 se
836 3404 917 3511 pati
937 3397 1132 3484 fatebatur
1150 3404 1191 3485 in
1214 3428 1395 3513 corpore.
1454 3397 1544 3486 Alia
1569 3430 1591 3487 v

216 3514 365 3605 furioso
395 3546 531 3604 amore
558 3516 738 3632 quodam
770 3518 889 3598 etiam
920 3518 962 3598 in
990 3519 1095 3600 viros
1123 3510 1319 3601 sanciitate
1350 3512 1580 3627 conspicuos

215 3628 435 3719 dentiiiimi
461 3630 686 3729 ferebatur,
716 3654 791 3713 nec
813 3628 865 3712 ad
888 3622 989 3713 illius
1025 3629 1151 3741 rapidi
1178 3633 1322 3715 amoris
1352 3631 1591 3741 moderatior

216 3744 305 3832 uilis
337 3752 494 3833 monitis
518 3746 674 3839 retrahi¹
690 3766 868 3854 poterat,
899 3754 987 3827 'curn
1020 3738 1352 3847 maximosalutis
1389 3740 1461 3828 suae
1489 3752 1591 3857 peric

215 3862 328 3947 idem
347 3860 505 3977 Gerflm.
522 3862 565 3947 L.
583 3854 751 3970 de'ffDr'ss.
769 3852 856 3944 uer.
878 3854 997 3959 renti
1011 3858 1118 3975 figno
1137 3889 1173 3962 5.
1194 3855 1454 3971 'exemplificat
1477 3862 1529 3943 de
1547 3865 1591 3943 M

217 3979 272 4065 de
302 3973 571 4070 valentianas,
598 4001 687 4086 quae
708 3974 1017 4087 dogmatizabat:
1052 3973 1143 4074 Eos,
1171 3977 1237 4085 qui
1260 3974 1311 4056 ad
1345 3977 1591 4083 eminentiam

213 4094 292 4178 iarn
337 4091 476 4175 divinae
509 4086 729 4193 dilediionis
766 4084 1049 4201 perreniiient,
1093 4086 1241 4174 liberos
1280 4084 1357 4171 effe
1394 4085 1419 4172 i
1455 4118 1591 4204 praecep

215 4206 328 4295 Alius
351 4231 435 4321 uon
461 4231 595 4321 parvoe
620 4204 907 4322 existimationis
925 4206 984 4313 vir
1008 4201 1154 4291 eodem
1180 4201 1309 4290 modo
1327 4201 1513 4316 deceptus
1539 4204 1591 4404 dila

344 4326 369 4363 '⁴
814 4346 821 4366 ·
879 4334 922 4355 ·’
1530 4320 1576 4405 io
