3796 4994
208 332 270 425 is
669 316 841 450 Regula
863 344 920 415 ex
945 312 1169 421 Patribus-⁸

202 545 381 638 „putans
404 546 450 606 ra
472 515 571 633 ipsa,
605 546 691 637 quae
715 525 754 606 in
787 521 893 607 disco
925 523 1306 624 demonstrabantur,
1338 521 1414 610 eise
1449 553 1540 613 vrri
1572 536 1655 617 ani·

201 634 368 744 „milia
454 644 709 750 Quapropter
740 641 779 719 δι
812 661 900 722 cuni
919 638 1001 723 visis
1024 634 1294 750 corporalibus
1326 639 1507 730 diabolus
1529 641 1651 746 fallit,

200 748 337 858 „nihil
364 752 500 852 obest,
530 750 557 835 fi
581 778 664 834 non
686 776 829 863 erratui
851 758 1071 837 inveritate
1093 754 1219 852 fidei,
1248 760 1289 838 dr
1311 753 1573 872 intelligentie
1597 759 1652 845 sa·

199 873 372 972 „nitate
429 870 514 952 Aut
534 865 560 950 si
583 862 757 950 ludificet
774 872 940 950 animam
958 863 1111 979 spiritali
1129 868 1278 954 visione-
1294 875 1527 982 imaginibus
1561 902 1649 961 cor·

99 978 106 987 ’
199 1000 227 1087 ‘,‚
242 1012 404 1095 porum,
423 1006 474 1089 ut
502 1008 612 1093 putet
633 981 870 1092 corpusesse
923 984 1005 1065 uod
1030 985 1212 1079 nonest,
1249 1011 1329 1068 non
1363 989 1473 1069 obeli
1497 992 1647 1087 aniniae,

198 1099 261 1206 „si
284 1094 497 1210 pernitiosae
523 1095 682 1180 suasioni
710 1126 792 1178 non
815 1012 1038 1181 consentiat.
1116 1100 1166 1182 C.
1208 1129 1273 1201 ιι.
1315 1092 1494 1185 illuditur
1515 1129 1646 1189 autem

197 1217 361 1321 „anima
392 1192 702 1299 similitudinibus
729 1240 881 1308 rerum,
912 1240 994 1296 non
1029 1238 1161 1295 rarum
1189 1210 1309 1313 virid,
1346 1211 1413 1297 sed
1446 1221 1645 1328 opinionis

194 1326 329 1435 „suae,
356 1354 443 1410 cum
463 1325 681 1437 approbat,
705 1354 791 1440 quat
823 1323 956 1415 finiilia
980 1321 1088 1423 sunt,
1117 1354 1190 1438 pro
1225 1331 1296 1428 iis,
1336 1328 1481 1440 quibus
1513 1328 1646 1418 similia

194 1441 343 1551 „sunt,
373 1443 422 1524 ab
446 1434 698 1554 intelligentia
718 1438 912 1523 deficiens.
970 1437 1123 1524 Fallitur
1150 1469 1244 1555 ergo
1268 1446 1308 1525 in
1335 1444 1480 1527 vifione
1499 1473 1645 1560 corpo-

192 1555 327 1665 „rali,
360 1583 446 1642 cum
465 1562 503 1638 in
523 1555 610 1666 ipsis
630 1556 860 1667 corporibus
884 1553 965 1637 ficii
983 1579 1119 1665 putat,
1159 1559 1274 1668 quod
1305 1555 1348 1639 fit
1386 1568 1424 1639 in
1461 1554 1641 1647 senfibus.

188 1680 271 1781 „ln
299 1673 589 1756 visioneautem
614 1665 821 1781 spirituali,
853 1671 995 1765 idest,
1025 1672 1064 1751 in
1082 1696 1294 1781 corporum
1318 1665 1641 1775 similitudinibus,

189 1816 319 1903 „quar
341 1787 470 1900 spiritu
496 1785 698 1884 videntur,
736 1779 879 1869 fallitur
906 1789 1055 1879 anima,
1088 1810 1174 1866 cum
1204 1812 1275 1883 ea,
1310 1813 1400 1899 quae
1426 1787 1475 1870 sic
1504 1793 1636 1886 videt,

188 1900 304 2017 „ipsa
325 1929 492 2013 corpora
514 1895 589 1984 elle
602 1902 827 1996 arbitratur,
854 1895 918 1983 vel
934 1900 1050 2012 quod
1065 1897 1329 1996 sibifinxerit,
1352 1904 1434 1986 hoc
1453 1908 1567 1985 eriam
1596 1911 1637 1988 in

186 2018 458 2130 „corporibus
476 2040 598 2126 putat.
710 2014 767 2099 At
794 2019 950 2099 veroin
974 2009 1047 2097 illis
1079 2009 1408 2100 lntelledualibus
1438 2017 1524 2101 visis
1551 2048 1634 2102 non

184 2130 391 2239 „falliturs
419 2155 486 2213 aut
505 2136 607 2213 enim
636 2123 841 2242 intelligit,
870 2133 1073 2211 &uerum
1110 2130 1185 2215 ests
1234 2129 1349 2214 aursi
1388 2157 1526 2214 verum·
1549 2163 1632 2218 non

183 2250 305 2357 ‚,esi,
334 2275 417 2329 non
447 2241 639 2357 intelligit.
697 2246 748 2330 C.
771 2271 838 2337 ιι.
863 2246 996 2328 Potest
1011 2244 1121 2344 fieri,
1161 2268 1204 2326 ut
1225 2250 1342 2327 etiam
1372 2248 1411 2329 in
1460 2242 1633 2355 spiritali·

180 2364 295 2472 ,·,bus
315 2356 376 2446 vel
399 2355 721 2445 intellectualibus
743 2353 888 2442 multos
910 2359 1107 2470 quosdam
1132 2357 1275 2469 gindus
1312 2365 1519 2472 quisquam
1554 2359 1631 2448 eise

179 2489 211 2584 ,3
221 2477 443 2564 contendat.
551 2474 634 2559 Sed
658 2496 763 2587 quot
779 2477 819 2557 in
840 2497 1089 2584 unoquoque
1117 2499 1260 2586 genere
1286 2472 1359 2558 fint
1378 2471 1629 2574 differentia,

151 2597 231 2699 ·;,i
260 2618 398 2677 notare
425 2617 490 2675 mr
509 2586 650 2672 fateor.
706 2593 754 2672 C.
786 2613 855 2686 ³0·
876 2589 985 2672 Sicut
1011 2611 1142 2672 autem
1162 2591 1202 2668 in
1229 2590 1298 2670 ista
1326 2583 1416 2673 luce
1435 2616 1628 2701 corporea

66 2788 72 2798 ,
176 2622 362 2811 ,clarent
383 2711 422 2788 ac
438 2701 599 2818 sydera,
632 2729 720 2816 quae
742 2728 909 2815 corpora
933 2697 1017 2784 sunt
1039 2697 1161 2813 longi
1185 2698 1347 2785 meliora
1369 2706 1605 2790 terrestribus
1613 2738 1625 2797 ι

175 2821 266 2929 ;,sic
283 2826 324 2905 iii
341 2816 412 2904 illo
437 2846 578 2933 genere
595 2811 776 2929 spiritali,
818 2821 857 2900 in
894 2844 978 2928 quo
1005 2815 1184 2900 videntur
1216 2844 1426 2928 corporum
1450 2817 1624 2905 fimilitu-

174 2934 205 3039 ,ξ’
217 2939 327 3022 dines
349 2932 626 3047 lucequadam
648 2928 884 3044 incorporali
907 2958 951 3013 ac
976 2928 1065 3026 sua,
1106 2924 1192 3012 sunt
1222 2932 1400 3043 quaednm
1429 2931 1623 3021 excellen-

171 3057 264 3159 ,·‚ti'a
290 3079 337 3137 ac
359 3053 501 3134 merito
525 3049 677 3145 divina,
705 3075 793 3161 quae
823 3046 1087 3129 demonstrant
1109 3041 1236 3157 angeli
1264 3051 1367 3130 miris
1396 3052 1537 3132 modis.
1568 3053 1620 3140 C.

53 3245 72 3281 ,ἃ
170 3156 288 3282 „3i.·
309 3169 375 3251 Sic
397 3169 511 3248 etiam
533 3166 573 3247 in
590 3159 661 3253 illo
681 3187 825 3274 genere
844 3154 1162 3244 intellesiualium
1197 3155 1364 3244 visorum
1399 3158 1471 3245 alia
1508 3159 1619 3267 sunt,

170 3272 298 3397 ,ζ’φιιε
326 3286 367 3365 in
395 3276 471 3392 ipsa
503 3284 628 3363 anima
660 3278 865 3376 videntur,
904 3278 1012 3357 velut
1046 3277 1231 3372 virtutes,
1269 3274 1392 3372 fides,
1429 3274 1512 3388 spes
1541 3284 1616 3368 &e

167 3401 352 3512 ,quadr
370 3387 777 3507 ipsaeintelleiiualiter
803 3390 1005 3477 videnturs
1049 3396 1301 3501 nequeenim
1329 3419 1496 3503 corpora
1509 3390 1615 3494 sunt,

163 3536 273 3618 „aut
294 3509 437 3623 species
454 3510 601 3593 habent
623 3505 761 3593 similes
781 3532 1008 3616 corporum.
1092 3500 1215 3587 Aliud
1249 3530 1377 3588 autem
1399 3509 1460 3589 ,est
1491 3504 1612 3620 ipsum

25 3646 31 3654 ·
163 3623 363 3732 „lumrn,·
406 3651 460 3708 uo
477 3621 678 3708 illustratur
698 3626 853 3716 anima,
880 3646 922 3703 ut
946 3624 1079 3702 omnia
1100 3623 1140 3700 in
1158 3615 1219 3716 se,
1249 3621 1310 3706 vei
1334 3626 1374 3702 in
1401 3615 1474 3705 illo
1502 3651 1612 3707 vera-

160 3747 297 3844 „citer
315 3653 508 3825 intllleiia
525 3735 746 3850 conspiciat.
806 3740 911 3820 Nam
930 3729 1025 3817 illud
1040 3732 1118 3844 ipse
1141 3735 1251 3818 Deus
1264 3735 1341 3831 est,
1372 3737 1451 3818 hoc
1476 3763 1609 3823 autem

159 3880 384 3961 „creatura
440 3848 632 3968 Quamuis
653 3845 944 3945 intelieuuaus,
973 3851 1021 3929 ad
1047 3856 1126 3955 ejiis
1144 3851 1354 3961 imaginem
1377 3847 1493 3947 facia,
1521 3880 1610 3939 cum

156 3998 360 4074 „conatur
375 3966 507 4053 lumen
525 3963 621 4053 illud
643 3970 805 4062 intueri,
835 3960 994 4076 palpitat
1019 3968 1058 4047 &
1080 3965 1210 4047 minus
1234 3958 1349 4047 valet.
1426 3968 1530 4051 Cum
1548 3995 1608 4052 er-

8 4091 35 4131 ·’
153 4114 249 4199 „go
267 4081 360 4169 illuc
389 4091 555 4195 rapitur,
585 4087 624 4165 dt
659 4080 683 4168 a
717 4076 927 4164 ramalibus
962 4078 1152 4162 subtracta
1172 4073 1338 4162 senfibus
1376 4072 1431 4163 illi
1466 4082 1607 4169 visioni

144 4259 180 4323 ρ,
190 4197 401 4317 expressius·
408 4192 682 4313 praesentatur,
706 4200 823 4284 etiam
859 4190 971 4309 supra
1000 4190 1040 4282 se
1072 4195 1181 4281 videt
1204 4189 1330 4293 illud,
1357 4220 1444 4311 quo
1477 4196 1609 4397 adputa
