3796 4994
666 230 843 367 Regula
862 258 921 329 ex
944 233 990 329 S.
1016 220 1225 377 Ther-esta
1564 263 1664 375 189

217 450 312 535 neus
342 460 554 555 apparet,
584 456 671 537 ,tam
707 429 905 547 profunde
942 427 1181 545 semetipsum
1208 435 1249 519 in
1276 435 1441 523 animam
1467 440 1664 551 inprimit,

220 584 254 647 ut
273 556 468 643 dubitare
495 577 579 637 non
595 546 722 661 possit,
752 550 883 631 Deum
902 550 941 629 in
962 546 1001 632 se
1020 542 1140 643 fniffe,
1162 551 1201 631 δε
1228 543 1266 631 se
1285 552 1324 632 in
1347 554 1451 635 Deo.
1510 557 1558 639 Et
1582 557 1666 643 hac
1816 562 1822 571 '

217 676 342 757 veritas
363 695 456 751 tam
483 668 669 751 tenaciter
690 661 868 758 inhaeret,
889 685 930 743 ut
951 662 1036 771 post
1055 654 1200 743 multos
1219 686 1342 744 annos
1368 670 1447 761 ejus
1469 694 1550 749 non
1570 696 1663 779 pos·

215 774 457 871 litoblivisci
486 778 578 861 dari.
633 774 730 857 ibid.
749 772 867 855 Maus.
890 792 928 854 a.
953 772 1003 856 C.
1027 803 1061 856 a.
1099 774 1196 855 Non
1223 777 1350 881 potest
1377 773 1443 859 ille
1470 776 1592 863 sensus
1623 811 1662 867 a·

216 902 319 983 noris
348 896 579 1005 provenire
608 917 656 971 ex
679 880 839 970 naturali
864 880 1069 968 affcsiione
1094 909 1160 967 aut
1187 878 1465 985 melancholia,
1493 918 1558 977 aut
1578 889 1665 980 illu·

215 1010 304 1099 lioue
324 1007 559 1093 doemonis.
605 994 731 1085 Facile
747 1003 848 1081 enim
871 993 1024 1111 agnosci
1048 1000 1187 1108 potest,
1204 1025 1287 1081 eam
1305 995 1552 1087 affectionem
1570 1035 1666 1116 pro-

216 1128 331 1209 venire
356 1148 417 1205 ex
439 1114 564 1214 loco,
582 1114 649 1199 ubi
665 1112 813 1219 babitat
832 1115 1025 1195 Dominus
1051 1106 1387 1200 incommutabilis.
1445 1119 1548 1201 Dein
1570 1116 1667 1205 effe-

216 1244 281 1323 dus
309 1258 407 1317 non
433 1230 521 1315 sunt
544 1222 661 1330 tales,
689 1226 823 1337 quales
853 1222 927 1307 esse
960 1219 1086 1309 solent
1120 1229 1159 1307 in
1186 1223 1268 1307 aliis
1305 1227 1596 1334 devotionibus,
1623 1239 1665 1319 in

217 1350 345 1463 quibus
379 1344 449 1431 ob
478 1342 755 1427 abundantiam
778 1334 991 1421 dulcedinis
1010 1334 1279 1422 absorbentem
1296 1334 1389 1422 relin
1424 1348 1523 1427 uitur
1540 1343 1666 1431 facul·

217 1488 259 1549 us
272 1458 528 1547 dubitandis
556 1448 620 1537 hie
635 1450 728 1537 verd
749 1448 873 1535 sensus
887 1479 970 1535 non
988 1445 1252 1547 absorbentur,
1267 1456 1306 1535 ἃ
1322 1370 1567 1541 nihilominus
1583 1455 1665 1545 sua·

218 1602 290 1661 vern
317 1568 444 1657 illam
484 1593 645 1679 poenam
678 1569 819 1649 amoris
855 1569 1028 1648 conantis
1065 1559 1103 1648 se
1147 1560 1363 1651 diffundere
1399 1597 1473 1652 nec
1511 1569 1668 1680 possunt

219 1716 348 1803 augere
369 1710 458 1769 uec
477 1684 665 1763 minuere.
717 1680 759 1763 Si
783 1680 871 1790 quis
897 1701 1069 1789 quaerat,
1100 1705 1166 1761 cur
1186 1674 1251 1760 hle
1276 1678 1320 1762 stt
1345 1703 1452 1763 tanta
1472 1676 1664 1786 securitas,

222 1808 400 1909 &major
423 1791 552 1911 quim
572 1796 614 1877 in
637 1788 732 1887 aliis,
756 1788 900 1875 causam
927 1788 1001 1874 elle
1025 1785 1177 1887 censeo,
1198 1794 1289 1903 quia
1308 1797 1478 1901 inprimis
1501 1797 1667 1887 doemon

223 1940 417 2029 nunquam
462 1909 607 2021 poterit
635 1906 726 1987 dare
755 1928 832 1987 tam
867 1903 1018 1987 suavem
1049 1929 1209 2015 poenam
1243 1907 1405 2002 amoris,
1438 1933 1481 1991 ut
1509 1913 1563 1993 est
1585 1914 1666 2002 ista.
1715 1906 1719 1913 ’

224 2032 361 2115 Poterit
390 2019 565 2135 quidem
591 2017 682 2102 dare
703 2014 855 2101 suavem
878 2012 1046 2131 aliquam
1070 2013 1319 2101 dulcedinem
1342 2022 1380 2099 δι
1407 2014 1664 2134 voluptatem,

226 2168 298 2255 qua
314 2138 511 2225 videatur
532 2128 607 2215 eise
624 2127 834 2243 spiritualis,
847 2127 912 2216 sed
934 2155 977 2215 ιιι
998 2152 1140 2215 tantam
1164 2157 1324 2242 poenam
1349 2140 1558 2247 conjungat
1577 2167 1667 2225 curn

227 2278 316 2339 tauta
334 2254 485 2366 quiete
497 2248 627 2343 animi,
648 2242 776 2329 facere
796 2270 878 2328 non
927 2247 1053 2327 oterit.
1107 2247 1212 2327 Nam
1235 2249 1314 2352 ejus
1338 2252 1505 2360 potestas
1521 2246 1559 2334 se
1582 2277 1666 2339 tan·,
1707 2325 1712 2335 .

230 2390 296 2455 um
317 2358 508 2453 extendit
526 2356 578 2443 ad
599 2354 721 2441 sensus
743 2362 875 2441 mater'
915 2383 978 2457 es,
1005 2356 1210 2470 inquibus
1233 2356 1260 2442 sr
1285 2386 1557 2448 commovetur
1580 2361 1668 2450 dul·

234 2482 332 2581 crdo,
354 2474 517 2563 nonest
533 2477 735 2579 conjunsia
753 2498 839 2556 eum
864 2495 968 2553 tanta
986 2469 1083 2582 pac'e
1108 2476 1148 2553 δι
1167 2466 1454 2584 tranquillitate,
1476 2474 1539 2560 seu
1555 2476 1668 2593 quie·

235 2615 273 2679 tt.
323 2586 524 2677 Secundo
536 2641 552 2684 ,
585 2589 676 2698 quia
698 2586 762 2667 hic
795 2581 916 2667 suavis
950 2588 1067 2667 turbo
1101 2588 1207 2667 venit
1236 2611 1283 2668 ex
1310 2583 1383 2670 alia
1402 2595 1576 2703 regione,
1598 2595 1667 2681 ubi
1785 2688 1789 2695 ,

236 2700 368 2791 nullum
395 2700 749 2810 habetimperium.
802 2696 960 2793 Tertio,
984 2701 1078 2811 quia
1100 2693 1284 2810 relinquit
1303 2722 1447 2785 tantam
1465 2700 1669 2797 utilitatem
1790 2686 1799 2703 ⁴

235 2812 430 2915 inanima,
459 2806 642 2899 videlicet
686 2805 935 2895 resolutiones
970 2811 1209 2923 patiendi&
1240 2837 1398 2926 magnas
1424 2817 1667 2907 adversitates

236 2928 448 3043 unsercndi
472 2952 609 3010 amore
639 2924 739 3013 Deir
776 2928 814 3005 &
837 2918 874 3006 se
897 2920 1093 3035 separandi
1119 2920 1142 3008 a
1169 2930 1327 3009 terrenis
1354 2931 1504 3039 gaudiis
1528 2959 1572 3015 ac
1597 2962 1668 3017 ne-

257 3052 349 3149 uriis,
375 3048 421 3127 δι
448 3036 634 3124 societate
668 3037 967 3121 mundanorum.
1052 3038 1177 3146 Quod
1206 3042 1247 3121 in
1272 3040 1330 3122 his
1347 3070 1430 3124 non
1455 3045 1669 3133 intercedat

236 3072 356 3259 lum,
370 3184 426 3243 ex
449 3181 504 3237 co
524 3148 663 3263 liquet,
691 3157 782 3264 quia
800 3147 827 3232 sr
848 3154 935 3263 quis
959 3144 1035 3234 alio
1058 3175 1236 3262 tempore
1259 3178 1418 3238 conetur
1435 3152 1564 3242 similia
1578 3187 1666 3271 per-

239 3278 360 3385 ripere,
384 3268 435 3355 id
456 3260 611 3349 efficere
636 3292 719 3347 non
745 3270 911 3376 poteritr
953 3263 1116 3349 maxime
1146 3291 1233 3347 cum
1258 3289 1350 3350 tunc
1369 3272 1500 3353 animo
1521 3273 1669 3359 adima-

173 3382 200 3399 ''
237 3380 464 3473 urfacultas
485 3376 690 3463 dubitandi
708 3376 759 3462 de
772 3379 863 3461 hoc.
921 3378 970 3460 Et
992 3372 1129 3461 strelin
1160 3382 1261 3463 uitur
1277 3382 1318 3463 in
1336 3384 1468 3465 animo
1490 3384 1670 3487 dubium,

235 3494 305 3589 sciat
354 3498 479 3591 uivis,
503 3485 639 3600 eoipso
672 3517 753 3574 non
771 3485 852 3574 esse
873 3517 1007 3574 verum
1031 3405 1233 3601 impulsum
1264 3495 1444 3594 numinis,
1473 3503 1565 3611 quia
1587 3527 1668 3590 ram

173 3708 175 3715 ,
236 3530 528 3703 melenrirur,
557 3630 603 3687 ac
626 3600 653 3686 sr
674 3603 827 3689 aun'bus
851 3629 1029 3715 magnam
1055 3630 1193 3687 vocem
1231 3604 1461 3693 audiremus.
1517 3616 1666 3726 Neque

173 3798 179 3807 .
235 3726 290 3813 dici
312 3726 469 3843 potest,
501 3718 586 3801 boc
610 3724 814 3829 provenire
841 3713 865 3800 ai
892 3711 1172 3806 melancholias
1205 3743 1291 3801 narn
1318 3723 1384 3805 ista
1402 3712 1465 3805 sua
1488 3724 1669 3813 artefada

173 3840 193 3941 l¹
233 3832 373 3929 luditin
395 3824 637 3952 phantasia,
660 3822 726 3913 illa
754 3830 850 3913 verb
888 3832 1187 3943 continguntin
1216 3834 1348 3917 intima
1374 3860 1489 3945 partae
1522 3844 1668 3925 animat.

173 3930 180 4053 f
230 3954 333 4047 rm
349 3948 547 4071 quarm
573 3936 672 4053 effes
702 3940 889 4060 rursu
924 3944 1013 4150 ¹²⁰3
1032 3966 1179 4071 enus
1216 3946 1403 4067 sumu:
1422 3973 1552 4061 auem
1571 3954 1667 4037 mu

1023 4080 1096 4164 23
1585 4086 1667 4149 uon
