3796 4994
607 332 812 433 ututur·
827 327 1101 465 &Agredn
1118 338 1237 429 Pars
1251 335 1308 431 Ia.
1571 258 1677 454 233.
1781 458 1828 487 .-

325 561 401 639 ις.
447 537 492 620 ln
520 535 601 621 ltoc
621 537 741 634 statu,
764 540 958 650 quamvis
980 536 1147 631 habeam
1162 580 1168 639 3
1185 534 1433 648 quandoque
1465 561 1675 647 corporeas

215 645 282 736 seu
309 653 550 763 imaginarias
580 650 746 738 visiones
773 655 815 736 in
846 650 1066 766 phantasia,
1099 677 1152 737 eae
1181 676 1311 736 tamen
1340 645 1425 734 sunt
1453 649 1672 736 admodum

214 791 322 850 m
336 914 402 987 ²7·
438 886 557 987 Vidi,
586 889 701 1003 quod
731 893 772 974 in
792 892 979 975 Trinitate
993 883 1109 978 flius
1130 886 1176 973 fit
1197 910 1310 974 natus
1328 913 1383 974 err
1408 885 1688 976 foecunditate

214 997 432 1088 intellectus
462 1008 603 1093 Patrisr
648 1008 689 1087 dt
717 1007 886 1117 Spirinas·
900 1005 1061 1093 sanum
1085 1004 1276 1118 procedat
1295 1028 1344 1089 ert
1366 1008 1480 1091 Patre
1504 1008 1543 1089 dr
1568 1001 1676 1091 Filio

214 1143 287 1232 per
317 1141 549 1350 220.erss
571 1247 688 1363 quod
709 1251 940 1334 DEus'ante
966 1251 1203 1335 creationem
1226 1258 1353 1334 rerum
1388 1241 1506 1332 fiterit
1532 1252 1574 1333 rit
1603 1188 1672 1350 ser

216 1362 259 1444 dt
282 1363 398 1473 quod
421 1361 537 1448 fuerit
557 1388 649 1448 ante
670 1368 902 1449 creationem
924 1385 1008 1448 tota
1027 1367 1237 1476 eternitate
1261 1359 1466 1449 immensus
1483 1365 1527 1448 in
1543 1369 1669 1450 omni*

215 1473 290 1559 bus
311 1476 382 1560 suis
401 1475 717 1590 perfectionibus.

337 1636 401 1710 ιι.
429 1637 496 1711 32·
534 1607 640 1706 Vidi,
658 1605 776 1720 quod
789 1628 867 1693 tres
889 1603 1061 1720 personae
1082 1615 1211 1720 (juxta
1232 1608 1403 1723 nostrum
1423 1606 1590 1693 modun
1610 1609 1670 1691 ina

218 1712 443 1833 telligendi)
477 1717 719 1806 decreverint
744 1714 783 1806 se
819 1725 1111 1808 communicare
1132 1725 1342 1809 creantur:
1383 1723 1672 1834 perpenderunt

217 1857 350 1921 tamen
383 1840 490 1950 prius
527 1837 841 1920 convenientiam
877 1840 1057 1921 omnium
1093 1865 1258 1951 operum
1298 1832 1548 1924 creabiliumr
1584 1861 1667 1920 non

216 1950 332 2060 quod
355 1951 469 2034 detur
491 1953 530 2034 in
550 1950 643 2033 Deo
669 1952 845 2060 prioritas
872 1955 1058 2063 temporis
1087 1953 1223 2064 quoad
1251 1976 1366 2036 unam
1398 1953 1667 2063 cognitionem

216 2059 389 2175 respectu
419 2061 596 2152 alteriusr
634 2066 697 2161 ¹est
733 2067 839 2147 enirn
865 2070 904 2148 in
929 2071 1020 2148 Deo
1059 2093 1136 2151 una
1163 2063 1325 2179 simplex
1351 2091 1397 2148 ac
1418 2058 1577 2148 indivisa
1597 2090 1667 2147 co·

217 2181 366 2374 gnptior
395 2172 461 2263 sed
479 2177 596 2293 quod
621 2175 852 2287 ordineseu
882 2182 1083 2292 prioritate
1104 2205 1245 2266 naturae
1276 2182 1452 2293 cognitio
1478 2177 1671 2293 pracedat

215 2317 271 2378 vo
287 2317 464 2378 itionem.

339 2475 407 2549 33.
433 2449 483 2531 Et
506 2448 598 2559 quia
612 2428 730 2529 DEus
754 2445 933 2556 dignatus
952 2446 1007 2531 est
1026 2441 1263 2559 respondere
1283 2445 1334 2533 ad
1356 2471 1482 2532 meam
1503 2448 1667 2530 interro·

221 2558 442 2669 godonem,
476 2588 553 2672 qua
586 2587 634 2643 err
664 2553 745 2672 ipso
779 2557 871 2642 scire
898 2563 1013 2672 petii,
1040 2589 1160 2675 quem
1183 2563 1362 2646 ordinem
1382 2561 1445 2644 seu
1469 2555 1603 2643 locum
1623 2560 1684 2642 in‘

218 2695 352 2761 mente
370 2674 501 2759 divina
517 2700 561 2758 ac
581 2674 683 2758 ldeis
702 2677 741 2755 δι
768 2675 946 2758 Decretis
976 2675 1157 2759 habuerit
1190 2677 1364 2761 Christus
1393 2680 1432 2758 δι
1461 2678 1506 2757 Β.
1527 2675 1678 2785 Virgo,⁸
1776 2709 1804 2718 ι·

219 2781 429 2874 declarabo
452 2789 530 2872 hoc
547 2816 617 2898 per
638 2791 740 2873 varia
764 2789 950 2886 instantia,
969 2787 1046 2873 line
1068 2789 1211 2903 quibus
1233 2791 1315 2873 hac
1333 2793 1490 2875 materia
1503 2814 1577 2900 pro
1595 2813 1669 2870 no-

218 2899 279 2982 bis
307 2899 488 3016 explicari
521 2930 605 2987 non
630 2902 769 3014 potest.
853 2903 1089 2989 Notandum
1112 2928 1257 3002 autem,
1280 2905 1396 3017 quod
1412 2903 1578 3017 scientia
1603 2903 1668 2987 oi·

212 3011 331 3122 fionis
366 3020 516 3105 dicatur
553 3009 618 3101 illa
656 3016 810 3100 scientia
849 3021 956 3119 Dei,
994 3045 1073 3132 qua
1100 3013 1168 3102 scit
1212 3019 1377 3103 creanda
1415 3012 1525 3114 ale,
1553 3020 1592 3098 dt
1616 3011 1670 3099 ad

219 3127 322 3325 hanc
358 3130 552 3219 scientiam
599 3134 793 3246 pertinent
825 3131 923 3216 ideae
964 3159 1124 3232 rerum,
1166 3159 1263 3247 quas
1300 3133 1437 3219 DEUS
1475 3153 1668 3215 creantrus

222 3264 244 3324 e
276 3297 288 3324 .
349 3306 353 3313 .
397 3298 404 3313 ι

341 3405 406 3482 34.
435 3383 623 3491 Quamvis
641 3404 772 3464 autem
796 3374 950 3465 scientia
970 3380 1049 3466 Dei
1072 3377 1116 3467 fit
1136 3384 1177 3466 in
1198 3375 1415 3467 scindivisa
1434 3370 1671 3490 resimplata

221 3493 316 3605 quia
345 3518 477 3580 tamen
507 3521 568 3578 res
604 3522 674 3605 per
707 3491 900 3580 scientiam
928 3489 1011 3580 visre
1035 3491 1120 3581 sunt
1140 3490 1395 3606 multiplices,
1425 3500 1464 3577 δι
1490 3487 1599 3594 tales,
1625 3513 1671 3577 ut

223 3609 336 3690 unius
366 3611 563 3692 existentia
593 3609 815 3719 dependeat
841 3607 891 3692 ab
923 3612 1116 3695 existentia
1140 3606 1314 3697 alteriusr
1355 3608 1405 3694 fic
1438 3632 1481 3693 ut
1511 3630 1668 3692 unates
1789 3669 1794 3678 -

223 3721 300 3804 dici
315 3721 428 3832 poisrt
438 3726 585 3922 prima,
607 3718 679 3806 alia
703 3719 869 3807 secunda
890 3727 966 3805 dre.
994 3721 1143 3808 nectlle
1159 3727 1225 3822 est,
1247 3745 1290 3808 ur
1308 3722 1515 3809 volitiones
1541 3726 1578 3806 dt
1602 3747 1671 3806 co·

221 3837 416 3946 gnitiones
467 3841 577 3921 iuinae
604 3846 707 3943 iuxta
731 3837 911 3920 ordinem
938 3835 1181 3944 objeuorum
1205 3837 1482 3950 distinguantur
1500 3840 1541 3921 in
1567 3839 1671 3919 varia

222 3951 409 4033 instantia.
491 3955 540 4033 Et
567 3953 645 4033 hoc
673 3950 799 4032 modo
825 3945 944 4033 intelli
975 3950 1150 4049 endum,
1186 3948 1280 4035 dum
1312 3955 1500 4048 dicimus,
1529 3952 1671 4035 DEutn

222 4058 378 4147 scientia
399 4064 553 4148 vifionis
574 4090 693 4146 unum
716 4069 819 4174 prius
844 4064 923 4147 vidi
954 4092 1074 4178 eprae
1094 4061 1187 4164 alio,
1201 4064 1252 4150 fic
1274 4088 1317 4151 ut
1336 4064 1363 4150 si
1381 4059 1480 4151 iilud
1502 4061 1671 4178 primunt

321 4175 382 4265 D.
396 4177 443 4264 Ε.
456 4173 770 4265 A.deRtvelai.
788 4177 891 4264 Pars
911 4179 966 4264 ΙΙ.
1197 4181 1273 4294 Gg
1587 4202 1671 4261 non
