3772 4988
118 386 121 395 ’
291 346 399 466 334
650 335 879 440 develat.
897 333 950 434 de
964 316 1155 471 Agraria.
1175 340 1287 433 Pars
1303 338 1361 433 ll.

307 636 309 640 .
422 553 519 639 619.
544 546 589 628 Β.
610 545 659 629 V.
678 544 728 627 ad
747 571 811 630 me
840 544 953 628 dixin
986 544 1091 628 Cum
1118 535 1216 625 filius
1242 543 1410 627 meus&
1433 564 1511 654 ego
1533 559 1643 625 tanta
1664 533 1752 653 paffi
1878 544 1881 549 ’

266 736 270 743 .
294 653 481 745 fuerimus
510 685 583 771 pro
603 664 796 760 creaturis,
817 653 929 753 volo,
953 680 997 741 ut
1016 684 1089 740 nos
1108 658 1310 740 imiteris.'-

415 788 512 857 620.
540 776 585 856 ln
606 775 678 857 hac
696 770 791 889 suga
813 767 942 888 angeli
964 771 1126 857 aderant
1145 774 1187 855 in
1209 764 1345 856 visrbili
1368 766 1511 866 forma,
1532 761 1753 855 illuminan-

295 912 356 976 tes
375 894 546 978 nossem.

239 1035 246 1045 ·
414 1017 510 1088 621.
540 1004 724 1089 Exierunt
743 1005 860 1116 proin
880 994 1117 1108 Jerosolimis
1147 1026 1217 1110 per
1242 1021 1422 1108 portam,
1453 1024 1542 1111 quae
1575 997 1687 1082 ducit
1715 1002 1752 1084 in

213 1132 233 1173 ⁴
293 1118 505 1205 Nazareth.
562 1123 606 1202 B.
624 1122 748 1230 Virgo
770 1113 931 1202 volebat
954 1122 1010 1201 ire
1032 1119 1074 1200 in
1093 1107 1347 1217 Bethlehem,
1371 1111 1438 1199 sed
1464 1109 1598 1228 angeli
1617 1109 1752 1200 dissua-

295 1230 408 1338 derlt,
433 1230 641 1317 dicentes2'
658 1232 803 1351 Regina
823 1228 950 1345 nostra
978 1277 999 1297 ·

353 1382 357 1387 ·
416 1363 512 1431 622.
557 1350 696 1460 Itaque
720 1353 766 1432 B.
794 1352 919 1460 Virgo
943 1341 1094 1430 tantrlm
1120 1339 1146 1427 d
1177 1337 1249 1428 lon
1278 1341 1300 1429 ὲ
1336 1342 1466 1457 dirigit
1488 1346 1752 1457 cogitationes

293 1457 379 1549 suas
395 1465 448 1546 ad
470 1459 660 1579 Ptaesepe,
677 1465 789 1560 'culus
817 1456 978 1574 angelus
1007 1460 1133 1543 custos
1150 1452 1206 1542 illi
1231 1371 1391 1544 obviam
1410 1464 1543 1556 venit,
1569 1459 1750 1545 adorant·

294 1603 361 1663 rus
384 1574 573 1661 Verbum.
659 1579 781 1661 Mittit
809 1581 926 1661 etiam
956 1600 1076 1659 unum
1109 1573 1132 1658 i:
1164 1573 1236 1656 suis
1261 1570 1409 1687 angelis
1432 1578 1475 1657 in
1502 1574 1675 1659 Hebron
1704 1575 1751 1658 ad

292 1692 334 1775 Β.
356 1686 562 1787 Elisabeth,
588 1713 632 1775 ut
648 1694 688 1776 in
713 1715 840 1776 tutum
863 1684 996 1776 locum
1015 1690 1175 1799 recipiat
1195 1687 1233 1773 8.
1251 1693 1471 1791 Joanuemt
1502 1689 1606 1803 quid
1624 1714 1751 1776 autem

295 1800 454 1925 angelus
475 1809 638 1903 nuntiet,
665 1801 883 1891 mentaliter
906 1831 996 1890 eum
1022 1804 1178 1888 instruit.
1235 1818 1331 1908 623.

415 1936 516 2022 624
552 1923 594 2006 S.
612 1917 802 2024 Elisabeth
828 1923 952 2005 statim
974 1921 1090 2003 mittit
1108 1919 1286 2002 nuntium
1304 1917 1356 2004 ad
1374 1926 1415 2005 B.
1433 1924 1483 2005 V.
1509 1947 1600 2003 cum
1623 1922 1750 2020 donis,

223 2107 227 2117 .
295 2045 482 2150 pecunia,
510 2034 628 2130 cibis,
663 2039 702 2117 δι
734 2029 1021 2136 linteaminibus
1050 2057 1124 2144 pto
1158 2035 1310 2118 itinere.
1392 2038 1570 2119 Nuntius
1611 2038 1750 2148 reperit

293 2155 565 2351 1Ιῖἑῃγιιςιιιιιιι
582 2155 624 2233 in
646 2147 743 2235 urbe
772 2153 906 2247 Gaza,
937 2175 1026 2266 quae
1049 2149 1185 2260 viginti
1216 2148 1323 2234 horis
1354 2147 1475 2235 dissita
1505 2150 1560 2233 est
1596 2150 1750 2256 Jeroso·

366 2293 401 2351 a.
1297 2343 1300 2349 .

416 2391 514 2483 ὄις.
540 2378 582 2467 8.
599 2373 791 2492 Iosephus
815 2381 932 2467 Gaza
947 2379 1089 2471 nuntio
1104 2375 1128 2468 a
1144 2380 1186 2468 8.
1206 2373 1547 2466 Elisabethamiiso
1598 2382 1749 2495 recipit,

138 2600 141 2609 Ι
259 2510 345 2583 zue
368 2497 409 2580 in
432 2490 502 2582 suo
528 2496 657 2581 reditu
677 2499 823 2581 nemini
841 2496 1002 2591 diceret,
1027 2492 1096 2580 ubi
1120 2500 1164 2580 B.
1187 2499 1389 2607 Virginem
1407 2521 1495 2579 cum
1520 2499 1534 2580 i
1630 2521 1672 2580 te
1695 2522 1749 2580 rc·

296 2616 454 2725 pererit.
524 2609 604 2694 Sed
631 2612 742 2697 Deus
762 2614 898 2718 majori
920 2603 1068 2696 cautela
1091 2615 1285 2725 praevertit
1307 2604 1546 2722 periculumr
1577 2614 1672 2726 quia
1695 2609 1749 2694 se·

299 2731 367 2822 cit,
389 2749 433 2808 ut
448 2732 588 2813 nuntio
608 2719 664 2809 illi
682 2733 813 2810 omnia
834 2725 1048 2811 exciderint
1076 2727 1278 2841 memoria,
1301 2724 1559 2837 preterquam
1578 2752 1639 2824 ea,
1666 2750 1748 2840 qua

299 2834 513 2925 nuntianda
534 2862 641 2924 erant
663 2841 702 2923 S.
728 2835 961 2924 Elisabethae.
1034 2845 1079 2926 B.
1101 2843 1331 3041 Vipgp-pto
1356 2843 1495 2924 itinere
1522 2836 1679 2955 sumpsit
1697 2836 1718 2924 s
1736 2890 1749 2906 ·

299 2978 390 3049 eum
413 2957 515 3038 varia
539 2949 767 3043 necessarias
797 2957 889 3069 quia
912 2954 1062 3040 tamdiu
1088 2953 1155 3041 nol
1211 2977 1251 3040 at
1272 2951 1490 3069 exspectate
1509 2951 1746 3053 miramlum,

297 3067 489 3184 quamdiu
513 3063 684 3153 sufficere
711 3093 866 3181 poterat
900 3062 1065 3154 humana
1086 3072 1282 3157 industria.
1365 3074 1466 3154 intra
1490 3069 1596 3156 duos
1620 3093 1746 3156 tamen
1845 3148 1848 3155 .

296 3187 398 3286 dies,
427 3182 572 3300 quibus
590 3182 815 3271 morabatur
834 3187 965 3282 Gazae,
991 3190 1158 3297 patravit
1176 3181 1299 3271 multa
1316 3184 1510 3277 miracula·

333 3372 337 3381 .
417 3313 513 3384 ιιι.
538 3302 637 3385 Νοιι
665 3295 816 3412 possum
842 3299 970 3385 verbis
993 3297 1206 3414 explicare,
1241 3327 1328 3416 quae
1352 3302 1447 3385 mihi
1475 3297 1648 3387 revelata
1666 3297 1748 3387 surr

297 3408 354 3499 'de
376 3414 560 3526 operibus
581 3410 606 3500 d
624 3418 668 3501 B.
688 3418 734 3502 V.
752 3419 793 3499 dc
819 3421 900 3524 ejus
922 3410 1075 3502 infante
1097 3422 1138 3502 in
1159 3419 1233 3501 hac
1257 3421 1319 3500 via
1335 3420 1502 3529 patratis.
1558 3419 1745 3505 Mater&

192 3558 197 3573 ·
282 3524 399 3617 iilius
429 3525 646 3613 miscebant
667 3524 793 3615 suavia
819 3524 1045 3641 colloquia,
1079 3537 1118 3616 δι
1147 3531 1353 3618 cantabant
1390 3534 1551 3620 cantica.
1638 3541 1748 3621 Tunc

223 3718 232 3732 .
297 3644 398 3745 uidit
422 3645 464 3729 B.
489 3647 537 3730 V.
558 3647 808 3755 operationes
825 3647 892 3730 88.
912 3648 1107 3731 Trinitatis
1124 3646 1176 3731 ad
1194 3651 1306 3732 intra.

287 3842 290 3847 ,
415 3787 513 3877 627.
542 3775 588 3858 ln
603 3796 650 3858 ea
670 3777 897 3889 cognitione
917 3780 1086 3863 cantavit
1105 3803 1211 3863 nova
1224 3779 1411 3878 cantica..
1452 3778 1533 3863 'l‘er
1552 3803 1626 3894 per
1646 3776 1748 3865 diem

296 3879 466 3976 hdabat
484 3886 690 3990 Infantem,
716 3894 757 3974 δι
775 3887 870 3976 tales
887 3885 955 4002 ipsr
973 3889 1250 3978 demonstravit
1271 3888 1491 3990 blanditias,
1510 3891 1653 4010 quales
1673 3923 1751 3983 non

296 4005 556 4096 exbibuerunt
578 4001 653 4118 suis
672 4000 850 4123 prolibus
875 4030 1180 4129 omnes-matres
1203 4005 1313 4096 simul
1331 4004 1500 4124 sumpta,

1662 4238 1756 4324 dri.
