<?xml version="1.0" encoding="UTF-8"?>
<!DOCTYPE html PUBLIC "-//W3C//DTD XHTML 1.0 Transitional//EN"
    "http://www.w3.org/TR/xhtml1/DTD/xhtml1-transitional.dtd">
<html xmlns="http://www.w3.org/1999/xhtml" xml:lang="en" lang="en">
 <head>
  <title>
</title>
<meta http-equiv="Content-Type" content="text/html;charset=utf-8" />
  <meta name='ocr-system' content='tesseract 3.04.00' />
  <meta name='ocr-capabilities' content='ocr_page ocr_carea ocr_par ocr_line ocrx_word'/>
</head>
<body>
  <div class='ocr_page' id='page_1' title='image "./derevelationibu00amorgoog_0685.png"; bbox 0 0 3796 4994; ppageno 0'>
   <div class='ocr_carea' id='block_1_1' title="bbox 310 342 1781 487">
    <p class='ocr_par' dir='ltr' id='par_1_1' title="bbox 310 342 1781 487">
     <span class='ocr_line' id='line_1_1' title="bbox 310 342 1781 487; baseline 0.012 -47"><span class='ocrx_word' id='word_1_1' title='bbox 310 479 313 487; x_wconf 18' lang='grc' dir='ltr'>ι</span> <span class='ocrx_word' id='word_1_2' title='bbox 428 343 431 347; x_wconf 66' lang='grc'>’</span> <span class='ocrx_word' id='word_1_3' title='bbox 592 348 793 447; x_wconf 66' lang='lat' dir='ltr'>aeveus</span> <span class='ocrx_word' id='word_1_4' title='bbox 813 344 865 441; x_wconf 83' lang='lat' dir='ltr'>de</span> <span class='ocrx_word' id='word_1_5' title='bbox 880 342 1067 477; x_wconf 77' lang='lat' dir='ltr'>Agteda.</span> <span class='ocrx_word' id='word_1_6' title='bbox 1088 347 1201 440; x_wconf 82' lang='lat' dir='ltr'>Pars</span> <span class='ocrx_word' id='word_1_7' title='bbox 1221 349 1278 442; x_wconf 76' lang='lat' dir='ltr'>la</span> <span class='ocrx_word' id='word_1_8' title='bbox 1556 370 1650 465; x_wconf 71' lang='lat'>38⁸1</span> <span class='ocrx_word' id='word_1_9' title='bbox 1776 460 1781 471; x_wconf 72' lang='grc'><strong>,</strong></span> 
     </span>
    </p>
   </div>
   <div class='ocr_carea' id='block_1_2' title="bbox 211 548 1746 3457">
    <p class='ocr_par' dir='ltr' id='par_1_2' title="bbox 215 548 1661 781">
     <span class='ocr_line' id='line_1_2' title="bbox 336 548 1661 660; baseline 0.002 -21"><span class='ocrx_word' id='word_1_10' title='bbox 336 581 460 656; x_wconf 84' lang='lat'><em>1203.</em></span> <span class='ocrx_word' id='word_1_11' title='bbox 488 549 633 636; x_wconf 83' lang='lat' dir='ltr'>Eadem</span> <span class='ocrx_word' id='word_1_12' title='bbox 648 550 775 636; x_wconf 83' lang='lat' dir='ltr'>adme</span> <span class='ocrx_word' id='word_1_13' title='bbox 790 548 905 634; x_wconf 83' lang='lat' dir='ltr'>dixit:</span> <span class='ocrx_word' id='word_1_14' title='bbox 934 549 1094 633; x_wconf 88' lang='lat' dir='ltr'>Minima</span> <span class='ocrx_word' id='word_1_15' title='bbox 1114 553 1245 644; x_wconf 86' lang='lat' dir='ltr'>virtus,</span> <span class='ocrx_word' id='word_1_16' title='bbox 1266 571 1386 660; x_wconf 85' lang='lat' dir='ltr'>quam</span> <span class='ocrx_word' id='word_1_17' title='bbox 1403 557 1661 656; x_wconf 73' lang='lat' dir='ltr'>exercuima·</span> 
     </span>
     <span class='ocr_line' id='line_1_3' title="bbox 215 663 1181 781; baseline -0.016 -26"><span class='ocrx_word' id='word_1_18' title='bbox 215 677 276 781; x_wconf 89' lang='lat' dir='ltr'>jor</span> <span class='ocrx_word' id='word_1_19' title='bbox 299 664 373 753; x_wconf 91' lang='lat' dir='ltr'>fuit</span> <span class='ocrx_word' id='word_1_20' title='bbox 393 667 565 778; x_wconf 90' lang='lat' dir='ltr'>suprema</span> <span class='ocrx_word' id='word_1_21' title='bbox 580 668 721 750; x_wconf 89' lang='lat' dir='ltr'>virtute</span> <span class='ocrx_word' id='word_1_22' title='bbox 744 669 918 749; x_wconf 92' lang='lat' dir='ltr'>omnium</span> <span class='ocrx_word' id='word_1_23' title='bbox 942 663 1181 747; x_wconf 71' lang='lat' dir='ltr'>Sanctorum.</span> 
     </span>
    </p>

    <p class='ocr_par' dir='ltr' id='par_1_3' title="bbox 217 796 1706 1251">
     <span class='ocr_line' id='line_1_4' title="bbox 339 796 1659 910; baseline 0.005 -30"><span class='ocrx_word' id='word_1_24' title='bbox 339 821 459 905; x_wconf 87' lang='lat'>1204.</span> <span class='ocrx_word' id='word_1_25' title='bbox 488 799 565 880; x_wconf 90' lang='lat' dir='ltr'>Die</span> <span class='ocrx_word' id='word_1_26' title='bbox 581 798 702 898; x_wconf 88' lang='lat' dir='ltr'>Jovis,</span> <span class='ocrx_word' id='word_1_27' title='bbox 724 797 932 908; x_wconf 87' lang='lat' dir='ltr'>postquam</span> <span class='ocrx_word' id='word_1_28' title='bbox 953 800 1029 899; x_wconf 89' lang='lat' dir='ltr'>jam</span> <span class='ocrx_word' id='word_1_29' title='bbox 1052 820 1134 875; x_wconf 86' lang='lat' dir='ltr'>nox</span> <span class='ocrx_word' id='word_1_30' title='bbox 1161 796 1385 905; x_wconf 84' lang='lat' dir='ltr'>ingruerat,</span> <span class='ocrx_word' id='word_1_31' title='bbox 1408 797 1523 910; x_wconf 82' lang='lat' dir='ltr'>surgit</span> <span class='ocrx_word' id='word_1_32' title='bbox 1545 799 1659 888; x_wconf 89' lang='lat' dir='ltr'>Chri·</span> 
     </span>
     <span class='ocr_line' id='line_1_5' title="bbox 217 905 1706 1021; baseline 0.001 -23"><span class='ocrx_word' id='word_1_33' title='bbox 217 912 292 998; x_wconf 85' lang='lat' dir='ltr'>stus</span> <span class='ocrx_word' id='word_1_34' title='bbox 312 913 334 997; x_wconf 63' lang='lat' dir='ltr'>‘e</span> <span class='ocrx_word' id='word_1_35' title='bbox 354 906 589 1021; x_wconf 75' lang='lat' dir='ltr'>Coenaculo,</span> <span class='ocrx_word' id='word_1_36' title='bbox 608 914 646 992; x_wconf 84' lang='lat' dir='ltr'>dc</span> <span class='ocrx_word' id='word_1_37' title='bbox 667 905 845 994; x_wconf 86' lang='lat' dir='ltr'>valedicit</span> <span class='ocrx_word' id='word_1_38' title='bbox 861 911 988 992; x_wconf 75' lang='lat' dir='ltr'>Matri.</span> <span class='ocrx_word' id='word_1_39' title='bbox 1045 909 1099 990; x_wconf 83' lang='lat' dir='ltr'>Ea</span> <span class='ocrx_word' id='word_1_40' title='bbox 1117 911 1317 992; x_wconf 83' lang='lat' dir='ltr'>revertitur</span> <span class='ocrx_word' id='word_1_41' title='bbox 1331 915 1467 996; x_wconf 87' lang='lat' dir='ltr'>iterum</span> <span class='ocrx_word' id='word_1_42' title='bbox 1487 913 1538 996; x_wconf 93' lang='lat' dir='ltr'>ad</span> <span class='ocrx_word' id='word_1_43' title='bbox 1551 912 1658 1000; x_wconf 88' lang='lat' dir='ltr'>suum</span> <span class='ocrx_word' id='word_1_44' title='bbox 1704 945 1706 948; x_wconf 88' lang='lat'>·</span> 
     </span>
     <span class='ocr_line' id='line_1_6' title="bbox 219 1021 1659 1137; baseline 0.004 -29"><span class='ocrx_word' id='word_1_45' title='bbox 219 1021 452 1124; x_wconf 87' lang='lat' dir='ltr'>cubiculum,</span> <span class='ocrx_word' id='word_1_46' title='bbox 473 1024 494 1107; x_wconf 79' lang='grc' dir='ltr'><strong>ὲ</strong></span> <span class='ocrx_word' id='word_1_47' title='bbox 512 1049 597 1136; x_wconf 90' lang='lat' dir='ltr'>quo</span> <span class='ocrx_word' id='word_1_48' title='bbox 625 1028 757 1106; x_wconf 89' lang='lat' dir='ltr'>omnia</span> <span class='ocrx_word' id='word_1_49' title='bbox 779 1022 983 1135; x_wconf 72' lang='lat' dir='ltr'>viditque</span> <span class='ocrx_word' id='word_1_50' title='bbox 1003 1021 1176 1104; x_wconf 85' lang='lat' dir='ltr'>Christus</span> <span class='ocrx_word' id='word_1_51' title='bbox 1192 1030 1288 1133; x_wconf 75' lang='lat' dir='ltr'>egita</span> <span class='ocrx_word' id='word_1_52' title='bbox 1317 1024 1460 1137; x_wconf 88' lang='lat' dir='ltr'>quibus</span> <span class='ocrx_word' id='word_1_53' title='bbox 1476 1029 1659 1136; x_wconf 85' lang='lat' dir='ltr'>omnibus</span> 
     </span>
     <span class='ocr_line' id='line_1_7' title="bbox 219 1133 1582 1251; baseline -0.007 -26"><span class='ocrx_word' id='word_1_54' title='bbox 219 1143 334 1225; x_wconf 86' lang='lat' dir='ltr'>etiam</span> <span class='ocrx_word' id='word_1_55' title='bbox 356 1134 434 1251; x_wconf 90' lang='lat' dir='ltr'>ipsa</span> <span class='ocrx_word' id='word_1_56' title='bbox 459 1133 743 1247; x_wconf 84' lang='lat' dir='ltr'>cooperabatur</span> <span class='ocrx_word' id='word_1_57' title='bbox 774 1135 901 1220; x_wconf 90' lang='lat' dir='ltr'>modo</span> <span class='ocrx_word' id='word_1_58' title='bbox 929 1138 1199 1219; x_wconf 89' lang='lat' dir='ltr'>conveniente.</span> <span class='ocrx_word' id='word_1_59' title='bbox 1578 1209 1582 1216; x_wconf 87' lang='lat'>.</span> 
     </span>
    </p>

    <p class='ocr_par' dir='ltr' id='par_1_4' title="bbox 211 1261 1746 2398">
     <span class='ocr_line' id='line_1_8' title="bbox 336 1261 1657 1380; baseline 0.006 -32"><span class='ocrx_word' id='word_1_60' title='bbox 336 1289 459 1367; x_wconf 86' lang='lat'>¹²05·</span> <span class='ocrx_word' id='word_1_61' title='bbox 500 1264 672 1349; x_wconf 86' lang='lat' dir='ltr'>Christus</span> <span class='ocrx_word' id='word_1_62' title='bbox 706 1267 797 1349; x_wconf 87' lang='lat' dir='ltr'>exiit</span> <span class='ocrx_word' id='word_1_63' title='bbox 824 1263 847 1347; x_wconf 80' lang='grc' dir='ltr'>ὲ</span> <span class='ocrx_word' id='word_1_64' title='bbox 874 1261 1096 1348; x_wconf 87' lang='lat' dir='ltr'>Coenaculo</span> <span class='ocrx_word' id='word_1_65' title='bbox 1118 1289 1207 1349; x_wconf 89' lang='lat' dir='ltr'>cum</span> <span class='ocrx_word' id='word_1_66' title='bbox 1230 1264 1412 1349; x_wconf 88' lang='lat' dir='ltr'>omnibus</span> <span class='ocrx_word' id='word_1_67' title='bbox 1429 1266 1657 1380; x_wconf 83' lang='lat' dir='ltr'>Discipulis-;</span> 
     </span>
     <span class='ocr_line' id='line_1_9' title="bbox 217 1371 1658 1491; baseline 0.005 -27"><span class='ocrx_word' id='word_1_68' title='bbox 217 1376 340 1464; x_wconf 90' lang='lat' dir='ltr'>sedin</span> <span class='ocrx_word' id='word_1_69' title='bbox 360 1373 496 1491; x_wconf 86' lang='lat' dir='ltr'>plateis</span> <span class='ocrx_word' id='word_1_70' title='bbox 522 1371 632 1459; x_wconf 91' lang='lat' dir='ltr'>multi</span> <span class='ocrx_word' id='word_1_71' title='bbox 648 1372 797 1490; x_wconf 85' lang='lat' dir='ltr'>disperfi</span> <span class='ocrx_word' id='word_1_72' title='bbox 815 1374 897 1459; x_wconf 92' lang='lat' dir='ltr'>sunt</span> <span class='ocrx_word' id='word_1_73' title='bbox 913 1379 964 1463; x_wconf 89' lang='lat' dir='ltr'>ad</span> <span class='ocrx_word' id='word_1_74' title='bbox 983 1372 1046 1462; x_wconf 87' lang='lat' dir='ltr'>sua</span> <span class='ocrx_word' id='word_1_75' title='bbox 1070 1381 1253 1491; x_wconf 80' lang='lat' dir='ltr'>negotiat</span> <span class='ocrx_word' id='word_1_76' title='bbox 1282 1373 1352 1462; x_wconf 87' lang='lat' dir='ltr'>loli</span> <span class='ocrx_word' id='word_1_77' title='bbox 1371 1378 1584 1468; x_wconf 78' lang='lat' dir='ltr'>duodecim</span> <span class='ocrx_word' id='word_1_78' title='bbox 1599 1386 1658 1471; x_wconf 80' lang='lat' dir='ltr'>A·</span> 
     </span>
     <span class='ocr_line' id='line_1_10' title="bbox 215 1487 1656 1607; baseline 0.006 -31"><span class='ocrx_word' id='word_1_79' title='bbox 215 1487 357 1604; x_wconf 81' lang='lat' dir='ltr'>postoli</span> <span class='ocrx_word' id='word_1_80' title='bbox 401 1519 488 1574; x_wconf 88' lang='lat' dir='ltr'>eum</span> <span class='ocrx_word' id='word_1_81' title='bbox 535 1493 816 1574; x_wconf 88' lang='lat' dir='ltr'>comitabantur</span> <span class='ocrx_word' id='word_1_82' title='bbox 856 1496 896 1575; x_wconf 91' lang='lat' dir='ltr'>in</span> <span class='ocrx_word' id='word_1_83' title='bbox 932 1516 1111 1575; x_wconf 88' lang='lat' dir='ltr'>montem</span> <span class='ocrx_word' id='word_1_84' title='bbox 1146 1489 1319 1589; x_wconf 85' lang='lat' dir='ltr'>oliveti,</span> <span class='ocrx_word' id='word_1_85' title='bbox 1361 1498 1430 1607; x_wconf 89' lang='lat' dir='ltr'>qui</span> <span class='ocrx_word' id='word_1_86' title='bbox 1458 1495 1547 1580; x_wconf 87' lang='lat' dir='ltr'>sttus</span> <span class='ocrx_word' id='word_1_87' title='bbox 1575 1523 1656 1585; x_wconf 84' lang='lat' dir='ltr'>erat</span> 
     </span>
     <span class='ocr_line' id='line_1_11' title="bbox 217 1601 1657 1723; baseline 0.005 -33"><span class='ocrx_word' id='word_1_88' title='bbox 217 1604 342 1690; x_wconf 88' lang='lat' dir='ltr'>versus</span> <span class='ocrx_word' id='word_1_89' title='bbox 367 1611 581 1690; x_wconf 87' lang='lat' dir='ltr'>Orientem.</span> <span class='ocrx_word' id='word_1_90' title='bbox 663 1604 784 1704; x_wconf 83' lang='lat' dir='ltr'>Judas</span> <span class='ocrx_word' id='word_1_91' title='bbox 808 1627 936 1688; x_wconf 90' lang='lat' dir='ltr'>autem</span> <span class='ocrx_word' id='word_1_92' title='bbox 961 1601 1127 1714; x_wconf 76' lang='lat' dir='ltr'>permisit</span> <span class='ocrx_word' id='word_1_93' title='bbox 1149 1606 1344 1690; x_wconf 84' lang='lat' dir='ltr'>Christum</span> <span class='ocrx_word' id='word_1_94' title='bbox 1367 1612 1406 1689; x_wconf 81' lang='grc' dir='ltr'>δι</span> <span class='ocrx_word' id='word_1_95' title='bbox 1430 1603 1528 1693; x_wconf 90' lang='lat' dir='ltr'>alios</span> <span class='ocrx_word' id='word_1_96' title='bbox 1544 1613 1657 1723; x_wconf 82' lang='lat' dir='ltr'>Apo·</span> 
     </span>
     <span class='ocr_line' id='line_1_12' title="bbox 215 1715 1658 1831; baseline 0.005 -28"><span class='ocrx_word' id='word_1_97' title='bbox 215 1717 336 1804; x_wconf 73' lang='lat' dir='ltr'>stolon</span> <span class='ocrx_word' id='word_1_98' title='bbox 355 1719 594 1831; x_wconf 81' lang='lat' dir='ltr'>praecedere,</span> <span class='ocrx_word' id='word_1_99' title='bbox 624 1716 754 1802; x_wconf 90' lang='lat' dir='ltr'>donec</span> <span class='ocrx_word' id='word_1_100' title='bbox 788 1718 946 1802; x_wconf 84' lang='lat' dir='ltr'>tandem</span> <span class='ocrx_word' id='word_1_101' title='bbox 973 1745 1043 1802; x_wconf 85' lang='lat' dir='ltr'>eos</span> <span class='ocrx_word' id='word_1_102' title='bbox 1072 1745 1119 1802; x_wconf 87' lang='lat' dir='ltr'>ex</span> <span class='ocrx_word' id='word_1_103' title='bbox 1143 1715 1267 1802; x_wconf 90' lang='lat' dir='ltr'>oculis</span> <span class='ocrx_word' id='word_1_104' title='bbox 1288 1716 1461 1803; x_wconf 86' lang='lat' dir='ltr'>amiserit.</span> <span class='ocrx_word' id='word_1_105' title='bbox 1544 1729 1658 1810; x_wconf 84' lang='lat' dir='ltr'>Tunc</span> 
     </span>
     <span class='ocr_line' id='line_1_13' title="bbox 211 1825 1656 1943; baseline 0.004 -26"><span class='ocrx_word' id='word_1_106' title='bbox 211 1837 377 1917; x_wconf 85' lang='lat' dir='ltr'>concito·</span> <span class='ocrx_word' id='word_1_107' title='bbox 390 1829 496 1914; x_wconf 90' lang='lat' dir='ltr'>cursu</span> <span class='ocrx_word' id='word_1_108' title='bbox 511 1856 694 1943; x_wconf 85' lang='lat' dir='ltr'>properat</span> <span class='ocrx_word' id='word_1_109' title='bbox 710 1829 762 1914; x_wconf 88' lang='lat' dir='ltr'>ad</span> <span class='ocrx_word' id='word_1_110' title='bbox 779 1832 1023 1917; x_wconf 83' lang='lat' dir='ltr'>Sacerdotes.</span> <span class='ocrx_word' id='word_1_111' title='bbox 1104 1835 1149 1915; x_wconf 95' lang='lat' dir='ltr'>In</span> <span class='ocrx_word' id='word_1_112' title='bbox 1169 1837 1230 1917; x_wconf 87' lang='lat' dir='ltr'>via</span> <span class='ocrx_word' id='word_1_113' title='bbox 1245 1825 1300 1915; x_wconf 90' lang='lat' dir='ltr'>illi</span> <span class='ocrx_word' id='word_1_114' title='bbox 1318 1837 1484 1916; x_wconf 88' lang='lat' dir='ltr'>occurrit</span> <span class='ocrx_word' id='word_1_115' title='bbox 1501 1837 1656 1923; x_wconf 85' lang='lat' dir='ltr'>Lucifer</span> 
     </span>
     <span class='ocr_line' id='line_1_14' title="bbox 213 1940 1746 2061; baseline 0.004 -30"><span class='ocrx_word' id='word_1_116' title='bbox 213 1950 254 2031; x_wconf 89' lang='lat' dir='ltr'>in</span> <span class='ocrx_word' id='word_1_117' title='bbox 276 1942 403 2055; x_wconf 90' lang='lat' dir='ltr'>specie</span> <span class='ocrx_word' id='word_1_118' title='bbox 426 1946 591 2029; x_wconf 87' lang='lat' dir='ltr'>humana</span> <span class='ocrx_word' id='word_1_119' title='bbox 613 1946 781 2029; x_wconf 88' lang='lat' dir='ltr'>hominis</span> <span class='ocrx_word' id='word_1_120' title='bbox 803 1940 957 2052; x_wconf 82' lang='lat' dir='ltr'>alicujus</span> <span class='ocrx_word' id='word_1_121' title='bbox 976 1943 1087 2047; x_wconf 79' lang='lat' dir='ltr'>Judae</span> <span class='ocrx_word' id='word_1_122' title='bbox 1110 1943 1301 2045; x_wconf 84' lang='lat' dir='ltr'>norisstmi,</span> <span class='ocrx_word' id='word_1_123' title='bbox 1326 1971 1411 2029; x_wconf 91' lang='lat' dir='ltr'>cum</span> <span class='ocrx_word' id='word_1_124' title='bbox 1428 1973 1515 2061; x_wconf 91' lang='lat' dir='ltr'>quo</span> <span class='ocrx_word' id='word_1_125' title='bbox 1536 1954 1655 2037; x_wconf 87' lang='lat' dir='ltr'>etiam</span> <span class='ocrx_word' id='word_1_126' title='bbox 1743 2053 1746 2056; x_wconf 81' lang='lat'>.</span> 
     </span>
     <span class='ocr_line' id='line_1_15' title="bbox 211 2055 1672 2254; baseline 0.005 -112"><span class='ocrx_word' id='word_1_127' title='bbox 211 2056 413 2254; x_wconf 69' lang='lat' dir='ltr'>ponsrlium</span> <span class='ocrx_word' id='word_1_128' title='bbox 436 2055 542 2142; x_wconf 89' lang='lat' dir='ltr'>suum</span> <span class='ocrx_word' id='word_1_129' title='bbox 568 2060 621 2141; x_wconf 90' lang='lat' dir='ltr'>de</span> <span class='ocrx_word' id='word_1_130' title='bbox 641 2057 853 2169; x_wconf 90' lang='lat' dir='ltr'>prodendo</span> <span class='ocrx_word' id='word_1_131' title='bbox 870 2060 1053 2169; x_wconf 86' lang='lat' dir='ltr'>Magistro</span> <span class='ocrx_word' id='word_1_132' title='bbox 1072 2062 1433 2146; x_wconf 86' lang='lat' dir='ltr'>communicaverat.</span> <span class='ocrx_word' id='word_1_133' title='bbox 1514 2066 1559 2147; x_wconf 92' lang='lat' dir='ltr'>ln</span> <span class='ocrx_word' id='word_1_134' title='bbox 1581 2065 1672 2150; x_wconf 82' lang='lat' dir='ltr'>hac·</span> 
     </span>
     <span class='ocr_line' id='line_1_16' title="bbox 234 2167 1656 2288; baseline 0.007 -34"><span class='ocrx_word' id='word_1_135' title='bbox 234 2200 342 2256; x_wconf 90' lang='lat' dir='ltr'>orma</span> <span class='ocrx_word' id='word_1_136' title='bbox 360 2171 502 2275; x_wconf 84' lang='lat' dir='ltr'>Judam</span> <span class='ocrx_word' id='word_1_137' title='bbox 524 2167 728 2286; x_wconf 87' lang='lat' dir='ltr'>alloquens</span> <span class='ocrx_word' id='word_1_138' title='bbox 754 2176 825 2256; x_wconf 87' lang='lat' dir='ltr'>ait:</span> <span class='ocrx_word' id='word_1_139' title='bbox 866 2169 936 2256; x_wconf 89' lang='lat' dir='ltr'>fibi</span> <span class='ocrx_word' id='word_1_140' title='bbox 958 2171 1120 2285; x_wconf 90' lang='lat' dir='ltr'>quidem</span> <span class='ocrx_word' id='word_1_141' title='bbox 1148 2171 1198 2257; x_wconf 86' lang='lat' dir='ltr'>ab</span> <span class='ocrx_word' id='word_1_142' title='bbox 1227 2175 1339 2257; x_wconf 76' lang='lat' dir='ltr'>butio</span> <span class='ocrx_word' id='word_1_143' title='bbox 1361 2167 1542 2288; x_wconf 80' lang='lat' dir='ltr'>placuisse</span> <span class='ocrx_word' id='word_1_144' title='bbox 1575 2180 1656 2266; x_wconf 90' lang='lat' dir='ltr'>hoc</span> 
     </span>
     <span class='ocr_line' id='line_1_17' title="bbox 216 2279 1566 2398; baseline -0.006 -27"><span class='ocrx_word' id='word_1_145' title='bbox 216 2281 437 2384; x_wconf 82' lang='lat' dir='ltr'>confilium3</span> <span class='ocrx_word' id='word_1_146' title='bbox 463 2311 565 2371; x_wconf 92' lang='lat' dir='ltr'>nunc</span> <span class='ocrx_word' id='word_1_147' title='bbox 583 2310 713 2370; x_wconf 84' lang='lat' dir='ltr'>autem</span> <span class='ocrx_word' id='word_1_148' title='bbox 738 2279 777 2371; x_wconf 90' lang='lat' dir='ltr'>se</span> <span class='ocrx_word' id='word_1_149' title='bbox 797 2280 894 2371; x_wconf 89' lang='lat' dir='ltr'>illud</span> <span class='ocrx_word' id='word_1_150' title='bbox 910 2285 1133 2398; x_wconf 84' lang='lat' dir='ltr'>improbare</span> <span class='ocrx_word' id='word_1_151' title='bbox 1158 2331 1177 2352; x_wconf 92' lang='lat'>-</span> <span class='ocrx_word' id='word_1_152' title='bbox 1492 2285 1494 2289; x_wconf 72' lang='grc'>’</span> <span class='ocrx_word' id='word_1_153' title='bbox 1564 2358 1566 2363; x_wconf 85' lang='grc'>.</span> 
     </span>
    </p>

    <p class='ocr_par' dir='ltr' id='par_1_5' title="bbox 214 2408 1655 2852">
     <span class='ocr_line' id='line_1_18' title="bbox 335 2408 1655 2529; baseline 0.005 -30"><span class='ocrx_word' id='word_1_154' title='bbox 335 2444 457 2517; x_wconf 84' lang='lat'>1213.</span> <span class='ocrx_word' id='word_1_155' title='bbox 492 2413 623 2514; x_wconf 84' lang='lat' dir='ltr'>Calix,</span> <span class='ocrx_word' id='word_1_156' title='bbox 644 2443 765 2529; x_wconf 89' lang='lat' dir='ltr'>quem</span> <span class='ocrx_word' id='word_1_157' title='bbox 785 2414 1109 2502; x_wconf 84' lang='lat' dir='ltr'>Christus&#39;bibere</span> <span class='ocrx_word' id='word_1_158' title='bbox 1131 2408 1271 2513; x_wconf 90' lang='lat' dir='ltr'>noluit,</span> <span class='ocrx_word' id='word_1_159' title='bbox 1292 2441 1374 2502; x_wconf 87' lang='lat' dir='ltr'>erat</span> <span class='ocrx_word' id='word_1_160' title='bbox 1393 2416 1553 2506; x_wconf 78' lang='lat' dir='ltr'>afflielio</span> <span class='ocrx_word' id='word_1_161' title='bbox 1574 2418 1655 2524; x_wconf 90' lang='lat' dir='ltr'>illa,</span> 
     </span>
     <span class='ocr_line' id='line_1_19' title="bbox 215 2526 1654 2641; baseline 0.006 -29"><span class='ocrx_word' id='word_1_162' title='bbox 215 2554 333 2641; x_wconf 92' lang='lat' dir='ltr'>quam</span> <span class='ocrx_word' id='word_1_163' title='bbox 355 2528 541 2615; x_wconf 86' lang='lat' dir='ltr'>sentiebat</span> <span class='ocrx_word' id='word_1_164' title='bbox 570 2558 617 2614; x_wconf 86' lang='lat' dir='ltr'>ex</span> <span class='ocrx_word' id='word_1_165' title='bbox 640 2554 720 2629; x_wconf 88' lang='lat' dir='ltr'>eo,</span> <span class='ocrx_word' id='word_1_166' title='bbox 754 2530 869 2639; x_wconf 83' lang='lat' dir='ltr'>quod</span> <span class='ocrx_word' id='word_1_167' title='bbox 898 2526 960 2613; x_wconf 87' lang='lat' dir='ltr'>sua</span> <span class='ocrx_word' id='word_1_168' title='bbox 989 2527 1107 2639; x_wconf 82' lang='lat' dir='ltr'>palsto</span> <span class='ocrx_word' id='word_1_169' title='bbox 1131 2554 1213 2613; x_wconf 92' lang='lat' dir='ltr'>non</span> <span class='ocrx_word' id='word_1_170' title='bbox 1235 2527 1360 2614; x_wconf 81' lang='lat' dir='ltr'>soltlm</span> <span class='ocrx_word' id='word_1_171' title='bbox 1382 2529 1427 2616; x_wconf 83' lang='lat' dir='ltr'>sit</span> <span class='ocrx_word' id='word_1_172' title='bbox 1445 2529 1573 2617; x_wconf 88' lang='lat' dir='ltr'>sutura</span> <span class='ocrx_word' id='word_1_173' title='bbox 1593 2540 1654 2621; x_wconf 92' lang='lat' dir='ltr'>in·</span> 
     </span>
     <span class='ocr_line' id='line_1_20' title="bbox 214 2637 1655 2774; baseline 0.006 -47"><span class='ocrx_word' id='word_1_174' title='bbox 214 2639 404 2774; x_wconf 69' lang='lat' dir='ltr'>spueiuosa</span> <span class='ocrx_word' id='word_1_175' title='bbox 416 2671 491 2760; x_wconf 89' lang='lat' dir='ltr'>pro</span> <span class='ocrx_word' id='word_1_176' title='bbox 515 2642 759 2742; x_wconf 84' lang='lat' dir='ltr'>damnandis,</span> <span class='ocrx_word' id='word_1_177' title='bbox 775 2638 842 2728; x_wconf 87' lang='lat' dir='ltr'>scd</span> <span class='ocrx_word' id='word_1_178' title='bbox 860 2645 974 2732; x_wconf 82' lang='lat' dir='ltr'>etiam</span> <span class='ocrx_word' id='word_1_179' title='bbox 992 2637 1066 2728; x_wconf 87' lang='lat' dir='ltr'>illis</span> <span class='ocrx_word' id='word_1_180' title='bbox 1085 2639 1213 2728; x_wconf 83' lang='lat' dir='ltr'>futura</span> <span class='ocrx_word' id='word_1_181' title='bbox 1231 2648 1273 2728; x_wconf 90' lang='lat' dir='ltr'>in</span> <span class='ocrx_word' id='word_1_182' title='bbox 1294 2649 1480 2753; x_wconf 86' lang='lat' dir='ltr'>majorem</span> <span class='ocrx_word' id='word_1_183' title='bbox 1496 2647 1655 2736; x_wconf 81' lang='lat' dir='ltr'>damna·</span> 
     </span>
     <span class='ocr_line' id='line_1_21' title="bbox 216 2781 379 2852; baseline 0.012 -9"><span class='ocrx_word' id='word_1_184' title='bbox 216 2781 379 2852; x_wconf 77' lang='lat' dir='ltr'>tionem.</span> 
     </span>
    </p>

    <p class='ocr_par' dir='ltr' id='par_1_6' title="bbox 214 2881 1654 3457">
     <span class='ocr_line' id='line_1_22' title="bbox 336 2881 1653 3003; baseline 0.005 -31"><span class='ocrx_word' id='word_1_185' title='bbox 336 2916 457 2992; x_wconf 81' lang='lat'>1214.</span> <span class='ocrx_word' id='word_1_186' title='bbox 484 2892 621 3003; x_wconf 86' lang='lat' dir='ltr'>ltaque</span> <span class='ocrx_word' id='word_1_187' title='bbox 639 2891 764 2973; x_wconf 91' lang='lat' dir='ltr'>oratio</span> <span class='ocrx_word' id='word_1_188' title='bbox 785 2881 851 2972; x_wconf 87' lang='lat' dir='ltr'>illa</span> <span class='ocrx_word' id='word_1_189' title='bbox 869 2887 1012 2973; x_wconf 86' lang='lat' dir='ltr'>Christi</span> <span class='ocrx_word' id='word_1_190' title='bbox 1029 2885 1081 2970; x_wconf 91' lang='lat' dir='ltr'>ad</span> <span class='ocrx_word' id='word_1_191' title='bbox 1100 2889 1251 2971; x_wconf 86' lang='lat' dir='ltr'>Patrem</span> <span class='ocrx_word' id='word_1_192' title='bbox 1268 2885 1441 2974; x_wconf 88' lang='lat' dir='ltr'>habebat</span> <span class='ocrx_word' id='word_1_193' title='bbox 1454 2888 1558 2976; x_wconf 88' lang='lat' dir='ltr'>hunc</span> <span class='ocrx_word' id='word_1_194' title='bbox 1569 2888 1653 2979; x_wconf 87' lang='lat' dir='ltr'>sen·</span> 
     </span>
     <span class='ocr_line' id='line_1_23' title="bbox 216 2997 1652 3100; baseline -0.001 -11"><span class='ocrx_word' id='word_1_195' title='bbox 216 2999 322 3095; x_wconf 76' lang='lat' dir='ltr'>sums</span> <span class='ocrx_word' id='word_1_196' title='bbox 344 3029 387 3090; x_wconf 88' lang='lat' dir='ltr'>ut</span> <span class='ocrx_word' id='word_1_197' title='bbox 403 3010 513 3088; x_wconf 84' lang='lat' dir='ltr'>Pater</span> <span class='ocrx_word' id='word_1_198' title='bbox 534 3028 601 3088; x_wconf 91' lang='lat' dir='ltr'>aut</span> <span class='ocrx_word' id='word_1_199' title='bbox 626 3007 791 3087; x_wconf 90' lang='lat' dir='ltr'>omnino</span> <span class='ocrx_word' id='word_1_200' title='bbox 813 3001 836 3085; x_wconf 73' lang='lat' dir='ltr'>d</span> <span class='ocrx_word' id='word_1_201' title='bbox 856 2998 893 3085; x_wconf 90' lang='lat' dir='ltr'>sc</span> <span class='ocrx_word' id='word_1_202' title='bbox 910 2997 1067 3086; x_wconf 88' lang='lat' dir='ltr'>tolleret</span> <span class='ocrx_word' id='word_1_203' title='bbox 1090 3005 1193 3084; x_wconf 89' lang='lat' dir='ltr'>hunc</span> <span class='ocrx_word' id='word_1_204' title='bbox 1221 2998 1406 3099; x_wconf 82' lang='lat' dir='ltr'>calicem,</span> <span class='ocrx_word' id='word_1_205' title='bbox 1428 3005 1469 3085; x_wconf 94' lang='lat' dir='ltr'>id</span> <span class='ocrx_word' id='word_1_206' title='bbox 1493 3008 1559 3100; x_wconf 89' lang='lat' dir='ltr'>est,</span> <span class='ocrx_word' id='word_1_207' title='bbox 1576 3009 1652 3089; x_wconf 90' lang='lat' dir='ltr'>do-</span> 
     </span>
     <span class='ocr_line' id='line_1_24' title="bbox 214 3115 1654 3227; baseline 0.001 -26"><span class='ocrx_word' id='word_1_208' title='bbox 214 3115 342 3203; x_wconf 92' lang='lat' dir='ltr'>lorem</span> <span class='ocrx_word' id='word_1_209' title='bbox 357 3116 548 3204; x_wconf 89' lang='lat' dir='ltr'>moriendi</span> <span class='ocrx_word' id='word_1_210' title='bbox 564 3145 637 3227; x_wconf 91' lang='lat' dir='ltr'>pro</span> <span class='ocrx_word' id='word_1_211' title='bbox 660 3115 905 3204; x_wconf 83' lang='lat' dir='ltr'>damnandiss</span> <span class='ocrx_word' id='word_1_212' title='bbox 932 3129 1012 3211; x_wconf 85' lang='lat' dir='ltr'>aut,</span> <span class='ocrx_word' id='word_1_213' title='bbox 1035 3115 1062 3198; x_wconf 85' lang='lat' dir='ltr'>st</span> <span class='ocrx_word' id='word_1_214' title='bbox 1077 3139 1181 3199; x_wconf 91' lang='lat' dir='ltr'>mors</span> <span class='ocrx_word' id='word_1_215' title='bbox 1199 3117 1438 3216; x_wconf 87' lang='lat' dir='ltr'>inevitabilis,</span> <span class='ocrx_word' id='word_1_216' title='bbox 1454 3141 1496 3199; x_wconf 88' lang='lat' dir='ltr'>ut</span> <span class='ocrx_word' id='word_1_217' title='bbox 1513 3146 1654 3203; x_wconf 84' lang='lat' dir='ltr'>omnes</span> 
     </span>
     <span class='ocr_line' id='line_1_25' title="bbox 215 3225 1652 3340; baseline -0.001 -24"><span class='ocrx_word' id='word_1_218' title='bbox 215 3229 452 3321; x_wconf 82' lang='lat' dir='ltr'>salvarentur.</span> <span class='ocrx_word' id='word_1_219' title='bbox 479 3282 496 3318; x_wconf 92' lang='lat'>.-</span> <span class='ocrx_word' id='word_1_220' title='bbox 551 3233 631 3316; x_wconf 89' lang='lat' dir='ltr'>Sed</span> <span class='ocrx_word' id='word_1_221' title='bbox 652 3234 842 3316; x_wconf 85' lang='lat' dir='ltr'>Divinitas</span> <span class='ocrx_word' id='word_1_222' title='bbox 865 3225 1047 3340; x_wconf 79' lang='lat' dir='ltr'>reposuit,</span> <span class='ocrx_word' id='word_1_223' title='bbox 1069 3238 1147 3339; x_wconf 86' lang='lat' dir='ltr'>jam</span> <span class='ocrx_word' id='word_1_224' title='bbox 1169 3229 1244 3313; x_wconf 84' lang='lat' dir='ltr'>elle</span> <span class='ocrx_word' id='word_1_225' title='bbox 1261 3232 1505 3314; x_wconf 84' lang='lat' dir='ltr'>constitutum</span> <span class='ocrx_word' id='word_1_226' title='bbox 1524 3235 1652 3321; x_wconf 84' lang='lat' dir='ltr'>deter-</span> 
     </span>
     <span class='ocr_line' id='line_1_26' title="bbox 215 3345 1009 3457; baseline -0.008 -25"><span class='ocrx_word' id='word_1_227' title='bbox 215 3352 402 3432; x_wconf 82' lang='lat' dir='ltr'>minatum</span> <span class='ocrx_word' id='word_1_228' title='bbox 423 3371 624 3433; x_wconf 88' lang='lat' dir='ltr'>numerum</span> <span class='ocrx_word' id='word_1_229' title='bbox 646 3345 1009 3457; x_wconf 70' lang='lat' dir='ltr'>predestinatorum.</span> 
     </span>
    </p>
   </div>
   <div class='ocr_carea' id='block_1_3' title="bbox 335 3475 1652 3593">
    <p class='ocr_par' dir='ltr' id='par_1_7' title="bbox 335 3475 1652 3593">
     <span class='ocr_line' id='line_1_27' title="bbox 335 3475 1652 3593; baseline 0.003 -27"><span class='ocrx_word' id='word_1_230' title='bbox 335 3497 456 3567; x_wconf 80' lang='lat'>1216.</span> <span class='ocrx_word' id='word_1_231' title='bbox 483 3487 595 3567; x_wconf 89' lang='lat' dir='ltr'>Pater</span> <span class='ocrx_word' id='word_1_232' title='bbox 609 3482 705 3567; x_wconf 89' lang='lat' dir='ltr'>mifit</span> <span class='ocrx_word' id='word_1_233' title='bbox 723 3477 806 3567; x_wconf 92' lang='lat' dir='ltr'>filio</span> <span class='ocrx_word' id='word_1_234' title='bbox 827 3475 1108 3593; x_wconf 82' lang='lat' dir='ltr'>Archangelum</span> <span class='ocrx_word' id='word_1_235' title='bbox 1127 3479 1371 3582; x_wconf 87' lang='lat' dir='ltr'>Michaelem,</span> <span class='ocrx_word' id='word_1_236' title='bbox 1386 3507 1431 3568; x_wconf 89' lang='lat' dir='ltr'>ut</span> <span class='ocrx_word' id='word_1_237' title='bbox 1446 3487 1538 3568; x_wconf 86' lang='lat' dir='ltr'>eum</span> <span class='ocrx_word' id='word_1_238' title='bbox 1551 3509 1652 3570; x_wconf 72' lang='lat' dir='ltr'>con-</span> 
     </span>
    </p>
   </div>
   <div class='ocr_carea' id='block_1_4' title="bbox 217 3593 1790 3711">
    <p class='ocr_par' dir='ltr' id='par_1_8' title="bbox 217 3593 1790 3711">
     <span class='ocr_line' id='line_1_28' title="bbox 217 3593 1790 3711; baseline -0.001 -27"><span class='ocrx_word' id='word_1_239' title='bbox 217 3595 428 3694; x_wconf 84' lang='lat' dir='ltr'>solaretur,</span> <span class='ocrx_word' id='word_1_240' title='bbox 457 3621 503 3680; x_wconf 88' lang='lat' dir='ltr'>ac</span> <span class='ocrx_word' id='word_1_241' title='bbox 529 3622 575 3680; x_wconf 89' lang='lat' dir='ltr'>ea</span> <span class='ocrx_word' id='word_1_242' title='bbox 607 3593 707 3680; x_wconf 88' lang='lat' dir='ltr'>illius</span> <span class='ocrx_word' id='word_1_243' title='bbox 740 3596 905 3680; x_wconf 74' lang='lat' dir='ltr'>sensibus</span> <span class='ocrx_word' id='word_1_244' title='bbox 937 3600 1094 3680; x_wconf 89' lang='lat' dir='ltr'>internis</span> <span class='ocrx_word' id='word_1_245' title='bbox 1118 3623 1386 3710; x_wconf 89' lang='lat' dir='ltr'>proponeret,</span> <span class='ocrx_word' id='word_1_246' title='bbox 1411 3627 1499 3711; x_wconf 85' lang='lat' dir='ltr'>quae</span> <span class='ocrx_word' id='word_1_247' title='bbox 1519 3604 1653 3685; x_wconf 86' lang='lat' dir='ltr'>animae</span> <span class='ocrx_word' id='word_1_248' title='bbox 1784 3679 1790 3683; x_wconf 79' lang='grc'><strong><em>,</em></strong></span> 
     </span>
    </p>
   </div>
   <div class='ocr_carea' id='block_1_5' title="bbox 215 3704 1661 4268">
    <p class='ocr_par' dir='ltr' id='par_1_9' title="bbox 215 3704 1661 4250">
     <span class='ocr_line' id='line_1_29' title="bbox 217 3704 1654 3826; baseline 0 -29"><span class='ocrx_word' id='word_1_249' title='bbox 217 3715 358 3797; x_wconf 87' lang='lat' dir='ltr'>Christi</span> <span class='ocrx_word' id='word_1_250' title='bbox 373 3719 447 3815; x_wconf 86' lang='lat' dir='ltr'>jam</span> <span class='ocrx_word' id='word_1_251' title='bbox 474 3714 577 3821; x_wconf 86' lang='lat' dir='ltr'>prius</span> <span class='ocrx_word' id='word_1_252' title='bbox 601 3736 708 3794; x_wconf 83' lang='lat' dir='ltr'>erant</span> <span class='ocrx_word' id='word_1_253' title='bbox 731 3733 845 3799; x_wconf 81' lang='lat' dir='ltr'>notas</span> <span class='ocrx_word' id='word_1_254' title='bbox 883 3704 947 3796; x_wconf 91' lang='lat' dir='ltr'>illa</span> <span class='ocrx_word' id='word_1_255' title='bbox 973 3713 1130 3807; x_wconf 90' lang='lat' dir='ltr'>notitia,</span> <span class='ocrx_word' id='word_1_256' title='bbox 1157 3739 1275 3826; x_wconf 88' lang='lat' dir='ltr'>quam</span> <span class='ocrx_word' id='word_1_257' title='bbox 1301 3711 1352 3794; x_wconf 88' lang='lat' dir='ltr'>ab</span> <span class='ocrx_word' id='word_1_258' title='bbox 1375 3707 1519 3825; x_wconf 86' lang='lat' dir='ltr'>angelo</span> <span class='ocrx_word' id='word_1_259' title='bbox 1542 3739 1654 3797; x_wconf 85' lang='lat' dir='ltr'>acce-</span> 
     </span>
     <span class='ocr_line' id='line_1_30' title="bbox 216 3819 1653 3941; baseline 0.001 -32"><span class='ocrx_word' id='word_1_260' title='bbox 216 3832 287 3939; x_wconf 91' lang='lat' dir='ltr'>pit,</span> <span class='ocrx_word' id='word_1_261' title='bbox 313 3849 393 3910; x_wconf 90' lang='lat' dir='ltr'>erat</span> <span class='ocrx_word' id='word_1_262' title='bbox 411 3819 736 3936; x_wconf 74' lang='lat' dir='ltr'>experimentalist</span> <span class='ocrx_word' id='word_1_263' title='bbox 772 3849 817 3909; x_wconf 88' lang='lat' dir='ltr'>ea</span> <span class='ocrx_word' id='word_1_264' title='bbox 834 3847 985 3919; x_wconf 89' lang='lat' dir='ltr'>autem,</span> <span class='ocrx_word' id='word_1_265' title='bbox 1038 3848 1125 3906; x_wconf 90' lang='lat' dir='ltr'>uam</span> <span class='ocrx_word' id='word_1_266' title='bbox 1146 3831 1248 3941; x_wconf 88' lang='lat' dir='ltr'>prius</span> <span class='ocrx_word' id='word_1_267' title='bbox 1278 3822 1434 3920; x_wconf 86' lang='lat' dir='ltr'>habuit,</span> <span class='ocrx_word' id='word_1_268' title='bbox 1454 3850 1537 3908; x_wconf 82' lang='lat' dir='ltr'>erat</span> <span class='ocrx_word' id='word_1_269' title='bbox 1559 3825 1653 3910; x_wconf 88' lang='lat' dir='ltr'>alte·</span> 
     </span>
     <span class='ocr_line' id='line_1_31' title="bbox 215 3851 1661 4052; baseline 0 -28"><span class='ocrx_word' id='word_1_270' title='bbox 215 3945 291 4024; x_wconf 89' lang='lat' dir='ltr'>rius</span> <span class='ocrx_word' id='word_1_271' title='bbox 319 3943 481 4052; x_wconf 84' lang='lat' dir='ltr'>generis.</span> <span class='ocrx_word' id='word_1_272' title='bbox 537 3938 796 4023; x_wconf 87' lang='lat' dir='ltr'>Enumerabat</span> <span class='ocrx_word' id='word_1_273' title='bbox 809 3939 850 4022; x_wconf 87' lang='lat' dir='ltr'>S.</span> <span class='ocrx_word' id='word_1_274' title='bbox 872 3851 1043 4022; x_wconf 68' lang='lat' dir='ltr'>Michall</span> <span class='ocrx_word' id='word_1_275' title='bbox 1065 3939 1215 4022; x_wconf 88' lang='lat' dir='ltr'>Christo</span> <span class='ocrx_word' id='word_1_276' title='bbox 1238 3938 1356 4038; x_wconf 91' lang='lat' dir='ltr'>bona,</span> <span class='ocrx_word' id='word_1_277' title='bbox 1373 3963 1462 4050; x_wconf 85' lang='lat' dir='ltr'>quae</span> <span class='ocrx_word' id='word_1_278' title='bbox 1483 3937 1661 4024; x_wconf 69' lang='lat' dir='ltr'>secutura·</span> 
     </span>
     <span class='ocr_line' id='line_1_32' title="bbox 216 4047 1653 4250; baseline -0.002 -110"><span class='ocrx_word' id='word_1_279' title='bbox 216 4078 326 4144; x_wconf 83' lang='lat' dir='ltr'>cram</span> <span class='ocrx_word' id='word_1_280' title='bbox 349 4077 397 4138; x_wconf 88' lang='lat' dir='ltr'>cx</span> <span class='ocrx_word' id='word_1_281' title='bbox 418 4047 588 4165; x_wconf 84' lang='lat' dir='ltr'>paffione</span> <span class='ocrx_word' id='word_1_282' title='bbox 609 4052 830 4140; x_wconf 81' lang='lat' dir='ltr'>Dominiet·</span> <span class='ocrx_word' id='word_1_283' title='bbox 911 4048 1098 4250; x_wconf 55' lang='lat' dir='ltr'>Adplpbpt</span> <span class='ocrx_word' id='word_1_284' title='bbox 1117 4057 1233 4138; x_wconf 87' lang='lat' dir='ltr'>etiam</span> <span class='ocrx_word' id='word_1_285' title='bbox 1256 4048 1328 4139; x_wconf 87' lang='lat' dir='ltr'>alia</span> <span class='ocrx_word' id='word_1_286' title='bbox 1353 4053 1542 4167; x_wconf 83' lang='lat' dir='ltr'>mysteria,</span> <span class='ocrx_word' id='word_1_287' title='bbox 1564 4079 1653 4164; x_wconf 81' lang='lat' dir='ltr'>qua</span> 
     </span>
    </p>

    <p class='ocr_par' dir='ltr' id='par_1_10' title="bbox 1112 4190 1651 4268">
     <span class='ocr_line' id='line_1_33' title="bbox 1112 4190 1651 4268; baseline -0.011 -13"><span class='ocrx_word' id='word_1_288' title='bbox 1112 4192 1132 4268; x_wconf 80' lang='lat'><em>3</em></span> <span class='ocrx_word' id='word_1_289' title='bbox 1569 4190 1651 4256; x_wconf 87' lang='lat' dir='ltr'>oon</span> 
     </span>
    </p>
   </div>
   <div class='ocr_carea' id='block_1_6' title="bbox 0 0 1902 4994">
    <p class='ocr_par' dir='ltr' id='par_1_11' title="bbox 0 0 1902 4994">
     <span class='ocr_line' id='line_1_34' title="bbox 0 0 1902 4994; baseline 0 1"><span class='ocrx_word' id='word_1_290' title='bbox 0 0 1902 4994; x_wconf 95' lang='lat' dir='ltr'> </span> 
     </span>
    </p>
   </div>
  </div>
 </body>
</html>
