3772 4988
210 274 311 378 144
589 258 894 359 Revelationes
929 206 989 360 S
1013 259 1256 360 Gerrradir.

203 476 253 540 ea
279 452 566 561 nanifembar,
623 488 666 548 ut
696 460 777 548 aliis
812 461 1047 549 manifestata
1091 461 1255 546 fraretum
1301 463 1413 546 DEO
1446 455 1640 545 referrent.

210 576 259 653 C.
290 587 329 662 8·
356 597 443 682 quar
467 578 504 657 in
525 572 632 660 sacris
654 573 759 661 libris
783 578 949 662 salutaria
970 580 1132 688 reperit,
1175 572 1380 668 intelleeln,
1397 600 1529 658 tamen
1548 570 1644 657 diffi-

215 678 301 767 cilia
322 710 472 768 mutato
494 715 588 771 mox
615 686 699 774 ililo
723 687 846 775 latino
878 688 1039 775 faciliori
1067 686 1301 801 intelligendi
1329 689 1457 772 modo
1485 685 1646 772 lcribens

217 800 353 993 ffiinup·
370 805 497 995 periftis
523 797 627 886 utilia
654 804 844 999 redgisdita
860 917 885 1000 fi
902 805 959 942 his
990 829 1115 888 autern
1145 804 1468 997 occupppionpbus
1502 827 1549 885 ac
1579 802 1647 882 llu-

261 937 292 993 rs
343 939 417 994 rern
484 944 501 995 r

132 1018 141 1025 ”
216 1021 415 1110 fastidiose
441 938 903 1138 peroliiiuiffbraevililclo}
925 930 1556 1138 :ulililliclliiueirpilanlirlloetuiiai
1574 934 1651 1108 caellt

218 1139 260 1222 ti
315 1136 538 1251 colligendo
586 1140 720 1243 utilia,
785 1144 928 1258 quibus
966 1149 1232 1254 proximonum
1270 1164 1523 1250 promoveret
1561 1133 1653 1222 salu·

127 1358 135 1367 .
221 1274 314 1336 tem.
418 1258 495 1338 En!
533 1257 665 1340 Studia
691 1258 834 1341 idonea
856 1260 906 1340 ad
929 1258 1186 1339 ordinandam
1212 1259 1253 1337 in
1279 1250 1459 1336 sublimes
1487 1277 1653 1360 concep-

222 1386 286 1447 tus
304 1367 549 1477 phantafiam.
628 1372 836 1456 Videamus
865 1395 968 1455 nunc
987 1365 1317 1479 imperfcdiiones‚
1345 1382 1655 1481 quaepotuerunt

224 1475 453 1580 ciccano,
482 1504 549 1568 cur
571 1485 682 1567 Deus
703 1486 938 1596 permitteret
954 1478 1167 1566 illusiones.

341 1636 386 1719 L.
416 1664 451 1720 r.
479 1636 529 1719 C.
559 1666 598 1738 4.
627 1635 783 1721 dicitur:
840 1633 1079 1731 Accidia‘ut
1102 1632 1277 1747 quaedam
1294 1630 1454 1732 devora,
1484 1654 1604 1743 atque
1620 1629 1657 1708 in

143 1798 149 1810 ·
227 1744 506 1833 revelationum
534 1749 745 1834 divinarum
772 1755 890 1862 gratia
912 1744 1074 1831 multum
1099 1745 1269 1856 pcrfcdla
1301 1744 1431 1829 odore
1464 1743 1583 1828 bonac
1607 1736 1656 1823 la-

227 1888 298 1946 mae
323 1870 439 1945 tracia
463 1890 511 1945 ex
535 1859 756 1975 longinquo
780 1863 1044 1946 monasterium
1070 1860 1273 1944 Gertrudis
1299 1858 1539 1942 accederet:
1563 1859 1659 1969 Qaia

229 2001 326 2060 vero
351 1970 489 2057 nullius
510 1975 566 2057 ibi
587 1975 756 2061 hnbebat
770 1979 1054 2087 cognitionem,
1082 1977 1233 2084 rogavit
1244 1973 1485 2069 Dominum,
1517 1976 1660 2074 utcjus-

230 2087 342 2173 modi
378 2085 446 2170 libi
467 2092 649 2201 virginem
670 2094 710 2172 in
734 2084 978 2199 colloquium
1014 2083 1195 2186 sociaret,
1245 2086 1294 2170 ex
1326 2111 1406 2197 qua
1437 2087 1571 2168 animae
1599 2077 1661 2165 sua

232 2201 399 2286 hauriret
415 2194 627 2284 utilitatem.
735 2203 813 2287 Cui
837 2204 1031 2285 Dominus
1066 2226 1153 2283 cum
1175 2194 1239 2282 rcs
1258 2198 1443 2299 onderet,
1474 2223 1559 2282 earn
1583 2219 1660 2308 qua
1694 2283 1697 2289 ,

236 2314 310 2399 tibr
331 2315 408 2397 hoc
429 2318 467 2396 in
489 2309 581 2396 loco
609 2308 781 2399 ailcderit
807 2319 952 2427 prima,
980 2310 1073 2397 scito
1096 2314 1188 2396 mihi
1238 2306 1472 2395 deliffimam.
1557 2307 1661 2393 Acci·

235 2429 318 2527 dit,
355 2451 397 2510 ut
420 2427 632 2511 Gertrudes
650 2422 705 2511 illi
722 2427 1044 2538 primaallrderet.
1128 2429 1205 2509 En!
1249 2426 1553 2508 communicatio
1584 2446 1663 2506 cum

232 2539 443 2641 ¹trisronariis
465 2542 577 2624 etiarn
602 2545 759 2629 exterisa
797 2545 836 2624 in
862 2541 1093 2624 monasterio
1113 2547 1214 2622 enim
1239 2563 1346 2623 erant
1368 2535 1565 2649 plurimae,
1604 2537 1665 2616 eti·

237 2680 300 2740 am
325 2650 487 2738 curiosae.
546 2682 580 2737 ν.
602 2683 640 2766 g.
662 2660 708 2739 C.
734 2683 796 2738 10.
818 2655 964 2738 dicitur.
1041 2652 1238 2760 Quadam
1258 2652 1403 2735 devota
1421 2653 1573 2761 rogavit
1587 2648 1666 2729 Do·

238 2771 401 2868 minum,
430 2791 473 2850 ut
494 2766 711 2879 dignaretur
730 2764 876 2878 aliquid
898 2769 1070 2849 nuntiare
1088 2765 1271 2850 Gertrudi
1292 2792 1361 2876 per
1378 2761 1546 2872 seipsam.
1602 2763 1667 2844 Re·

79 2862 86 2871 ’
130 2954 133 2959 .
188 2916 193 2926 ·
238 2875 394 2991 spondit
416 2880 633 2963 Dominus:
692 2886 781 2964 Hoc
805 2876 858 2963 illi
885 2879 1076 2964 nuntiabis
1100 2905 1148 2963 ex
1171 2906 1246 2961 me.
1317 2873 1481 2963 Pulchra
1498 2878 1540 2958 &
1557 2900 1666 2961 amca*

237 3019 300 3079 na.
357 2994 434 3078 En!
477 2993 691 3078 vilionarias
720 2993 893 3077 curiosas.

359 3162 409 3246 C.
445 3189 510 3263 ¹4·
554 3162 661 3242 Dum
692 3156 906 3241 Gertrudes
939 3103 1094 3240 sederet·
1113 3152 1221 3267 super
1248 3154 1412 3266 copioso
1434 3157 1624 3250 stramine,
1648 3146 1671 3236 i

243 3273 488 3385 quandoque
507 3277 542 3356 ei
564 3273 586 3355 ὲ
609 3271 784 3355 manibus
814 3268 1005 3353 laberetur
1028 3267 1150 3365 stilus,
1177 3292 1247 3350 aur
1271 3292 1382 3368 acus,
1413 3273 1673 3384 perexiguum·

243 3413 327 3497 que
351 3381 514 3497 aliquid,
542 3386 669 3496 quod,
699 3386 765 3466 ubi
793 3406 897 3466 tanta
920 3379 1011 3466 essct
1035 3385 1217 3468 straminis
1241 3387 1461 3495 congeries,
1484 3409 1606 3469 nemo
1625 3379 1673 3462 di·

55 3557 71 3571 .
201 3588 205 3599 ,
246 3498 437 3608 gnabatur
463 3522 645 3608 quarere,
675 3518 895 3608 propterea,
920 3497 1034 3608 quod
1064 3498 1219 3605 reperiri
1239 3491 1520 3604 desperaretur,
1546 3497 1675 3581 curuis

245 3609 692 3705 audientibusdiccbatr
731 3611 905 3693 Domine
926 3612 1002 3705 da,
1032 3634 1075 3693 ut
1102 3615 1305 3692 inveniam.
1373 3613 1470 3694 liaec
1493 3610 1625 3697 dicens
1643 3631 1677 3689 a·

246 3719 360 3804 verfis
386 3715 508 3805 oculis
528 3720 624 3805 misit
647 3748 801 3805 manum
830 3726 1006 3804 Domino
1025 3749 1110 3807 eam
1134 3744 1317 3836 regente,
1339 3725 1382 3806 dt
1403 3750 1505 3812 mox
1521 3724 1676 3812 &aaut

65 3933 70 3938 ⁸
154 3956 158 3962 .
250 3837 331 3922 lin!
359 3831 517 3935 fadum,
538 3836 653 3948 quod
669 3829 750 3919 aliis
769 3862 851 3920 non
876 3832 1019 3921 liceret·

1558 4069 1607 4159 C·
1631 4089 1683 4164 17·
