3796 4994
218 372 314 473 ¹9²
585 472 588 477 Ι
650 322 822 474 Reguli
842 367 898 438 ex
921 342 965 442 S.
996 329 1203 475 sbereste.

214 541 331 631 Deo'a
367 542 478 627 timet
508 554 659 639 tamen,
699 570 751 627 ne
766 538 948 628 illudatur
978 541 1002 629 i
1026 542 1228 629 doemone.
1290 538 1491 648 Ejusmodi
1516 543 1651 630 enine

215 656 327 739 Deus
355 660 468 739 mam
498 653 650 740 confert
677 658 714 740 in
745 684 812 739 cnr
841 654 1082 755 desiderium,
1112 682 1200 741 eum
1227 682 1302 741 nec
1327 658 1368 737 in
1397 656 1562 742 minimo
1592 655 1653 741 ol·

214 767 418 867 studendi,
448 773 571 851 immo
597 794 672 853 nec
692 683 807 853 ullam
837 769 1172 877 imperieciionem
1195 767 1524 866 committendis
1549 766 1653 853 foret

214 878 412 995 polfibile5
450 887 540 964 hinc
568 877 685 966 vellet
708 879 843 995 sugere
861 878 1081 967 societatem
1103 882 1306 967 hominum
1328 885 1369 962 dc
1396 880 1545 965 invidet
1564 886 1652 967 Ere-

215 1000 317 1079 mitis
338 999 377 1079 in
398 991 566 1093 deserto,
590 1023 637 1079 ex
664 991 781 1080 altera
804 997 899 1080 verb
926 1020 1033 1106 parte
1054 989 1172 1079 vellet
1191 1000 1232 1077 in
1259 991 1412 1078 mundo
1435 1003 1567 1101 juvare
1604 994 1654 1082 ad

213 1104 373 1192 salutem
402 1112 612 1192 animarum
646 1105 776 1192 saltem
815 1112 960 1204 unicae,
998 1104 1111 1191 dolet
1149 1108 1219 1193 ob·
1233 1107 1504 1192 conditionem
1531 1106 1653 1207 sads,

214 1222 331 1335 quod
357 1223 435 1304 hoc
458 1224 628 1331 praestare
651 1236 734 1307 non
760 1221 894 1333 poffit,
930 1221 1160 1333 inuidetque
1183 1220 1327 1333 quibus
1351 1220 1394 1303 id
1419 1214 1522 1306 licet
1574 1226 1653 1308 Ve-

211 1362 263 1421 re
289 1339 421 1448 itaque
443 1334 588 1418 liciases
610 1335 689 1419 fine
711 1334 836 1419 dubio
862 1333 1013 1419 causa-nt
1040 1337 1114 1418 hos
1138 1328 1298 1419 effecius
1324 1360 1408 1417 non
1433 1339 1537 1423 enim
1559 1360 1655 1420 con·

213 1446 343 1531 sistunt
368 1455 405 1530 in
434 1447 627 1532 desideriis
660 1449 969 1551 transeuntibus,
996 1443 1063 1533 sed
1088 1446 1305 1531 constanter
1326 1449 1654 1560 permanentibus,

214 1565 257 1643 dc
286 1559 418 1642 oblata
446 1562 648 1645 occasione
683 1562 959 1675 operantibus,
988 1587 1036 1645 ex
1064 1582 1149 1674 quo
1192 1564 1308 1674 proin
1345 1556 1562 1673 colligitur,
1592 1589 1654 1647 eat

212 1698 299 1759 non
319 1669 427 1755 fuisse
455 1676 522 1757 nisr
553 1703 644 1759 vere
668 1674 846 1776 divinas,
875 1700 1007 1787 neque
1027 1676 1140 1791 quod
1163 1676 1291 1757 anima
1309 1669 1564 1760 nihilominus
1585 1703 1653 1761 vo·

211 1781 316 1870 lente
338 1791 430 1873 Deo
457 1785 656 1874 humiliare
675 1794 753 1896 qur
776 1786 989 1903 superbiam
1011 1784 1124 1899 possit
1143 1783 1310 1901 relinqui
1329 1792 1367 1870 io
1388 1789 1588 1887 ariditate,
1607 1793 1653 1874 ti·

212 1927 349 1997 more,
378 1907 418 1982 δι
448 1903 771 2007 conturbationct
808 1918 858 1989 ex
887 1902 968 1986 hoc
998 1898 1080 2013 ipso
1111 1903 1215 1984 enim
1240 1905 1485 2012 ingeneratur
1522 1908 1654 1990 enimc

214 2019 393 2126 cognitio
421 2012 474 2098 sui
502 2012 623 2112 nihili,
653 2021 694 2098 dc
721 2015 984 2101 misericordiae
1012 2014 1160 2098 divinae.
1192 2012 1195 2018 ’
1222 2016 1498 2099 communiter
1515 2038 1655 2102 tamen

213 2135 343 2211 mima
365 2129 419 2211 est
442 2134 482 2211 in
508 2126 758 2239 dispositione
783 2134 925 2239 priore.
983 2128 1180 2212 Interdum
1208 2154 1295 2209 cum
1324 2124 1484 2238 praefato
1507 2129 1654 2214 deside·

212 2245 273 2324 rio
302 2238 341 2323 se
364 2240 527 2323 uniendi
550 2267 636 2322 cum
668 2240 761 2323 Deo
780 2236 880 2324 solet
903 2245 1017 2324 etiam
1035 2240 1187 2325 infundi
1213 2236 1492 2353 inexplicabilis
1518 2240 1669 2339 lubilru.

212 2378 261 2437 ac
286 2353 484 2465 gaudium,
513 2378 598 2466 quo
620 2355 796 2437 incitatur
818 2354 869 2443 ad
885 2350 1124 2438 laudandum
1145 2356 1294 2445 Deuma
1323 2380 1415 2437 tunc
1432 2351 1547 2439 nullo
1567 2383 1653 2441 mo·

213 2466 271 2551 do
292 2467 470 2565 dubitat,
498 2461 536 2551 se
559 2464 636 2551 elle
661 2470 702 2550 in
733 2470 828 2551 statu
860 2464 1014 2558 securoc
1060 2475 1101 2552 dc
1128 2495 1220 2552 meo
1244 2469 1391 2570 iudicio
1414 2468 1456 2551 id
1486 2474 1653 2571 metitoa

212 2606 305 2665 nam
327 2575 405 2663 tale
428 2580 612 2692 gaudium
635 2585 677 2664 in
704 2585 837 2667 intima
847 2606 969 2777 parte
995 2587 1128 2664 animae
1156 2587 1401 2688 conjunclum
1434 2608 1524 2666 cum
1551 2608 1654 2667 tanta

214 2717 313 2804 pace
342 2698 380 2774 dc
409 2698 675 2778 incitamento·
697 2695 748 2778 ad
782 2689 845 2778 lau
876 2721 919 2778 es
957 2694 1104 2779 divinas
1130 2696 1185 2779 est
1210 2689 1441 2805 impoffibile
1470 2695 1609 2780 causari
1632 2694 1654 2782 l

213 2806 416 2891 doemone.
474 2804 623 2891 Ibidem
641 2808 691 2893 C.
713 2829 750 2904 8.
771 2803 943 2920 loquens
963 2809 1015 2891 de
1039 2805 1165 2920 seipsa,
1189 2830 1376 2921 tanquam
1401 2809 1454 2892 de
1479 2805 1554 2894 alia
1572 2806 1655 2921 per·

214 2915 336 3014 sona,
369 2943 521 3021 narrat,
559 2920 673 3033 quod
696 2916 822 3032 longo
848 2945 1028 3035 tempore
1053 2948 1123 3033 per
1149 2918 1332 3005 visionem
1357 2918 1655 3010 intellectualem

214 3032 356 3117 viderit
374 3033 565 3117 Christum
584 3033 690 3146 quast
708 3030 926 3146 praesentem
947 3060 992 3119 ac
1009 3034 1078 3119 suo
1100 3030 1207 3119 lateri
1227 3037 1494 3122 cohaerentem.
1542 3044 1655 3121 'ocu-

214 3141 261 3230 lis
285 3151 509 3259 corporeis,
537 3151 685 3258 inquit,
712 3144 806 3230 nihil
834 3148 983 3231 viderat
991 3209 1006 3252 ‚
1039 3143 1276 3263 intelligebat
1299 3172 1427 3232 nmen
1447 3150 1655 3248 certiffime,

216 3261 411 3345 Christum
445 3255 540 3356 elle,
565 3264 617 3343 ira
651 3285 694 3346 ut
718 3260 896 3344 dubitare
925 3288 1009 3345 non
1032 3267 1218 3371 potuerit,
1248 3259 1471 3371 presertim,
1494 3264 1656 3375 quando

217 3374 390 3458 Christus
410 3373 462 3455 ad
483 3368 743 3457 discutiendos
769 3381 925 3458 timores
944 3369 999 3459 illi
1021 3372 1047 3459 d
1066 3370 1314 3460 Confessariis
1334 3400 1519 3487 proptera
1533 3382 1657 3461 incru-

217 3479 280 3569 sos
307 3484 482 3569 dicebat:
500 3512 504 3517 ·
523 3483 629 3571 Nolo
659 3491 810 3584 timere,
839 3513 906 3600 ego
929 3486 1042 3599 fiem-
1080 3491 1152 3571 His
1177 3489 1310 3571 verbis·
1333 3493 1384 3571 ita
1410 3486 1657 3574 confortaba-

217 3619 293 3696 tur,
317 3621 358 3679 ut
378 3595 592 3682 nullatenus
612 3606 782 3707 potuerit
808 3602 996 3686 dubitare.
1050 3601 1200 3684 Exinde
1219 3607 1332 3685 etiam
1357 3605 1588 3688 incitabatur
1611 3600 1658 3687 ad

215 3731 441 3821 perpetuam
464 3718 689 3796 memoriam
718 3717 810 3816 Dei,
839 3716 889 3798 eb
944 3714 1028 3800 uod
1050 3712 1197 3825 semper
1213 3714 1282 3797 sabi
1306 3714 1424 3798 visum
1441 3715 1499 3812 fit,
1527 3718 1672 3801 Deum·

216 3829 258 3906 iu
282 3820 321 3906 se
344 3818 553 3934 respicerea
597 3831 636 3907 dt
662 3832 753 3938 quia
775 3829 933 3912 adverte
963 3852 1029 3923 at,
1051 3825 1200 3938 semper
1221 3828 1414 3912 Christum
1442 3826 1574 3915 adesse
1593 3825 1661 3915 suo

216 3935 356 4021 dextro
374 3930 504 4038 lateri,
529 3964 613 4022 non
635 3941 796 4052 quidem
817 3939 943 4021 modo
976 3934 1140 4023 sensibus
1161 3940 1422 4051 perceptibili,
1450 3941 1519 4026 sed
1545 3941 1663 4027 subti-¹

216 4044 319 4150 liori,
347 4055 418 4164 qui
446 4047 628 4165 explicari
651 4059 813 4167 nequit,
841 4051 976 4164 coipso
1004 4078 1135 4138 tamen
1166 4057 1346 4141 certioria
1386 4057 1429 4139 in
1455 4054 1527 4142 illo
1535 4082 1664 4256 {paup
