3796 4994
107 294 109 299 ⁵
225 340 324 443 154
672 309 846 445 Regula
869 334 926 407 ex
956 297 1232 409 merbachia.

749 557 955 693 CAP.
1029 550 1152 693 IX.
1214 655 1219 666 ,

340 822 343 827 ’
408 809 682 992 Regulae
748 809 1019 1112 Jodnnist
1036 806 1041 821 '
1087 800 1479 945 Rusbrochii

232 1030 272 1057 ··
853 1038 931 1113 an.
1021 1033 1097 1143 eg.
1172 1080 1177 1085 -

379 1292 521 1426 ligula
564 1319 604 1390 i.
667 1280 795 1389 Non
828 1279 898 1387 est
933 1278 1242 1435 credendum
1279 1280 1673 1399 revelationibus

218 1286 375 1667 R
413 1461 592 1538 earum
641 1427 974 1566 personarum
995 1500 1025 1554 ,l
1055 1460 1170 1567 quae
1218 1427 1412 1564 semper
1463 1431 1676 1540 tantum

414 1581 740 1717 experiuntur
768 1567 1103 1683 revelationes
1129 1601 1188 1676 ac
1212 1571 1425 1678 vifiones
1455 1572 1543 1677 sub
1574 1574 1676 1712 spe-

220 1723 392 1832 ciebus
431 1746 603 1823 rerum
638 1709 971 1829 sensibilium,
1011 1715 1098 1816 nifi
1139 1721 1454 1854 inquantum
1479 1747 1572 1820 *eae
1607 1751 1676 1822 re·

221 1868 499 1974 velationes
570 1864 839 1964 continent
913 1865 1148 1962 veritates
1223 1857 1422 1965 aliunde
1501 1883 1675 1969 certas·

218 2008 289 2100 Dr
314 2007 472 2094 Ornarii
500 2001 627 2115 Spiris.
653 1998 782 2110 Illupl.
805 1999 849 2082 L
870 2026 910 2081 a.
938 2003 986 2082 C.
1011 2025 1080 2100 ars
1100 1998 1151 2084 fic
1171 1999 1312 2086 baberi
1358 1998 1443 2085 Sub
1465 2001 1544 2086 lioc
1562 2029 1673 2087 amo·

205 2133 269 2223 „vis
290 2128 379 2206 aestu
408 2113 587 2204 nonnulli
609 2118 802 2199 interdum
827 2111 935 2224 supra
951 2108 1076 2198 sensus
1097 2118 1139 2197 in
1162 2117 1347 2227 Spiritum
1367 2118 1596 2227 rapiunturr
1636 2123 1675 2203 dt

217 2236 284 2327 vel
312 2240 451 2320 dicitur
475 2236 529 2318 eis
553 2229 700 2317 verbisr
731 2222 794 2312 vel
814 2222 881 2310 sub
903 2224 1054 2326 formis,
1083 2234 1124 2312 &
1154 2227 1462 2316 similitudinibus
1483 2237 1673 2347 proponi·

218 2379 283 2443 tur
304 2358 360 2437 eis
384 2345 516 2464 aliqua
539 2349 677 2429 vetitas
694 2341 772 2427 five
795 2369 870 2452 pro
891 2339 1059 2453 ipsorum
1081 2368 1147 2428 aut
1170 2341 1336 2430 aliorum
1357 2345 1588 2433 necessitate.
1640 2348 1672 2435 l·
1696 2380 1697 2385 ¹

217 2463 552 2558 &revelationes
574 2484 640 2546 aut
663 2456 827 2544 visiones
850 2457 927 2542 dici
944 2452 1096 2550 solenti
1121 2487 1209 2573 quae
1231 2458 1260 2545 fi
1279 2456 1347 2544 sub
1365 2467 1567 2574 corporeis
1579 2460 1673 2550 liant

162 2682 164 2689 ,
217 2579 425 2672 fimulacris
449 2585 486 2663 ἃ
511 2578 771 2690 imaginibus,
794 2575 836 2657 in
850 2573 1056 2685 phantasia
1078 2579 1327 2685 recipiuntur.
1399 2579 1448 2662 Er
1467 2576 1551 2664 haec
1575 2583 1674 2666 inte·

216 2705 290 2790 tini
304 2691 484 2811 Angelici
511 2695 671 2804 Spiritus
697 2693 839 2774 virtute
855 2690 936 2775 Dei
962 2693 1004 2772 in
1034 2690 1258 2775 bominibus
1286 2687 1466 2779 efficiunt.
1523 2695 1594 2780 Sin
1610 2720 1673 2778 au·

216 2839 300 2904 tem
328 2809 397 2900 sub
427 2802 639 2896 intelledili
666 2809 850 2902 veritate,
890 2829 957 2888 aut
984 2799 1238 2917 spiritalibus,
1281 2807 1527 2922 iisdemque,
1555 2833 1601 2894 ut
1625 2809 1674 2915 fic

218 2932 372 3027 dicam,
399 2915 852 3036 incomprehensibilibus
886 2916 979 3001 fiant
1005 2916 1336 3023 similitudinibus,
1364 2923 1509 3036 quibus
1535 2925 1673 3012 DEUS

211 3044 346 3135 'modo
371 3041 553 3159 quodam>
576 3027 956 3147 incomprehenfibili
976 3028 1013 3117 se
1037 3033 1228 3134 ostendat,
1250 3030 1448 3123 intellectu
1468 3034 1673 3152 suscipiun-

214 3187 291 3251 tur.
313 3209 336 3241 .-
391 3153 601 3269 Quosdam
620 3153 794 3235 invenite
815 3142 926 3249 licet,
948 3149 1094 3262 quibus
1112 3150 1287 3236 incidant
1308 3145 1442 3250 multa,
1470 3176 1537 3237 aut
1561 3151 1673 3269 inspi-

58 3292 68 3350 ἰ
214 3302 371 3372 rentur,
402 3275 554 3387 quique
579 3269 791 3379 opinentur
813 3259 949 3367 multa,
979 3269 1020 3347 &
1046 3269 1139 3350 mira
1167 3261 1384 3368 somnient,
1405 3268 1554 3354 tametsi
1576 3266 1673 3356 sem·

76 3482 90 3490 ,
215 3422 288 3509 per
313 3387 407 3475 foris
435 3391 603 3473 liaereant
638 3384 679 3466 in
715 3376 891 3464 sensibus.
963 3379 1019 3465 At
1054 3383 1111 3464 isti
1146 3386 1288 3465 amoris
1320 3385 1447 3466 aelium
1473 3389 1668 3497 ignorant,

214 3500 547 3622 quandoquidem
583 3490 814 3609 multiplices
843 3490 940 3579 sunt.
1009 3489 1171 3583 Possunt
1198 3497 1282 3579 haec
1307 3501 1345 3580 ἃ
1369 3524 1417 3582 cx
1438 3510 1574 3584 natura
1595 3501 1671 3615 ipsa
1705 3497 1711 3505 ’

145 3699 150 3705 .
215 3620 408 3715 accidere,
429 3609 491 3701 vei
512 3612 727 3708 bonorum,
754 3602 817 3693 vel
840 3603 1030 3697 maiorum
1054 3604 1250 3722 spirituum
1277 3638 1410 3724 opera.
1467 3618 1673 3728 Quatenus

215 3740 331 3853 igitur
351 3760 439 3816 cum
461 3731 618 3838 Scriptis
643 3727 782 3809 divinis
807 3728 849 3806 δι
881 3728 1043 3810 veritate
1077 3722 1344 3828 consentiunt,
1373 3751 1533 3812 eatenus
1552 3728 1671 3815 fidem

180 3846 477 3939 ‘commodare
515 3840 587 3927 illis
615 3836 734 3930 licets
769 3837 886 3954 quod
924 3837 952 3923 fi
988 3841 1076 3954 quis
1112 3865 1248 3952 prater
1286 3869 1333 3926 ea
1370 3837 1529 3928 aliunde
1569 3870 1670 3931 certi

216 3968 422 4173 puppam
463 3958 519 4047 eis
554 3954 725 4054 tribuere
761 3947 878 4052 velit,
914 3949 1030 4066 facile
1064 3955 1097 4041 is
1133 3959 1293 4068 poterit
1320 3963 1362 4042 in
1400 3985 1572 4046 errorem
1610 3964 1667 4046 in·

249 4108 324 4170 uci.

215 4181 235 4196 δ’

1236 4344 1246 4363 ,
1405 4229 1433 4378 ἰ
1499 4265 1669 4400 Regula
