3796 4994
38 3238 43 3250 ·
219 3190 308 3279 uice
329 3190 482 3277 executi

230 298 333 417 370
585 286 787 383 nevelo.
810 284 1073 417 deAgredt.
1102 288 1216 381 Pars
1236 288 1294 381 11.

350 497 474 576 roca.
499 488 816 603 Mariatanquatn
827 486 1426 600 coadjutrirClrristiinnegotio
1441 485 1684 604 redemptio·

229 602 305 704 nir,
327 608 369 691 dt
389 610 432 691 in
445 608 553 718 Lege
570 608 675 689 Euan
704 598 800 687 elica
815 599 1015 695 undando
1030 600 1135 689 suam
1151 616 1302 715 partem
1320 596 1494 701 fideliter
1505 602 1687 698 contulit.

228 722 285 809 Ea
307 720 498 805 christum
514 744 574 803 ter
596 630 863 823 Jerogsolimam
889 714 942 803 ad
965 712 1106 803 festum
1132 709 1312 803 Paschale
1336 738 1528 830 tempore
1555 718 1689 833 predi·

229 838 392 927 eatiouir
420 835 609 917 comitata·
631 830 737 949 estu
829 854 835 865 ·

259 944 266 959 ’
348 974 472 1049 1066.
509 962 555 1047 In
572 960 703 1065 Judm
723 982 819 1046 tunc
837 958 1011 1047 christus
1030 958 1202 1073 baptizat
1227 958 1301 1047 suia
1322 982 1390 1047 aut
1410 954 1688 1077 discipulorum

227 1076 427 1277 meipburt
454 1082 494 1161 δι
516 1074 663 1171 eodem
679 1098 858 1191 tempore
879 1076 1052 1189 baptizat
1077 1080 1196 1161 etiam
1215 1080 1393 1183 Joannes
1416 1080 1461 1163 in
1482 1080 1623 1165 Eccon
1640 1080 1687 1167 ad

226 1197 299 1299 Jor
328 1196 407 1277 atris
436 1194 466 1275 ri
496 1216 572 1275 am.

287 1344 292 1371 ·-
345 1218 493 1421 1067.p
501 1310 670 1419 Luciser,
690 1317 778 1401 crim
792 1328 877 1400 non
898 1308 1123 1429 agnosceret
1145 1310 1348 1405 discrimen
1370 1320 1474 1405 inter
1494 1302 1687 1425 Ioannem

227 1438 268 1521 δι
291 1434 501 1533 Christum,
523 1440 720 1519 conuocat
741 1426 951 1517 concilium
973 1432 1211 1519 doemonum
1232 1430 1387 1521 diceusr
1416 1432 1602 1523 Circeius
1620 1436 1686 1522 sie·

226 1574 314 1637 rum
341 1552 461 1635 totam
483 1554 629 1633 terram
655 1590 676 1613 ·

266 1778 273 1789 Ι
347 1686 471 1773 1068.
523 1668 762 1771 Dormoncn
792 1670 938 1788 quibua
963 1670 1119 1763 Lucifer
1144 1668 1369 1787 promiserat
1397 1698 1546 1791 magna
1578 1705 1682 1791 pror·

226 1792 318 1889 mia,
347 1816 430 1874 non
457 1808 641 1903 poterant
671 1810 804 1873 tamen
832 1784 982 1903 aliquid
1007 1788 1263 1874 determinate
1282 1786 1453 1875 'statuere
1481 1790 1537 1875 de
1564 1798 1681 1897 Joan·

224 1930 277 1993 ue
304 1908 343 1989 δι
372 1904 541 1989 Christo.
567 1948 587 1969 ·
657 1902 832 1991 Christus
870 1900 1041 1987 studiosi
1076 1902 1259 1988 Lucifero
1300 1900 1511 1990 abscondit
1551 1902 1679 2022 aliqua

225 2014 422 2115 miracula,
447 2042 498 2103 nc
526 2009 752 2129 agnosceret
779 2040 914 2099 verum
943 2014 1145 2101 discrimen
1171 2020 1274 2103 inter
1298 2014 1337 2101 se
1364 2020 1404 2101 tr
1432 2020 1647 2119 Joanuem.

239 2146 244 2162 '
349 2174 469 2245 1071.
501 2140 655 2229 Lucifer
680 2148 870 2257 instigavit
899 2146 1168 2233 Herodiadem
1198 2172 1333 2231 contra
1358 2148 1574 2247 Joannem.
1628 2152 1677 2237 Ea

224 2264 340 2377 proin
361 2256 470 2349 suasu
498 2258 673 2356 Herodi,
702 2283 744 2342 ut
766 2260 1069 2375 decapitaretur,
1088 2264 1298 2377 postquam
1320 2260 1429 2367 idem
1465 2256 1553 2351 aliis
1575 2268 1678 2351 variis

223 2374 356 2465 modis
371 2382 448 2483 sam
464 2372 594 2487 saepius
616 2396 845 2461 tentaverat.

174 2588 178 2595 ,
218 2615 286 2704 ’.Β
343 2528 469 2621 ro7a.
506 2506 554 2590 u.
582 2504 708 2619 Virgo
734 2500 987 2609 mifitJoauni
1012 2528 1085 2619 per
1109 2502 1200 2593 suos
1224 2498 1388 2619 angelos
1415 2507 1460 2592 in
1489 2530 1677 2597 currerem

220 2646 258 2709 cr
287 2644 347 2707 os.

343 2758 424 2831 107
430 2759 467 2835 3.
504 2732 678 2817 Christus
699 2736 740 2817 ἀ
758 2734 803 2815 Β.
829 2734 954 2845 Virgo
974 2730 1101 2817 modo
1120 2724 1309 2831 invifibssi,
1328 2754 1506 2820 tuamen
1537 2758 1674 2849 eorpo-

221 2840 308 2935 ralit
391 2867 599 2957 portantur
620 2848 663 2929 in
679 2870 868 2929 carcerem
895 2847 947 2930 ad
967 2852 1172 2951 Joannem,
1191 2846 1258 2932 ubi
1280 2874 1370 2931 eum
1390 2852 1594 2959 reperiunt
1610 2856 1673 2935 rni-

222 2956 304 3049 seri
342 2964 522 3045 auiatum.
580 2960 685 3045 Nam
710 2952 887 3057 adultera
910 2954 984 3043 suia
1005 2954 1121 3046 servir
1166 2962 1334 3074 recepit,
1361 2982 1407 3054 ut
1429 2988 1526 3049 euru
1549 2960 1674 3079 flagel-

219 3072 357 3167 larent.
414 3070 482 3159 Ob
502 3074 620 3273 puori
639 3065 762 3159 ¹tribua
786 3072 933 3161 vicibus
951 3068 1017 3161 sex
1035 3070 1114 3161 fam
1161 3076 1277 3163 'hoc
1297 3074 1530 3171 mandatum
1548 3102 1670 3195 tyran·

518 3209 601 3273 unt.

339 3320 465 3417 1074·
523 3315 701 3427 Quando
723 3340 856 3405 autem
888 3316 1063 3405 Christus
1091 3324 1133 3403 dt
1162 3324 1208 3406 B.
1235 3322 1360 3433 Virgo
1385 3324 1499 3408 venir
1527 3324 1571 3409 in
1597 3351 1672 3409 car·

217 3460 361 3635 cerpm,
389 3455 533 3519 catenoe
559 3432 783 3519 ceciderunt
813 3430 868 3521 de
892 3440 976 3543 cius
1000 3460 1183 3549 corpore,
1215 3436 1257 3519 dc
1279 3430 1441 3553 vulnera
1465 3444 1551 3541 ejus
1570 3436 1671 3525 sana

217 3570 258 3635 ta
304 3570 384 3634 [intr

337 3684 462 3771 1076.
490 3668 669 3785 Quando
683 3674 853 3775 Joanner
879 3668 955 3760 suit
977 3672 1241 3789 decapitatur,
1268 3674 1445 3763 Christus
1461 3680 1507 3763 in
1524 3706 1671 3767 carcere

212 3781 375 3985 praesens
399 3781 473 3873 suia
497 3786 840 3901 brachiumcepir
865 3812 1032 3905 corpusr
1073 3796 1117 3874 B.
1141 3796 1266 3901 Virgo
1287 3814 1419 3875 autem
1448 3788 1527 3879 suis
1552 3801 1670 3881 mani·

245 3928 287 3986 us
303 3906 453 4011 excepit
467 3924 581 4012 caput
600 3898 758 3986 recisum
779 3896 880 3989 ense.
935 3904 1042 3989 Cum
1060 3928 1191 3989 autem
1215 3900 1350 3989 famuli
1366 3910 1473 3991 inter
1489 3906 1531 3997 se
1553 3936 1668 3997 certa·

212 4040 312 4117 rent,
333 4019 420 4131 quis
441 4041 578 4102 corum
596 4019 704 4130 prior
724 4014 894 4103 deferret
909 4040 1027 4130 caput
1042 4018 1092 4104 ad
1104 4017 1386 4120 Herodiadem‚
1408 4048 1513 4111 unus
1535 4053 1665 4111 eorum

1511 4162 1663 4257 arrrput
