3796 4994
588 322 789 422 Revelat.
817 318 869 416 de
892 315 1082 457 Agreda.
1105 238 1222 418 bars
1238 322 1301 461 ll.
1568 352 1633 451 34
1640 344 1669 448 3'

331 556 431 632 703.
468 533 509 614 B.
528 529 652 639 Virgo
669 529 711 610 in
730 531 860 610 anima
883 527 1089 611 divinizata
1114 527 1257 614 Chrislr'
1275 526 1545 639 hocagnovit.

333 685 431 760 714.
462 660 571 741 Deus
599 657 784 753 decrevit,
815 681 857 742 ut
884 661 927 740 B.
958 662 1082 771 Virgo
1115 653 1207 745 esset
1222 654 1497 770 perfectissima
1524 655 1669 775 effigies

215 772 288 860 suae
306 776 487 888 imaginis
504 778 734 868 lucarnatae,
758 777 797 854 dc
824 768 1134 884 perfecilsiimum
1155 769 1352 887 exemplar
1381 799 1604 860 ceterorum
1626 775 1672 863 li·

216 884 392 987 delium,
422 886 473 972 src
494 913 535 971 ut
557 913 679 971 mater
703 891 742 971 dc
765 883 866 972 filios
889 882 1009 971 essent
1032 914 1131 974 verae
1152 889 1238 974 duae
1264 883 1433 986 tabulae,
1460 892 1501 972 in
1526 891 1672 1004 quibus

213 1013 495 1118 exprimeretur
509 1029 614 1086 nora
635 1005 698 1086 lex
726 1005 880 1088 Gratiae.
939 1007 1041 1088 Hinc
1064 1005 1239 1089 Christus
1261 1030 1332 1115 per
1352 1008 1497 1117 viginti.
1509 1031 1586 1090 tres
1603 1034 1672 1094 au·

215 1148 290 1205 nos
310 1147 436 1233 usquc
458 1115 508 1201 ad
540 1114 641 1200 suam
665 1117 979 1228 praedicationem
1002 1120 1175 1204 instruxit
1195 1123 1236 1204 in
1256 1121 1364 1232 Lege
1382 1126 1533 1232 gratiae,
1563 1149 1672 1209 eam·

216 1262 299 1352 que
318 1245 441 1319 t'otam
467 1238 509 1318 in
532 1240 612 1337 ejus
634 1234 757 1316 corde
776 1231 960 1344 reposuit.

333 1389 432 1461 715.
459 1367 503 1446 ln
530 1363 635 1446 hunc
650 1358 769 1446 finem
799 1388 887 1446 eam
917 1363 1081 1448 tentavit
1108 1358 1380 1465 desolatione,
1406 1357 1673 1458 subtrahendo
1714 1454 1720 1462 .

218 1474 273 1564 illi
301 1479 502 1565 consuetas
531 1474 707 1562 visiones.
762 1474 844 1588 lpse
872 1482 988 1561 etiam
1017 1480 1193 1564 Christus
1220 1475 1372 1567 vultum
1395 1480 1523 1568 induit
1550 1491 1672 1600 magis
1829 1504 1832 1509 ’

215 1592 380 1695 serium,
413 1617 587 1677 nectam
612 1588 859 1702 frequentem
885 1592 954 1705 ipsa
986 1593 1162 1679 exhibuit
1193 1592 1456 1708 proseptum,
1482 1625 1525 1683 ut
1547 1606 1673 1712 prius3

214 1705 452 1822 loquebatur
474 1734 561 1791 cum
590 1733 636 1790 ea
656 1712 731 1813 jam
759 1733 907 1818 pauca,
928 1733 1057 1810 eaque
1088 1709 1215 1795 modo
1244 1704 1359 1793 valde
1390 1713 1502 1797 serio.
1583 1720 1675 1804 Nec

216 1823 296 1936 ipsa
325 1823 486 1907 videbat
514 1818 676 1933 amplios
705 1829 873 1904 animam
905 1823 1076 1921 Christi,
1112 1838 1299 1938 tanquam
1324 1820 1434 1909 suum
1460 1828 1672 1945 exemplat.

217 1947 400 2054 Quorum
426 1941 601 2022 omnium
628 1935 835 2048 ignorabat
858 1932 1020 2024 causatu.
1665 1990 1668 1995 ·

335 2095 434 2175 717.
461 2087 560 2165 718.
598 2068 710 2179 saepe
730 2068 984 2179 proponebat
1000 2069 1097 2153 Deo
1131 2091 1220 2152 cum
1239 2060 1431 2157 lachrimis
1450 2072 1552 2157 hauc
1568 2067 1681 2162 suant
1756 2154 1758 2158 .
1815 2160 1827 2184 ¹,

216 2178 522 2279 tribulationem,
544 2182 694 2267 dicens:
729 2181 938 2268 Crialon·
1662 2262 1679 2269 ..
1784 2246 1787 2253 .

335 2346 431 2415 720.
488 2317 664 2401 Christus
693 2315 1005 2427 compatiebatur
1032 2313 1197 2428 quidem
1225 2317 1377 2405 Matria
1426 2344 1511 2404 eam
1542 2342 1683 2408 tamen·-

218 2431 519 2543 compaliionem
540 2427 764 2525 occultabat
789 2430 989 2514 severitate
1008 2424 1149 2514 vultsis.
1205 2431 1383 2538 Quando
1404 2429 1429 2517 ai
1450 2439 1578 2535 Matre
1601 2414 1687 2523 vo?

219 2547 379 2632 cabatur
405 2548 454 2630 ad
475 2543 656 2643 mensam,
676 2543 914 2644 morabatur,
934 2547 975 2625 dc
999 2542 1198 2627 avertebat
1222 2539 1325 2628 suam
1346 2543 1503 2638 faciemr
1534 2576 1616 2636 non
1632 2577 1677 2636 a·

216 2659 401 2779 spiciebat
425 2659 556 2775 ipsam,
582 2687 656 2744 nec
673 2653 911 2773 loquebamr
926 2684 1013 2741 cum
1030 2683 1076 2741 ea
1097 2652 1218 2741 ullum
1241 2657 1419 2745 verbum.
1464 2700 1466 2705 ¹

335 2824 431 2896 721.
459 2793 525 2878 Ad
548 2801 708 2877 nodiem
730 2816 821 2876 ante
838 2786 1017 2874 somnum
1033 2794 1078 2876 B.
1101 2793 1225 2904 Virgo
1242 2792 1424 2906 quotidie
1439 2800 1676 2909 genufledie·

217 2911 287 2998 bat
306 2937 398 2994 ante
413 2912 577 3014 JESUM
593 2915 669 3015 jam
683 2903 882 2998 sedentem
894 2911 936 2992 ira
955 2904 1024 2990 suo
1039 2901 1158 2992 ledo.
1183 2910 1222 2987 δι
1240 2908 1536 3018 deprecabatur,
1559 2913 1677 3027 quod
1744 2926 1747 2930 ‘

217 3054 289 3138 per
311 3027 416 3109 diem
434 3052 517 3109 non
539 3019 675 3107 melius
696 3020 764 3135 ipsr
787 3020 1008 3108 inservierit.
1064 3025 1216 3104 Gratias
1231 3022 1299 3133 ipsr
1326 3020 1675 3141 rescrebat,‚agno·

217 3140 323 3227 scens
355 3166 444 3225 eom
474 3143 707 3224 Creatorem
734 3136 897 3235 mundi,
919 3142 959 3220 dc
984 3135 1145 3248 petebat
1168 3135 1505 3224 benediciionem.
1560 3143 1675 3230 Idem

217 3255 386 3453 fodiebat
407 3280 533 3341 mane.
591 3257 634 3339 sn
656 3246 759 3339 ledo
789 3248 902 3359 Jesuli
935 3247 1085 3338 tantiam
1116 3275 1197 3336 erat
1219 3248 1397 3367 stragula,
1426 3259 1466 3337 δι
1495 3251 1686 3370 pulvinar·
1717 3292 1720 3298 ¹

218 3373 270 3458 de
304 3397 389 3456 ana.

336 3528 434 3600 722.
485 3496 663 3614 Qaando
688 3525 784 3610 ergo
814 3502 854 3580 B.
876 3497 1000 3608 Virgo
1020 3494 1072 3579 ad
1095 3488 1216 3606 ipsum
1240 3493 1468 3595 accedebat,
1492 3522 1537 3583 ut
1563 3528 1686 3591 more·

218 3610 334 3702 solito
356 3643 446 3699 eom
468 3616 659 3716 adoraret,
687 3642 743 3696 ac.
764 3637 1022 3706 veneraretur,
1039 3638 1122 3695 non
1151 3612 1269 3706 dabat
1292 3616 1327 3694 ei
1352 3606 1585 3723 responsum,
1605 3614 1685 3706 sed·
1771 3638 1793 3689 ·.

221 3760 309 3817 eam
334 3727 442 3815 vultu
466 3725 565 3814 serio
591 3729 795 3826 audiebat,
824 3733 864 3848 dr
888 3726 938 3812 src
955 3753 1040 3813 eam
1064 3725 1087 3810 ai
1112 3720 1149 3810 se
1170 3725 1404 3811 dimittebat.

342 3891 440 3962 725·
497 3869 540 3948 B.
574 3868 624 3949 V.
660 3863 712 3948 ad
748 3890 812 3947 me
852 3861 976 3946 dixit:
1026 3861 1190 3943 AEsiima
1226 3860 1466 3962 doctrinam,
1501 3861 1677 3977 quimi
1826 3878 1857 3905 ⁸

206 3982 358 4067 ,divino
389 4003 460 4061 tuo
487 3983 699 4092 magistro,
743 3982 782 4060 dr
813 3976 836 4062 d
865 4006 930 4063 me
957 3978 1109 4086 accipis.
1223 3980 1312 4080 Jam
1350 3990 1533 4087 tempera'
1558 4002 1674 4067 tuum

219 4100 431 4195 timorem,
475 4119 550 4179 nec
582 4088 745 4208 amplios
779 4092 965 4197 dubitet,
1001 4087 1118 4207 quod
1146 4089 1346 4179 Dominus
1375 4089 1429 4177 ad
1455 4114 1498 4177 te
1527 4086 1672 4204 loqua-

1598 4229 1675 4309 tur,
