3796 4994
179 244 187 255 -
234 299 332 416 368
616 284 819 404 Revela.
841 301 893 400 de
915 296 1106 436 Agreda.
1135 304 1246 402 Pars
1267 309 1304 401 Ι.
1457 352 1464 367 ·

357 523 452 616 346.
486 508 526 595 S.
550 505 665 595 Anna
689 536 763 622 pro
784 504 1053 622 purificatione
1080 503 1224 593 obtulit
1263 512 1305 592 in
1333 503 1485 621 templo
1516 525 1679 623 agnum,

230 630 493 714 &turturem

303 756 306 760 ’
356 766 450 840 ³47·
477 743 589 822 Tunc
604 758 768 821 renovat
782 731 889 819 suum
911 756 1073 833 votum,
1098 738 1184 847 post
1205 737 1411 819 triennium
1435 729 1541 820 suam
1558 732 1680 822 filiam

230 849 424 940 offerendi
449 852 543 934 Deo
563 854 604 935 in
630 843 803 961 Templo
922 875 1015 951 349·
1043 851 1086 931 In
1104 849 1250 962 signum
1270 848 1393 962 quod
1418 849 1498 934 haec
1519 847 1677 936 oblatio

229 964 347 1053 suerit
371 989 528 1077 accepta
552 966 668 1064 Deo,
686 957 923 1046 descendite
948 957 1055 1046 coelo
1078 963 1218 1046 clarum
1244 957 1391 1061 lumen,
1421 963 1536 1074 quod
1557 960 1678 1049 filiam

228 1085 269 1164 dr
289 1082 454 1162 Matrem
472 1071 692 1160 sensibiliter
704 1070 946 1173 illuminavit,
967 1081 1008 1159 dc
1021 1078 1283 1160 inflammavit.
1342 1073 1508 1188 Aliquid
1528 1079 1580 1162 de
1597 1080 1680 1163 hoc

181 1284 184 1289 ,
225 1186 374 1278 lumine
396 1195 510 1274 etiam
532 1190 698 1274 advertit
713 1191 753 1273 S.
777 1190 948 1272 Simeon.
1596 1188 1599 1193 '

177 1302 180 1309 '
216 1408 219 1413 ,
355 1329 450 1408 350.
478 1309 680 1400 Doemon,
710 1300 875 1412 quando
899 1300 997 1386 vidit
1026 1304 1066 1386 S.
1087 1300 1242 1387 Annam
1262 1328 1337 1414 pto
1361 1296 1399 1385 se
1421 1307 1460 1385 dr
1477 1298 1555 1387 filia
1575 1298 1679 1386 olse-

175 1464 176 1469 ¹
222 1442 389 1613 renplem,
407 1414 560 1501 dimissis
575 1412 848 1529 suspicionibus
865 1416 1028 1502 credidit
1050 1418 1150 1501 hanc
1171 1440 1330 1500 matrem
1345 1411 1428 1501 aliis
1449 1411 1676 1502 mulieribus

223 1530 304 1618 um·
323 1558 397 1615 em.

343 1671 438 1747 35¹·
470 1672 565 1745 35²·
611 1647 658 1729 B.
682 1648 820 1756 Virgo,
849 1643 1012 1756 quando
1034 1647 1074 1725 in
1098 1638 1258 1726 infantia
1281 1644 1412 1743 flevit,
1432 1667 1498 1727 aut
1517 1640 1674 1756 suspira·

191 1796 194 1803 ·
221 1758 294 1858 uit,
311 1757 353 1841 id
373 1753 466 1840 fecit
484 1785 533 1840 ex
559 1756 870 1841 consideratione
891 1781 1142 1868 peccatorum
1169 1758 1279 1863 hujus
1306 1757 1465 1858 mundi,
1503 1781 1569 1841 aut
1596 1786 1673 1870 pto

70 1958 76 1968 ,
221 1862 470 1986 impetrando
493 1871 661 1955 adventu
678 1869 829 1955 merua.
889 1870 1065 1980 Quando
1081 1869 1314 1966 dormiebat,
1331 1895 1556 1954 nontamen
1578 1898 1672 1982 pro-

248 2008 354 2069 terea
377 1983 503 2068 omisit
520 1988 697 2069 internos
713 1991 819 2068 aolus
834 1988 978 2069 amoris
999 2008 1074 2066 nec
1094 1987 1293 2096 interrupit
1311 1986 1484 2070 internos
1507 1987 1672 2083 adusi

123 2157 126 2163 -
219 2013 387 2185 lenibus
410 2101 573 2180 extemis
598 2096 918 2210 independenter.

335 2238 432 2313 3532
459 2218 497 2290 0
519 2212 706 2304 Domina,
751 2237 943 2318 toponam
964 2206 1035 2292 tibi
1054 2206 1206 2320 aliquot
1225 2212 1463 2325 dubiaque
1485 2211 1581 2297 milii
1599 2239 1670 2324 per

219 2321 420 2409 decursum
445 2323 555 2430 liujus
578 2325 638 2407 Ca
668 2327 696 2406 it
738 2327 750 2405 i
780 2321 1010 2405 inciderunt.
1091 2327 1218 2433 Quod
1245 2323 1270 2408 si
1296 2329 1376 2409 haec
1402 2353 1489 2411 mea
1504 2331 1668 2410 interro·

151 2432 154 2439 ’
219 2440 327 2553 gatio
350 2432 468 2520 foret'
486 2351 685 2547 culpabilis
719 2462 764 2520 ac
790 2441 1003 2537 temeraria,
1021 2431 1115 2519 loco
1137 2435 1389 2547 responsionis
1414 2443 1463 2522 da
1486 2442 1579 2522 mihi
1601 2436 1668 2522 ali·

217 2578 340 2667 quarn
375 2549 723 2663 reprehensionem.
803 2554 970 2633 Primum
999 2576 1128 2632 meum
1161 2550 1320 2634 dubium
1349 2551 1515 2636 consistit
1532 2557 1572 2635 in
1598 2579 1664 2651 eo,

217 2666 348 2749 uuum
373 2667 414 2770 in
437 2662 597 2747 infantia
626 2668 696 2747 tua‘
718 2659 819 2774 passa
841 2661 959 2745 fueris
981 2666 1322 2750 incommoditates
1351 2691 1515 2765 naturai,
1541 2672 1581 2748 dt
1605 2663 1664 2749 fa·

216 2774 358 2862 mem?
388 2782 426 2858 dr
447 2777 473 2858 si
491 2779 571 2860 haec
592 2775 692 2888 palia
710 2804 764 2872 es,
794 2802 836 2860 ut
859 2771 921 2858 alii
937 2774 1130 2872 infantes,
1160 2780 1373 2888 quomodo
1394 2780 1532 2892 petiisti
1553 2780 1665 2865 cibos

216 2894 259 2973 dt
281 2885 353 2974 alia
375 2885 567 2973 subsidia?
610 2891 705 2972 Item
726 2894 896 3000 ignoro,
920 2915 969 2971 an
986 2890 1056 2971 tibi
1078 2887 1237 2972 molesta
1264 2887 1408 2975 fuerint
1433 2888 1569 3004 ligatio
1595 2921 1665 3003 per

214 2998 360 3203 fascisas,
381 3026 513 3088 earum
537 2997 729 3115 religatio,
756 3007 796 3086 dc
819 3000 996 3086 ciborum
1018 3006 1214 3117 ingestio?
1254 3008 1351 3103 Hac,
1364 3015 1496 3127 omnia
1514 3006 1666 3091 deside·

215 3144 264 3204 ro
307 3143 395 3202 cire.

336 3259 430 3335 354·
457 3235 502 3317 B.
519 3234 590 3318 Vir
617 3254 645 3312 o
665 3230 758 3312 mihi
773 3219 989 3343 respondi'ts
1017 3230 1134 3314 habui
1154 3233 1513 3332 incommoditates,
1534 3258 1577 3320 ut
1598 3229 1662 3320 alii

202 3339 391 3440 infantes,
411 3341 569 3442 famem,
589 3256 700 3439 stin,
727 3349 766 3427 ἃ
782 3339 866 3441 alia,
885 3369 927 3429 ut
948 3343 999 3428 sic
1018 3346 1187 3428 imitarer
1206 3371 1337 3429 meum
1362 3344 1506 3446 filium,
1530 3353 1600 3462 qui
1620 3354 1663 3433 dc

214 3452 293 3571 ipse
314 3453 403 3540 talia
419 3456 570 3542 admifit

140 3592 148 3599 ·
334 3597 428 3673 355·
456 3571 641 3664 Libenter
664 3575 777 3656 etiam
798 3568 929 3654 admisi
950 3566 1092 3671 fascias,
1118 3574 1211 3686 quia
1228 3599 1298 3685 per
1314 3568 1446 3658 lumen
1464 3579 1660 3663 internum

213 3688 372 3809 agnovi,
397 3687 512 3768 etiam
533 3687 707 3771 Verbum
731 3691 769 3768 in
788 3683 957 3794 passione
973 3681 1219 3769 admissurum
1233 3683 1396 3770 vincula.
1480 3691 1661 3798 Quando

212 3812 319 3879 eram
352 3791 432 3879 sola
459 3793 633 3882 resolutis
660 3795 808 3893 fasciis,
844 3804 952 3883 oravi
979 3798 1151 3913 expansu
1177 3799 1355 3903 brachiis,
1379 3806 1471 3914 quia
1493 3802 1660 3892 sciebam

211 3899 397 3996 dileeium
414 3937 544 3997 meum
568 3917 794 3999 moriturum
819 3915 859 3998 in
877 3939 1001 4000 cruce.
1152 3921 1157 3932 '
1581 3917 1592 3937 “

1563 4165 1660 4280 35¹⁴·
