3796 4994
628 243 803 384 Regula
822 272 882 347 ex
902 241 1011 359 Pico
1031 241 1234 347 Mirans
1556 268 1660 372 137

192 450 466 576 p'toeceffennu
525 451 639 543 Ratio
666 454 734 555 est,
758 457 854 567 quia
880 450 977 540 tales
1034 450 1251 566 nandoque
1271 444 1406 539 videre
1428 448 1499 538 sabi
1520 450 1659 541 viden·

195 598 273 710 ort,
300 602 394 690 qua
409 600 496 708 non
513 566 611 656 sunt.
666 598 705 655 a.
735 574 934 769 Qrp’lpespp
957 482 1169 766 ξςίῗὰςίἓηίε
1193 591 1350 653 exortes
1376 565 1475 669 sunt,
1496 592 1541 653 ut
1560 595 1656 682 geu·

195 684 330 889 gig-3
355 682 1071 911 ffiffnfflesreppapprpm’uwppapism
1091 710 1443 883 fioefflalnuffefferss
1461 690 1658 909 ἓξὲξ

196 910 476 1002 iidiiabantue
499 909 726 1027 voluptate,
763 910 1012 999 saducantur
1042 917 1209 997 avaritia.
1266 918 1458 1029 Quamvis
1477 917 1582 997 enirn
1610 916 1655 997 dt
1736 956 1739 960 ·

197 1022 290 1113 mali
320 1030 522 1121 homines,
537 1024 752 1143 aliquando
782 1054 873 1114 vera
904 1033 945 1111 δι
981 1053 1120 1140 magna
1138 1025 1347 1140 praedicere
1367 1024 1535 1138 pussant,
1564 1028 1655 1114 rard

196 1166 330 1228 tamen
353 1142 398 1230 id
417 1149 559 1231 evenit.
617 1150 872 1257 Quapropter
894 1146 936 1226 in
957 1145 1034 1228 istis
1054 1138 1203 1255 semper
1225 1138 1328 1226 fraus
1352 1140 1563 1226 metuenda
1586 1142 1653 1230 est.

195 1290 237 1365 4.
265 1262 355 1365 Qui
385 1252 478 1347 aliis
507 1257 546 1345 se
582 1260 842 1344 monstrarunt
876 1254 953 1342 eise
985 1257 1117 1362 iudicii
1144 1260 1347 1370 praecipitis
1375 1283 1457 1340 non
1479 1262 1572 1378 resti
1604 1278 1653 1343 ao

195 1372 470 1486 imprudentis.
528 1376 634 1459 Nam
662 1377 732 1487 qui
756 1375 868 1457 nimis
892 1373 1056 1468 avidus,
1090 1374 1300 1485 minusque
1328 1369 1588 1457 consideratus
1609 1376 1650 1459 dc

195 1515 369 1686 praeceps
392 1494 440 1622 in·
452 1488 583 1605 aliqua
603 1514 646 1572 ee
664 1490 734 1589 est,
761 1484 840 1572 five
859 1513 906 1622 ea
933 1488 984 1621 ad
1001 1480 1226 1621 irascibilem
1248 1486 1326 1620 save
1341 1489 1394 1685 ap
1415 1484 1652 1602 concupisci-

195 1597 548 1833 anatha:
571 1604 861 1831 hidria?
874 1626 994 1802 3²33
1014 1600 1654 1833 hhtthihsihahh

196 1831 276 1916 dat.
339 1859 377 1935 ς.
449 1837 490 1918 ui
524 1834 811 1946 temperatione
841 1836 1042 1946 corporis,
1084 1832 1252 1928 morbo,
1281 1856 1349 1917 aut
1374 1834 1502 1918 studio
1533 1838 1651 1921 vicini

194 1970 263 2031 aut
287 1950 407 2060 proni
445 1974 514 2034 unt
534 1950 573 2033 in
597 1945 828 2060 phrenesin,
856 1972 922 2035 aut
942 1946 1133 2063 paffiones
1154 1948 1422 2061 phantasticas.
1479 1954 1586 2036 Nam
1608 1956 1649 2036 dt
1776 2046 1779 2051 ¹

198 2064 335 2176 :groti
354 2057 481 2165 multi,
508 2069 549 2147 dr
567 2064 794 2175 phrenetici,
817 2067 858 2146 δι
879 2063 937 2147 ob
958 2062 1215 2150 intensionem
1241 2067 1360 2150 animi
1386 2065 1651 2152 exorbitantes

196 2172 331 2261 vidiise
345 2176 387 2262 se
406 2179 652 2292 quandoque
670 2201 809 2292 putant
838 2183 877 2262 dt
893 2174 1091 2279 audiviffe‚
1110 2208 1199 2295 quae
1219 2175 1419 2294 nunquam
1436 2177 1560 2266 oculis
1585 2177 1650 2266 vel
1700 2190 1710 2199 '

196 2292 351 2377 auduus
374 2289 599 2385 hauserunta
628 2293 761 2407 sthue
784 2321 833 2380 ex
850 2289 1046 2381 multisne
1067 2296 1422 2381 vehementioribus
1446 2296 1651 2407 phantafiis

196 2402 494 2495 hallucinantur.
550 2423 588 2495 6.
615 2414 698 2523 Qui
716 2411 944 2496 vehementi
954 2416 1073 2495 animi
1096 2417 1245 2524 impetu
1265 2411 1413 2524 prediti
1428 2407 1650 2507 veiarden·

198 2524 388 2610 tianiore
415 2518 478 2610 vel
508 2525 606 2612 odio
634 2553 898 2625 macerantur,
927 2552 995 2611 aut
1022 2531 1177 2610 novitio
1204 2523 1361 2609 fervore
1389 2521 1651 2612 subito-abei-

203 2638 365 2748 piumur.
421 2644 529 2726 Nam
552 2647 591 2726 dt
610 2646 672 2743 iis,
692 2646 761 2755 qui
779 2646 931 2727 nouitio
957 2641 1134 2756 quodam
1152 2638 1309 2724 fervore
1336 2641 1430 2726 Deo
1456 2636 1650 2757 famulan-

211 2776 269 2851 ιιι,
285 2753 345 2837 ob
367 2752 463 2840 fixas
484 2783 612 2840 return
634 2761 843 2870 imagines,
873 2755 1018 2869 quibus
1045 2754 1280 2841 meditandis
1305 2756 1356 2840 ad
1374 2761 1557 2869 pictatem
1581 2785 1649 2843 ex-

218 2872 300 2954 itari
323 2874 510 2983 cupiunt,
537 2897 634 2955 vana
655 2898 731 2984 pro
753 2875 852 2979 neris
872 2871 1025 2955 ostendi
1047 2866 1226 2985 poisunt‚
1255 2875 1296 2954 δι
1319 2870 1343 2957 a
1367 2871 1576 2974 doemone,
1604 2878 1647 2957 de

236 2980 359 3095 [eipfis
377 2980 509 3074 illudis
544 2987 711 3071 maxime
731 2986 759 3071 st
781 2994 917 3097 praeter
946 2990 1217 3100 Magistroruns
1245 2986 1449 3100 Dogmata
1474 2986 1647 3073 habenas

234 3122 348 3188 rents
378 3103 434 3183 ita
457 3104 707 3211 permittente
729 3107 844 3198 Deo,
875 3112 925 3184 uti
943 3106 982 3185 in
1007 3104 1203 3212 posterum
1231 3107 1423 3187 monotes
1444 3099 1565 3190 fiant,
1583 3099 1647 3188 vei

262 3206 463 3327 pia'culum
500 3216 672 3300 eluant..
702 3245 741 3315 7.
783 3221 865 3327 Qui
896 3220 937 3300 in
974 3214 1117 3300 somatis
1146 3215 1293 3313 vident,
1320 3243 1406 3329 quae
1429 3213 1581 3302 fervide
1606 3245 1648 3301 a·

249 3350 312 3413 tnt.
367 3332 415 3413 In
437 3326 576 3414 somno
605 3333 709 3414 enirn
736 3329 971 3444 potiisrmum
1000 3326 1216 3443 periculum
1251 3333 1361 3427 inest,
1389 3359 1439 3416 ne
1469 3358 1528 3433 ea,
1557 3361 1647 3447 quae

256 3440 358 3528 udiu
382 3449 662 3557 cogitavimus,
693 3453 858 3558 ternpore
892 3447 1076 3549 noiiurno
1111 3441 1247 3532 reddat
1277 3446 1399 3531 amica
1423 3451 1538 3555 quies.
1597 3452 1647 3535 Et

264 3562 448 3644 matonis
468 3558 583 3645 rebus
602 3554 803 3672 prasertim
824 3560 866 3644 id
884 3561 1038 3658 accidit,
1069 3585 1113 3644 ut
1136 3566 1206 3674 qui
1226 3583 1370 3658 amant,
1402 3561 1472 3646 fibi
1497 3562 1648 3648 somnia

272 3694 353 3769 nt.
409 3674 538 3787 Quod
562 3670 809 3761 &consonat
835 3679 999 3765 tationis
1038 3702 1125 3759 cum
1147 3671 1250 3759 nulia
1276 3681 1316 3760 in
1350 3679 1484 3761 nostro
1512 3687 1646 3763 animo

279 3810 328 3873 tet
349 3782 507 3875 affectio
535 3792 652 3874 animi
683 3789 936 3904 impetuostot
963 3815 1112 3875 amore.
1169 3791 1442 3899 Quamobrem
1467 3795 1544 3890 eis,
1575 3796 1646 3906 qui

287 3904 416 3987 artiori
446 3908 590 3989 amoris
610 3909 757 4016 impetu
776 3902 952 3991 feruntur
975 3903 1165 3991 etiamad
1192 3934 1253 3991 res
1283 3933 1368 3989 non
1390 3900 1522 4011 malas,
1543 3902 1649 4017 peri-²

294 4042 321 4101 u
345 4020 538 4118 imminet,
566 4046 619 4105 ne
645 4013 784 4104 affectu
810 4025 933 4107 nimio
962 4015 1255 4110 hallucinentut.
1309 4020 1418 4107 Dum
1446 4024 1549 4106 enim
1573 4046 1646 4105 vo-

304 4126 912 4244 D.E,A.deneoeur.12nsn
1207 4134 1237 4218 S
1518 4134 1646 4225 iuret
