3772 4988
202 339 312 477 406
371 290 376 295 >
584 349 784 463 Revelar.
802 345 854 448 de
873 348 1060 483 Agrrdu
1087 355 1199 451 Pars
1220 354 1278 445 ΙΙ.

331 575 454 649 1449·
488 546 632 637 Clauso
654 552 855 666 sepulchro
878 558 1041 638 Domini
1062 550 1168 638 fimul
1192 551 1336 637 eodem
1356 574 1546 662 tempore
1566 542 1658 632 clau·

211 659 428 750 [afuerunt
467 658 538 748 alia
566 663 794 778 sepulchra,
824 697 911 783 quae
942 693 1072 780 aperta
1102 667 1257 750 fuerant
1283 668 1325 748 in
1355 667 1504 752 Christi
1525 686 1658 746 morte.

214 781 319 864 Nam
346 776 452 891 quafi
472 775 743 890 exspeiiabant
761 779 902 867 sortem
914 839 929 881 ‚
952 809 994 867 ut
1018 781 1103 892 ipsis
1130 782 1353 892 obtingeret
1381 783 1560 891 receptio
1580 803 1660 860 cor·

214 895 324 1004 poris
349 892 502 984 Christi.
559 891 677 979 Multi
701 893 827 1010 angeli
846 896 1110 980 custodierunt
1133 891 1423 1004 Sepulchrum,
1464 916 1585 1004 prout
1610 892 1661 973 eie

212 1029 448 1117 preceperat
471 1031 608 1091 eorum
639 1014 797 1122 reginae
838 1017 931 1095 Hac
963 1010 1053 1094 dein
1089 1008 1275 1092 adoravit
1292 1033 1382 1091 cum
1416 1004 1659 1117 presentibus

217 1120 405 1215 Crucem,
428 1123 467 1201 δε
491 1124 583 1232 quia
601 1127 676 1226 iam
691 1119 748 1208 soi
771 1127 981 1221 occiderat,
999 1130 1040 1208 in
1067 1117 1331 1208 Coenaculum
1348 1148 1441 1206 cum
1458 1123 1605 1216 Mariis,
1622 1120 1659 1200 ἃ

214 1226 299 1318 aliis
323 1233 557 1345 quibusdam
579 1233 800 1322 mulieribus
821 1240 947 1324 rediit.

213 1363 222 1373 ‘
342 1373 465 1447 1450·
490 1346 615 1452 Judaei
637 1347 812 1464 sequenti
833 1351 1009 1447 sabbato
1034 1354 1162 1462 primo
1181 1376 1295 1436 mane
1319 1346 1517 1433 accedunt
1536 1345 1588 1432 ad
1603 1347 1661 1429 1³1³

216 1449 352 1558 latum,
376 1464 414 1542 ἃ
438 1486 595 1574 petunt,
618 1465 800 1551 custodiri
822 1460 1076 1579 sepulchrum.
1161 1461 1305 1548 Pilatus
1331 1464 1455 1546 statim
1486 1456 1661 1546 conceffit

220 1573 431 1658 custodiam
462 1571 641 1663 miiitum.
722 1584 796 1665 Per
820 1580 899 1665 hoc
922 1577 1057 1664 summi
1082 1582 1316 1663 Sacerdotes
1342 1600 1493 1660 tantum
1518 1600 1659 1690 qurere-

219 1683 318 1771 bant
336 1715 421 1773 rem
440 1693 608 1793 turbare,
631 1716 674 1778 ut
689 1694 782 1780 dein
803 1698 927 1806 patuit
954 1720 1033 1806 per·
1044 1698 1336 1804 corruptionem
1357 1686 1540 1776 militum

340 1830 415 1903 ¹45
429 1834 463 1907 3.
491 1811 531 1890 ii.
555 1810 605 1894 V·
624 1809 676 1891 ad
694 1837 759 1893 me
775 1808 893 1893 dixit:
918 1804 1034 1893 Multi
1058 1813 1280 1918 compuneti
1303 1805 1452 1889 suntad
1469 1807 1658 1916 poeniten·

219 1916 334 2008 tiamr
365 1923 403 2000 δι
454 1921 597 2004 uamvis
617 1923 697 2006 haec
718 1927 850 2008 omnia
870 1917 1037 2009 effeetus·
1050 1918 1193 2006 fuerint
1212 1926 1348 2003 mortis
1370 1925 1450 2003 uici
1474 1914 1568 2020 filii5
1593 1910 1659 2029 ipsa

219 2047 350 2117 tamen
368 1949 514 2118 adime
531 2039 611 2136 juvi
638 2039 733 2121 meis
752 2036 945 2148 precibus.
1227 2136 1232 2144 ,
1636 2149 1644 2162 ⁶

344 2170 465 2244 1457.
492 2147 667 2233 Sabbato
681 2175 796 2234 mane
819 2152 915 2233 hora
934 2173 1071 2264 quarta
1090 2154 1132 2234 B.
1160 2150 1283 2260 Virgo
1308 2151 1492 2259 praecepit
1511 2152 1656 2250 Joanm,

224 2278 268 2339 ut
291 2259 332 2341 in
354 2262 507 2343 civitate
523 2266 736 2374 inquireret
754 2270 925 2364 Petrum,
947 2270 987 2348 δι
1015 2258 1112 2348 alios
1135 2257 1346 2375 apostolos,
1364 2261 1537 2375 ipfisque
1552 2255 1654 2344 offer·

185 2466 188 2471 s
221 2392 281 2455 ret
298 2365 403 2484 spem
421 2378 552 2476 venia,
573 2383 612 2460 δι
633 2374 705 2463 suar
731 2381 915 2465 amicitia.
943 2425 961 2445 ·
1017 2382 1152 2464 Petrus
1174 2377 1417 2476 deincoram
1441 2380 1484 2460 B.
1509 2380 1658 2488 Virgine

186 2586 197 2599 ι
222 2483 456 2598 provolutus
479 2493 676 2577 interram
704 2489 824 2578 dixita
856 2491 1025 2580 Pecrnoi
1050 2543 1069 2560 ·
1100 2554 1112 2578 .
1170 2512 1293 2595 1458·
1322 2494 1367 2575 Β.
1389 2492 1518 2603 Virgo
1538 2514 1657 2574 autem

106 2698 119 2707 ‚
225 2624 357 2686 coram
372 2599 456 2712 ipso
477 2627 663 2722 tanquam
683 2611 839 2696 Vicario
862 2606 1005 2697 Christi
1026 2610 1168 2720 pariter
1188 2598 1401 2723 provoluta
1429 2603 1549 2695 tiixitr
1581 2627 1659 2718 pre·

51 2802 56 2815 ,
221 2736 350 2801 centur
364 2713 498 2820 filiurn.
521 2764 540 2786 ·

305 2902 309 2909 ·
346 2855 471 2934 ¹459·
498 2837 634 2920 Dicam
651 2862 767 2934 nunc,
790 2864 878 2950 quae
906 2837 999 2924 mihi
1022 2833 1176 2922 fuerunt
1189 2830 1359 2923 revelata
1379 2835 1433 2919 de
1452 2829 1579 2918 limbo
1598 2834 1658 2914 Pa·

225 2960 341 3027 trum.
424 2946 529 3032 Dico
559 2954 697 3059 proin,
733 2951 846 3063 quod
878 2947 1035 3037 Globus
1065 2976 1172 3036 terrae
1200 2956 1239 3034 in
1265 2952 1476 3034 Diametro
1498 2965 1662 3032 numeret

227 3083 357 3159 2502.
377 3053 570 3151 milliario
605 3059 887 3180 consequenter
912 3065 935 3151 i
962 3061 1304 3178 superficiemque
1324 3062 1377 3147 ad
1397 3085 1575 3147 centrum
1595 3083 1661 3143 rer·

56 3269 68 3284 ⁶
226 3196 277 3255 rae
296 3168 381 3258 sunt
404 3202 525 3277 tart.
554 3171 739 3265 milliaria.
792 3183 836 3263 ln
863 3180 997 3265 medio
1022 3201 1129 3264 terrae
1149 3178 1203 3263 est
1218 3175 1402 3262 infernus.
1459 3176 1526 3262 Est
1543 3197 1661 3260 autem

136 3340 140 3347 -
227 3281 400 3374 infernus
421 3284 583 3376 obscura
603 3314 763 3404 crypta,
786 3289 903 3379 divisa
922 3298 962 3378 in
987 3288 1116 3407 plures
1135 3293 1225 3377 alias
1244 3316 1409 3406 cryptas.
1478 3291 1584 3375 luter
1603 3288 1662 3372 has

231 3399 286 3484 est
307 3427 383 3485 una
407 3403 448 3486 in
465 3400 592 3490 forma
618 3405 776 3518 hydria,
796 3409 837 3492 in
858 3434 937 3522 qua
957 3402 1126 3494 condufi
1146 3403 1231 3490 sunt
1253 3404 1480 3491 doemones.
1508 3466 1516 3477 .

353 3528 476 3610 1460.
510 3520 568 3602 Ex
584 3545 665 3603 uno
685 3514 805 3606 latere
828 3522 969 3608 inferni
996 3522 1049 3605 est
1076 3503 1376 3634 purgatorium]
1394 3513 1526 3603 multo
1554 3541 1602 3603 an

229 3625 319 3712 iiius
341 3625 511 3719 inferno.
579 3631 730 3721 Anima
746 3640 958 3749 purgatorii
975 3663 1059 3720 non
1082 3637 1309 3832 Kamnpant
1331 3632 1384 3717 de
1406 3637 1540 3745 poenis
1559 3541 1663 3720 ingr:

229 3741 286 3828 ni.
340 3745 398 3829 Ex
419 3741 542 3833 altero
566 3741 688 3833 latere
705 3745 845 3836 inferni
865 3751 979 3837 datur
1000 3751 1082 3835 Lim
1114 3775 1180 3848 us,
1200 3753 1242 3833 in
1260 3747 1356 3831 duas
1369 3771 1505 3860 partes
1526 3745 1664 3833 divisus.

227 3857 314 3942 Una
334 3884 420 3970 pars
437 3863 613 3949 continet
637 3859 804 3950 Infantes
827 3891 909 3950 non
929 3862 1159 3976 baptizatos.
1226 3856 1362 3947 Altera
1388 3866 1541 3946 animas
1563 3861 1664 3967 iusto-

227 3995 315 4056 rum
332 3975 381 4061 V.
400 3976 447 4060 Τ.
504 3977 596 4062 Po'st
610 4001 824 4067 extremum
843 3979 1027 4088 judicium
1052 3973 1221 4065 Infantes
1245 4002 1329 4060 non
1351 3974 1546 4089 baptizati
1561 3997 1666 4066 trans·

226 4081 595 4191 ferenturintium
619 4087 767 4182 locum.
