3796 4994
188 271 305 438 ¹144
429 289 438 345 ⁴
640 304 812 451 Regula
838 301 895 417 ἐκ
922 323 973 417 Ρ.
1004 265 1209 453 Castaldo.

157 440 214 454 θ

202 522 243 598 0
259 508 418 612 infelix,
445 512 563 629 quale
584 519 726 607 Ordini
748 545 819 607 tuo
853 520 1094 610 &fratribus
1120 518 1344 638 exemplum
1368 518 1546 636 ptaebes?
1580 516 1658 606 Sea

39 709 59 718 t
202 657 285 714 non
310 631 364 714 est
383 636 439 714 tui
462 635 574 733 Deus
591 637 632 719 iu
646 634 767 721 finem
793 635 961 736 oblitus,
982 644 1051 752 qui
1071 641 1121 723 ad
1143 664 1182 724 te
1205 638 1476 751 corrigendum
1501 663 1566 720 me
1587 639 1676 745 mi·
1703 670 1708 675 ·

199 741 257 830 lit.
315 746 438 858 Surge
461 749 577 859 igitur
606 751 629 835 ὲ
663 752 847 865 grabato,
873 757 913 835 δι
940 778 1048 838 terrae
1072 759 1248 866 protinus
1280 747 1439 865 supplex
1461 751 1660 835 inhaereas,

198 859 420 973 Statimque
443 861 621 948 Diabolo
647 863 897 959 evanescente
922 869 1116 972 Jordanus
1135 873 1179 952 in
1204 893 1343 953 terram
1370 868 1534 962 corruit,
1548 869 1589 947 δι
1607 862 1659 948 lic

198 980 350 1078 iacens,
379 977 587 1089 postquam
609 973 754 1082 illuxit,
777 980 799 1067 el
818 986 953 1067 Priore
976 988 1017 1064 &
1047 983 1237 1067 Fratribus
1259 986 1465 1064 invenitur.
1523 985 1658 1086 Quem

196 1091 310 1176 Prior
343 1085 471 1177 severe
504 1099 714 1207 corripiens
751 1100 883 1210 coegit
910 1100 949 1179 iu
979 1098 1095 1180 strato
1130 1096 1381 1181 decumbere.
1454 1096 1659 1206 Sequente

197 1209 319 1288 nodie
340 1208 480 1289 iterum
505 1208 699 1294 Diabolus
726 1211 880 1322 pristina
903 1206 1033 1296 formal
1060 1206 1247 1327 alsumpta
1267 1209 1431 1311 adstitit,
1456 1212 1496 1292 ἃ
1523 1207 1659 1293 durius

76 1369 80 1372 -
199 1315 321 1433 quam
335 1344 454 1404 'antea
472 1321 680 1436 redarguit,
706 1319 814 1409 velut
836 1325 1157 1406 inobedientems
1201 1351 1379 1428 morique
1401 1328 1442 1399 in
1468 1314 1595 1404 solum
1622 1324 1657 1407 l-

227 1429 307 1514 sum
326 1432 475 1512 defilire
493 1441 675 1540 precipit.
732 1436 864 1539 Quem
889 1427 978 1512 crim
995 1456 1109 1512 mane
1123 1433 1234 1526 Prior
1254 1433 1294 1514 in
1315 1424 1399 1512 solo
1419 1437 1546 1539 jacere
1561 1459 1656 1516 con·

101 1535 106 1551 '
196 1460 386 1656 lpexillet,
414 1536 617 1653 asperrime
635 1546 871 1655 increpavits
896 1548 936 1626 δε
954 1547 1048 1656 quia
1067 1568 1214 1628 tantam
1231 1545 1497 1630 membrorum
1518 1542 1657 1631 debili-

198 1679 319 1742 tatem
346 1680 614 1760 coutraxerat‚
640 1656 773 1772 sicque
803 1657 987 1742 humores
1007 1659 1176 1769 indurati
1200 1655 1379 1760 fuerant,
1397 1683 1439 1742 ut
1467 1662 1531 1742 vix
1552 1653 1658 1772 spiri·

166 1765 170 1775 ’
196 1795 281 1858 tum
307 1767 484 1871 haberet,
512 1769 611 1874 iussit
630 1767 753 1885 ipsum
772 1772 926 1855 stratum
949 1766 1167 1859 ascendere.
1222 1778 1353 1857 Tertia
1370 1780 1489 1858 nobie
1512 1772 1656 1860 diabo-

65 1959 72 1967 .
152 1897 163 1918 '
198 1880 260 1972 lus
284 1910 327 1969 ut
351 1886 544 1997 prioribus
562 1890 757 2000 apparuit;
799 1879 866 1970 sed
886 1888 943 1970 vir
963 1882 1110 1972 sandius
1128 1892 1168 1973 in
1191 1883 1330 1973 faciem
1361 1892 1441 1994 ejus
1466 1885 1656 2001 exspuens

199 2015 295 2087 eum
315 1995 476 2112 fugavit.
542 2002 723 2086 Doemon
748 2003 851 2084 enim
881 2001 1114 2085 intendebat
1137 1997 1348 2085 inhabilem
1370 2002 1537 2089 reddere
1565 2006 1654 2107 Jor-

164 2114 345 2199 -danum
379 2113 431 2198 ad
461 2114 772 2229 praedicandum,
807 2142 898 2200 cum
931 2118 1155 2201 innumeros
1190 2113 1274 2201 fere
1303 2141 1531 2233 peccatores
1559 2143 1654 2224 con·¹

197 2253 380 2316 verteret.

307 2352 476 2483 Regula
516 2383 560 2480 5.
603 2343 654 2450 Si
697 2353 1042 2490 apparitiones
1089 2346 1339 2452 miraculo
1382 2378 1495 2454 non
1530 2318 1689 2456 con-²

194 2482 484 2610 firmentur,
520 2488 600 2598 vel
636 2491 736 2598 fine
776 2493 969 2603 lumine
1011 2487 1145 2594 diuo
1197 2492 1412 2611 divino,
1459 2493 1651 2632 suspen·

196 2629 365 2737 denda
401 2636 471 2738 est
512 2634 766 2740 sententiar
853 2658 917 2764 lb„
937 2651 974 2766 §.
998 2653 1098 2742 unde
1121 2658 1256 2743 ueniat
1290 2657 1398 2766 vr‘fto.
1482 2657 1548 2742 Sic
1575 2664 1653 2774 egit

194 2773 335 2879 Jacob,
366 2771 514 2859 somnia
538 2771 592 2859 sui
619 2774 686 2861 filii
707 2779 844 2861 tacitus
880 2770 1154 2858 considerans.⁴
1219 2770 1380 2855 Debent
1406 2793 1536 2857 autem
1577 2770 1651 2861 elle

195 2886 505 3120 leerllmilreagcula³
526 2918 609 2976 non
628 2896 723 2977 mira
744 2887 908 2987 tantiam,
939 2912 1027 2999 quae
1050 2885 1256 2974 doemones
1276 2883 1345 3000 ipfi
1363 2885 1504 3002 poffint
1523 2885 1652 2978 effice.
1715 3024 1718 3029 1

302 3149 472 3280 Regula
503 3147 555 3250 .6.
607 3139 657 3246 Si
697 3093 938 3249 revelatio
984 3134 1085 3242 aliis
1133 3134 1429 3244 indubitatis
1465 3137 1651 3250 revela·

45 3291 48 3297 ’
196 3286 427 3395 tionibus
462 3281 812 3404 confirmetur,
846 3292 985 3422 prior
1028 3278 1249 3386 redditur
1296 3278 1519 3388 indubia.
1592 3308 1652 3398 lb.

190 3427 247 3512 ita
268 3425 342 3510 fuit
369 3423 581 3513 revelatum
614 3432 728 3541 Papae
756 3426 913 3512 liberio
941 3451 986 3509 ac
1016 3425 1177 3507 Patritio
1208 3426 1247 3504 δι
1273 3429 1352 3531 ejus
1376 3426 1491 3508 uxori
1510 3425 1651 3511 eadem
1705 3446 1711 3457 ·

191 3549 311 3629 node
339 3541 391 3627 de
421 3538 587 3628 Ecclesia
624 3541 856 3636 adificanda
881 3545 923 3624 in
962 3531 1083 3623 Colle
1108 3533 1348 3651 Exquilin03
1390 3543 1429 3622 δε
1464 3534 1649 3657 fundatio
1695 3583 1697 3587 Α

189 3651 404 3769 Religionis
421 3658 473 3741 de
493 3656 681 3742 Mercede
699 3649 898 3742 fuitfimul
917 3654 1084 3740 revelata
1098 3653 1346 3764 Arragonum
1363 3655 1473 3767 Regi,
1490 3658 1649 3767 &Ray-

80 3854 86 3861 .
189 3771 368 3874 mundo,
398 3776 439 3856 ac
466 3775 504 3856 S.
532 3776 651 3857 Petro
678 3766 867 3859 Nolasto.
941 3771 1036 3852 Dixi
1066 3762 1313 3854 indubitatas.
1386 3773 1493 3879 Quia
1519 3770 1649 3882 potest

190 3876 360 3995 'doemon
379 3881 658 3977 revelationem
682 3885 811 4002 ficiam
833 3910 1024 4000 repetere,
1044 3878 1109 3971 vel
1129 3877 1205 3971 alu
1225 3887 1342 3970 etiam
1366 3878 1465 3972 falsa
1485 3890 1652 4000 prunam

190 3998 326 4129 c‘onari
348 3997 525 4117 stabilire.

1475 4240 1650 4376 Regula
