3796 4994
626 233 899 363 Regularum
936 232 1258 330 Summarirrm.
1575 265 1674 364 277
1778 324 1782 331 ,

336 434 491 556 Regula.
523 467 589 541 25.
645 433 920 546 Revelationes
946 437 1143 549 personae,
1163 464 1251 550 quar
1274 457 1342 521 aut
1367 463 1436 549 per
1460 408 1670 552 superbam
1699 512 1703 519 .

219 553 487 651 curiositatem,
516 579 581 636 aut
605 554 659 635 ob
681 579 817 636 vanarn
838 549 1016 648 laudent,
1047 577 1113 637 aut
1139 556 1194 635 ob
1222 549 1558 664 praesumptionem
1587 558 1668 644 san·
1790 576 1793 582 '

213 673 348 754 uitatis
384 668 526 777 cupida
562 667 785 769 esthabere
823 662 1079 750 revelationes
1112 664 1294 765 insolitas,
1323 667 1563 776 probabilius
1588 670 1673 760 sunt

214 779 321 866 salsae.
377 789 538 896 Signum
566 810 694 867 autern
715 783 906 888 ejusmodi
933 779 1184 893 dispositionis
1205 784 1270 878 est,
1293 777 1380 883 srse
1398 779 1537 867 talibus
1562 817 1672 880 reve-=

214 895 422 982 lationibus
446 899 602 1010 dignam
625 923 792 1009 reputer,
823 900 948 981 autin
977 900 1021 978 iis
1040 900 1259 981 enarrandis
1280 893 1539 1011 gloriabunda
1564 898 1671 990 dele·
1701 948 1706 960 ¹

214 1020 352 1110 detur,
378 1038 444 1098 aut
468 1012 547 1096 fine
573 1014 790 1098 necessitate
814 1011 947 1095 festina
967 1008 1049 1094 illas
1072 1010 1258 1125 proferat.
1316 1011 1374 1095 lb.
1394 1014 1436 1096 R.
1460 1046 1498 1114 7.
1517 1036 1555 1111 8.

325 1137 482 1255 Regula.
515 1158 581 1223 26.
641 1133 912 1223 Revelationes
945 1135 1220 1249 personarum,
1244 1143 1282 1222 in
1308 1136 1452 1252 quibus
1476 1151 1672 1233 concurrit

215 1261 396 1338 tenacitas
419 1282 490 1365 pro
520 1256 708 1360 riijudrcii
730 1281 816 1335 curn
838 1249 1108 1337 indiscretione
1132 1259 1362 1360 jejuniorum
1385 1260 1424 1337 ἃ
1443 1261 1682 1368 vigiliarum,

214 1365 453 1481 probabilius
487 1284 572 1454 line
611 1365 719 1453 falsae.
782 1364 888 1453 Gers.
915 1373 1012 1478 Reg.
1043 1394 1115 1451 to.
1180 1374 1297 1452 Ratio
1322 1372 1402 1466 est,
1427 1380 1521 1483 quia
1545 1381 1585 1458 in
1609 1377 1671 1461 his

214 1481 383 1597 personis
403 1486 566 1568 doetnon
590 1489 732 1596 reperit
753 1510 858 1595 aptas
880 1479 1147 1593 dispositiones
1166 1486 1216 1567 ad
1243 1479 1474 1570 illusionem.

327 1617 484 1739 Regula.
515 1649 583 1720 27.
637 1616 982 1715 Revelationts,in
1000 1620 1142 1731 quibus
1157 1615 1286 1732 aliqua
1309 1626 1557 1707 continentur
1574 1654 1667 1738 pro·

213 1731 379 1820 babilins
400 1742 590 1820 contraria
612 1737 826 1848 Scriptura,
854 1759 920 1821 aut
951 1740 1106 1831 tanoni,
1135 1731 1269 1846 eoipso
1291 1740 1405 1821 etiarn
1427 1736 1667 1850 probabilius

213 1848 427 1936 salsaesunt.
484 1855 539 1934 lb.
567 1860 615 1935 R.
642 1879 704 1934 ιι.
1224 1926 1229 1941 ,
1409 1878 1410 1882 ‘
1665 1846 1670 1853 ’

324 1965 480 2084 Regula.
522 1987 588 2062 28.
646 1963 923 2051 Revelationes
969 1959 1229 2060 doetrinales‚
1263 1988 1427 2078 quarum
1467 1967 1666 2071 obiectum

215 2082 370 2194 probari
389 2111 467 2165 non
497 2083 624 2194 potest
654 2110 702 2164 ex
734 2086 928 2192 Scriptura
965 2087 1005 2163 dr
1039 2080 1271 2177 traditione,
1305 2080 1546 2192 probabilius
1573 2081 1665 2172 sunt

212 2193 321 2283 salsa.
378 2197 433 2280 lb.
452 2204 499 2280 R.
530 2215 590 2282 rt.
649 2201 765 2281 Ratio
797 2198 861 2298 est,
892 2201 984 2310 quia
1004 2199 1254 2306 Scriptura&
1281 2195 1437 2280 traditio
1464 2195 1666 2315 esi-regula

212 2310 398 2400 sufficiens
425 2318 463 2396 in
486 2316 643 2398 materia
666 2311 759 2394 fidei
786 2317 824 2394 dr
848 2339 1016 2395 snorum.
1066 2315 1150 2395 Leo
1175 2317 1222 2394 R.
1249 2339 1287 2394 a.

328 2442 484 2560 Regula.
517 2473 582 2540 29.
641 2437 916 2526 Revelationes
937 2436 1180 2539 doctrinales,
1209 2469 1296 2554 quae
1318 2441 1572 2526 introducunt
1594 2470 1668 2528 tro-¹
1704 2440 1710 2447 ’

214 2587 306 2644 rum
326 2561 489 2643 modurn
508 2555 699 2673 loquendi
723 2563 763 2641 dt
787 2563 1081 2654 terminoslnon
1111 2557 1267 2639 usitatos
1290 2555 1574 2642 dDodioribus
1596 2562 1667 2643 Ec-

216 2671 344 2777 cleliae,
373 2675 610 2786 probabilius
630 2669 714 2756 sont
737 2669 844 2755 salsae.
888 2672 989 2758 ibid.
1015 2680 1114 2784 Reg.
1140 2700 1208 2768 17.
1263 2669 1381 2756 Ratio
1401 2674 1467 2782 esl,¹
1484 2679 1575 2786 qnia
1593 2703 1668 2761 nec
1704 2721 1714 2734 ->

212 2797 318 2874 Deus
335 2848 348 2889 ,
387 2815 460 2874 nec
490 2795 590 2875 ratio
621 2787 727 2873 favet
764 2791 932 2872 novitati
968 2793 1249 2885 terminorum,
1289 2786 1356 2870 ubi
1390 2781 1496 2871 nulla
1520 2790 1573 2873 cst
1596 2803 1690 2895 nef
1836 2792 1840 2799 ’

212 2904 369 2992 cessitas.
1535 2956 1538 2960 ⁴

329 3019 484 3138 Regula.
518 3048 582 3122 30.
635 3014 913 3104 Revelationes
938 3012 1139 3103 mulierum
1168 3009 1469 3129 praesumentium
1501 3019 1667 3108 disicere

214 3131 277 3219 sua
304 3138 493 3221 Doctrina
516 3131 708 3230 Clericos,
734 3162 779 3217 ac
798 3138 1020 3246 Principes,
1048 3161 1202 3245 eosque
1233 3133 1379 3230 docete
1404 3086 1666 3247 magistraliter
1739 3213 1743 3220 .

214 3249 320 3334 velnt
338 3280 385 3334 ert
411 3248 553 3349 osirin,
582 3246 821 3361 probabilius
839 3247 922 3332 sunt
946 3244 1052 3331 falsae.
1091 3250 1145 3331 lb.
1166 3248 1295 3341 Rau.
1352 3252 1470 3332 Ratio
1488 3251 1553 3347 est,
1568 3257 1663 3364 qnia
1705 3307 1708 3311 ν

214 3372 319 3450 Dens
341 3362 467 3448 noluit
489 3361 667 3447 mulieres
690 3367 918 3448 constituere
941 3369 978 3446 in
1000 3364 1197 3475 Magistnts
1219 3355 1392 3445 Ecclesia
1411 3365 1667 3478 deputatione

215 3508 258 3566 ac
280 3485 495 3571 vocatione
514 3477 646 3563 stabili.
707 3482 790 3564 beo
818 3485 864 3560 R.
892 3511 928 3563 a.
953 3481 1057 3562 Cast.
1077 3484 1123 3561 R.
1146 3509 1212 3578 ²4·
1235 3480 1324 3581 Joa.
1346 3483 1394 3562 R.
1421 3510 1484 3562 ra.

327 3612 484 3732 Regula
519 3644 583 3716 3-r.
639 3609 934 3713 Revelationes,
960 3614 986 3697 st
1012 3606 1067 3693 nil
1086 3616 1312 3696 contineant
1334 3607 1503 3724 specialis
1528 3611 1669 3702 utilita-

213 3738 272 3829 tis,
300 3731 419 3843 quatn
453 3733 592 3813 hanrici
626 3726 738 3842 possit
773 3758 820 3813 ex
840 3725 921 3811 aliis
953 3722 1252 3839 Theologorntn
1280 3753 1348 3809 aut
1371 3723 1593 3812 Ascetarum
1622 3724 1666 3814 li·

215 3848 304 3942 bria,
336 3843 575 3958 probabilius
595 3841 692 3930 falsae
715 3842 812 3927 sunt.
852 3846 1153 3944 lb.R.r9.23.
1209 3846 1327 3925 Ratio
1351 3844 1530 3955 est,qnia
1558 3873 1666 3928 teve·
1710 3892 1716 3905 ·

217 3958 391 4056 sationes,
417 3966 472 4044 nti
493 3967 530 4043 δι
556 3955 751 4057 miracula,
767 3987 851 4046 non
875 3958 975 4046 finnt
999 3956 1077 4041 linc
1100 3954 1328 4042 necestitate.
1399 3952 1508 4041 lant.
1531 3963 1578 4041 R.
1605 3973 1667 4081 r6.

218 4080 295 4163 Par.
312 4084 357 4165 R.
384 4107 423 4177 7.

955 4191 1052 4274 Man
1085 4213 1105 4290 3
1542 4183 1669 4302 Regu·
1749 4216 1767 4259 s
