3772 4988
219 354 322 448 402
608 319 809 422 revelat.
827 317 880 416 de
903 316 1090 452 Agreda,
1107 325 1216 418 Pars
1231 324 1290 414 ΙΙ.

218 548 281 611 tur
298 528 336 609 in
360 521 466 608 coelo
491 519 514 610 a
536 521 666 608 divina
686 526 894 620 Trinitate,
918 527 957 606 dc
987 521 1184 636 quidquid
1210 545 1314 605 nunc
1340 519 1477 603 autin
1504 509 1664 598 fututum

219 667 293 752 pto
317 637 541 723 hominibus
576 641 752 749 petierit,
781 643 886 744 juxta
915 643 994 739 eius
1027 630 1268 719 voluntatem
1303 638 1343 716 dc
1378 630 1685 743 ordinationem·

218 752 467 836 concedetur.
506 794 525 810 ·
590 744 752 863 Angelis
783 747 827 834 fit
854 745 1072 861 supremum
1107 743 1252 838 coelum
1285 774 1362 860 pro
1399 745 1663 831 habitationes

215 891 376 951 econtra
403 868 534 977 exigo,
558 889 748 948 utineam
765 888 925 947 matrem
947 892 1020 974 pro
1043 858 1104 946 lua
1125 865 1274 974 Regina
1294 857 1519 972 agnoscant.
1547 904 1565 921 ·
1594 857 1666 937 Pro

158 1001 162 1007 ·
189 1037 193 1055 ,
218 977 473 1063 doemonibus
485 976 626 1089 affigno
638 974 770 1061 locum
789 975 959 1092 inostro
970 980 1113 1061 throno
1126 973 1430 1060 remotiffimum.
1451 1020 1469 1037 ·
1524 971 1581 1053 Ex
1599 968 1666 1048 ho·

220 1091 390 1176 minibus
412 1087 566 1203 aliquos
593 1087 698 1204 eligo
721 1090 858 1198 justum
886 1092 959 1175 hos
986 1091 1073 1203 poll
1096 1117 1221 1173 meam
1249 1112 1413 1174 matrem
1440 1087 1608 1170 nomino
1627 1083 1668 1178 in,

218 1206 390 1291 haeredes
413 1208 588 1288 omnium
604 1230 774 1288 mearum
794 1202 1102 1316 promiffionum,
1121 1205 1402 1314 mysteriorum,
1427 1197 1666 1284 benedictio

218 1345 328 1414 num,
350 1315 610 1402 thesaurorum
636 1320 985 1419 Sacramentorum‚
1011 1321 1206 1416 virtutum,
1235 1320 1355 1400 crucis
1384 1361 1401 1377 ·
1430 1317 1515 1398 haec
1540 1311 1583 1394 fit
1602 1333 1665 1392 eo-

218 1457 302 1516 rum
328 1457 413 1540 pars
440 1437 477 1513 dt
500 1433 699 1515 haereditas
729 1435 769 1513 in
787 1431 860 1516 hac
880 1436 968 1514 vita.
995 1480 1013 1496 -
1073 1424 1182 1516 Volo
1216 1433 1331 1515 etiam
1355 1451 1398 1513 ut
1425 1429 1503 1511 hos
1526 1418 1664 1521 clodos

221 1540 448 1652 conservent
473 1542 576 1645 coeli,
602 1541 786 1656 planeta,
809 1550 848 1627 de
874 1541 987 1629 stellae
1008 1543 1080 1628 luis
1100 1544 1332 1642 influxibus3
1368 1547 1408 1626 dc
1430 1565 1475 1625 ut
1497 1565 1568 1624 eos
1596 1560 1661 1620 nu·

191 1705 198 1712 ·
220 1661 334 1752 triam
355 1681 468 1755 terra,
490 1654 695 1755 elementa,
717 1663 756 1741 δι
779 1656 1012 1743 irrationalia
1029 1653 1216 1757 animalia,
1236 1663 1275 1740 dc
1297 1681 1339 1740 ut
1359 1650 1533 1767 ipsorum
1549 1650 1661 1735 benc·

222 1771 343 1856 diciio
372 1769 415 1854 sit
437 1775 477 1854 in
503 1798 592 1856 rore
614 1767 727 1869 coeli,
761 1775 798 1856 de
828 1776 869 1855 in
900 1772 1142 1884 pinguedine
1168 1795 1287 1855 terrae.
1316 1817 1333 1833 ·
1389 1771 1540 1879 impios
1573 1791 1661 1849 con·

116 1898 124 1909 '
218 1883 367 1968 demno
393 1886 444 1967 ad
472 1908 654 1969 aetemum
687 1911 877 1970 carcerem
915 1890 1115 1998 &ignem
1153 1877 1381 1967 infernalem
1418 1921 1456 1946 -·
1495 1886 1586 1964 Hoc
1614 1878 1659 1961 eil

216 2025 349 2083 meum
376 1997 559 2104 judicium
568 2051 582 2095 ,
606 1997 829 2082 Chariffirne
851 2005 986 2100 Patet,
1017 1999 1130 2110 quod
1150 1994 1237 2084 fero
1265 2019 1450 2107 tanquam
1487 1995 1657 2097 judex&

216 2133 333 2220 caput
355 2105 585 2221 angelorum
611 2116 650 2193 dt
675 2113 891 2208 hominum,
920 2117 958 2194 dt
981 2115 1058 2195 hoc
1080 2113 1134 2195 est
1156 2136 1285 2193 meum
1302 2108 1658 2204 Testamentum&

215 2217 350 2307 ultima
371 2217 559 2307 voluntas.
588 2270 606 2288 ·
666 2230 882 2336 Hucusque
913 2219 1067 2309 locutus
1095 2228 1147 2308 cst
1168 2224 1335 2306 Christus
1362 2227 1400 2308 in
1430 2248 1546 2306 cruce
1577 2244 1657 2304 curn

215 2339 352 2444 Patres
382 2342 421 2419 dt
440 2337 520 2419 hoc
541 2339 760 2449 mysterium
788 2361 973 2452 tanquam
998 2333 1164 2423 'clausum
1191 2338 1480 2421 Testamentum
1504 2331 1579 2419 fuit
1604 2359 1655 2417 re·

214 2446 384 2565 pofitum
403 2453 442 2532 in
465 2448 586 2534 corde
610 2458 650 2536 B.
672 2455 862 2565 Virginis,
892 2476 934 2535 ut
952 2449 1021 2538 suo
1039 2477 1220 2565 tempore
1243 2477 1313 2562 per
1334 2454 1414 2555 ejus
1433 2446 1656 2533 interceffio·

215 2587 308 2647 nem
339 2563 492 2648 daretur
518 2570 738 2654 executioni
765 2569 807 2652 in
837 2561 1043 2679 Ecclefia„
1075 2596 1197 2673 1404.
1228 2590 1349 2668 1405.
1383 2578 1510 2667 1406·
1546 2587 1656 2664 ¹407·

217 2695 347 2776 1408.

332 2802 458 2892 1414:
496 2791 672 2904 Qiando
689 2794 857 2878 Christus
881 2799 922 2880 in
944 2796 1127 2881 humeros
1150 2795 1299 2907 accepit
1323 2819 1502 2894 crucem,
1527 2791 1654 2880 sentie-

215 2896 544 2996 bantdoemones
560 2930 706 2990 contra
733 2903 771 2990 se
797 2903 966 3022 aliquam
992 2906 1176 3018 majorem
1199 2912 1290 2992 vim.
1348 2909 1447 2993 ldeo
1475 2905 1655 2994 nolebant

217 3008 383 3125 amplius
402 3016 541 3120 Judaeis
559 3022 598 3100 dc
621 3017 860 3104 carnificibus
886 3021 1063 3107 conferre
1091 3020 1285 3117 auxilium,
1302 3021 1370 3106 sed
1392 3019 1582 3108 volebant
1603 3020 1656 3105 fu·

215 3153 321 3241 gere.
376 3131 457 3213 Sed
478 3158 525 3214 ex
549 3131 734 3243 mandato
761 3142 803 3219 B.
818 3140 985 3248 Virginis
1008 3137 1227 3222 debuerunt
1251 3138 1447 3222 Christum
1469 3139 1580 3250 sequi
1602 3161 1655 3220 us·

208 3269 298 3352 que
315 3250 355 3330 io
369 3269 546 3328 montem
563 3239 795 3351 calvarium.
853 3253 1077 3338 Extremum
1099 3277 1254 3348 catenat,
1280 3278 1360 3364 qua
1374 3278 1444 3333 eos
1457 3245 1654 3336 Deusalli·

215 3377 396 3464 gaverat,
422 3380 502 3440 erat
523 3361 561 3440 in
588 3357 762 3444 manibus
783 3369 821 3444 B.
845 3368 1023 3477 Virginis.
1090 3365 1310 3450 Tentabant
1344 3365 1508 3478 quidem
1533 3363 1653 3477 sapius

53 3476 56 3481 ’
103 3580 108 3585 ⁴
216 3462 365 3577 fugam,
382 3465 447 3552 sed
468 3475 512 3552 B.
530 3473 655 3583 Virgo
682 3499 751 3555 cos
770 3469 918 3586 semper
939 3482 1116 3580 retinuit,
1140 3504 1292 3591 eosque
1315 3485 1475 3590 coegit,
1496 3504 1541 3563 ut
1563 3484 1652 3562 eirca

218 3606 372 3663 crucem
400 3586 566 3682 lacerent
599 3581 821 3673 immobiles
856 3591 1061 3702 usquead
1096 3598 1239 3677 exitum
1257 3643 1282 3684 ,-
1313 3592 1369 3676 ibi
1387 3591 1654 3680 volutabantur

215 3687 326 3804 supra
354 3690 587 3793 seinvicem,
608 3723 650 3781 ut
664 3697 834 3786 formicae
848 3707 889 3787 in
909 3731 1071 3806 acervo,
1087 3732 1152 3790 aut
1170 3705 1263 3789 sicut
1288 3711 1440 3819 vipera.
1563 3745 1573 3751 ·†

222 3912 227 3919 Ι
319 3827 458 3911 ιω.
481 3812 655 3920 Quando
676 3815 843 3899 Christus
860 3823 1123 3927 pronuntiavit
1137 3820 1222 3903 hec>
1235 3819 1371 3906 verba:
1400 3822 1542 3923 Pater,
1561 3826 1574 3908 i
1597 3849 1654 3909 no

142 3920 148 3936 ’
205 3912 274 4036 sce
301 3917 398 4022 illis,
431 3918 691 4037 agnoscebant
720 3953 769 4031 ex
796 3931 856 4015 liis
895 3930 1041 4031 verbis,
1070 3959 1160 4017 eum
1180 3926 1265 4021 „eile‘
1291 3929 1413 4018 filium
1447 3959 1542 4024 natu
1599 3962 1654 4023 em

188 4055 190 4058 ⁴
216 4032 310 4126 Dei.
366 4041 479 4126 Tunc
496 4029 650 4127 Lucifer
668 4031 792 4149 voluit
808 4038 846 4129 ie
861 4041 1096 4160 praecipitate
1113 4051 1154 4135 in
1171 4043 1366 4160 infernum
1389 4055 1490 4141 totis
1503 4056 1655 4147 umbus,

321 4163 331 4174 ’
1055 4183 1056 4187 ‘
1598 4167 1658 4259 sed
