3796 4994
32 301 53 337 l
195 325 263 454 96
622 315 727 462 hg]
749 316 900 430 Prarl.
925 355 981 427 err
1005 312 1207 458 Gersln'e‘.

199 530 344 614 docere
372 532 443 615 'eos
469 525 743 644 professionem
771 515 962 634 luamrin
993 560 1072 648 qua
1105 534 1323 616 nutriuntur
1351 525 1514 632 allidue,
1547 557 1645 648 qua-

197 639 284 729 liter
306 647 469 730 obedire
495 644 679 758 superiori
710 649 900 745 debeant,
927 648 1069 732 etiamst
1090 643 1156 731 ille
1183 644 1290 730 foret
1314 641 1496 730 diabolus
1522 651 1646 731 incar·

200 786 324 849 natus.
394 755 510 844 Tales
543 762 708 861 docent,
746 764 861 874 quod
889 759 943 848 illi
968 761 1038 847 stnt
1061 755 1299 871 impostori,
1330 764 1399 873 qui
1422 764 1461 842 in
1479 759 1647 844 adversas

202 871 360 962 dolente
390 902 478 956 cum
505 901 635 958 tamen
668 904 740 960 nec
775 869 910 974 Malia,
941 905 1015 960 nec
1045 872 1197 975 Paulus,
1221 878 1345 956 immo
1373 901 1446 957 nec
1474 878 1655 960 Christus·

198 989 308 1072 haud
327 989 447 1072 dubie
465 986 717 1100 perferriffimi
747 990 887 1075 fuerint
910 987 1060 1074 doloris
1085 1012 1280 1101 expertesr
1317 988 1446 1072 immo
1467 989 1494 1071 fi
1512 987 1649 1075 desunt

198 1130 328 1301 Eoenae
344 1099 480 1200 sensus,
510 1102 635 1216 qualis
658 1130 739 1188 erat
761 1111 952 1216 patientiae
977 1109 1123 1188 virtus?
1147 1104 1253 1188 'dicit
1275 1098 1416 1199 altera,
1439 1102 1476 1187 se
1498 1108 1648 1190 annihi-

238 1241 316 1300 tam
340 1215 448 1301 fuisse
469 1246 544 1329 pro
562 1217 713 1302 motula
735 1225 935 1331 temporis.
992 1214 1126 1303 Altera
1152 1218 1261 1313 dicit,
1282 1217 1395 1329 quod
1422 1215 1648 1304 mirabiliori

200 1336 347 1416 unione
366 1335 476 1416 Deus
501 1331 571 1416 fibi
592 1333 809 1431 uniebatur,
837 1334 958 1446 quam
980 1335 1206 1418 humanitati
1227 1326 1402 1443 susceptae
1421 1336 1462 1415 in
1480 1335 1646 1421 Christo.

198 1449 349 1560 Neque
372 1471 503 1531 tamen
525 1476 594 1560 per
618 1449 698 1533 hoc
729 1450 962 1561 derogamus
989 1449 1116 1561 graciae
1143 1450 1241 1546 Dei,
1272 1473 1405 1558 neque
1426 1445 1648 1551 munerum,

200 1588 300 1675 quas
323 1556 463 1671 elegit,
484 1558 731 1675 privilegiata
757 1561 958 1652 sanctitatis
988 1562 1052 1646 sed
1079 1561 1197 1647 nobis
1227 1555 1467 1673 vigilandum
1499 1566 1554 1646 est
1580 1564 1650 1645 ad·

174 1671 328 1765 uersus
351 1679 502 1761 astutias
523 1673 689 1766 diabolis
729 1674 941 1763 &cautela
971 1672 1117 1787 duplex
1152 1671 1339 1759 sumenda
1365 1679 1429 1761 est.
1517 1680 1649 1763 Primo

202 1794 329 1874 omnis
351 1790 525 1875 dohrina
547 1786 766 1890 mulierum,
795 1795 961 1877 maxime
985 1787 1152 1876 solennis
1181 1790 1306 1873 verbo
1328 1784 1391 1885 vel
1410 1784 1566 1902 scripto,
1590 1819 1649 1876 re·

199 1903 372 2020 putanda
390 1908 444 1989 est
463 1901 644 2019 suspecta,
668 1907 735 2001 nili
759 1908 888 1991 modis
912 1905 1074 2025 praefatis
1096 1904 1211 1989 fuerit
1234 1900 1438 2017 diligenter
1457 1913 1651 1991 examina·

200 2044 254 2117 ta,
286 2025 326 2102 δι
347 2015 474 2104 multo
489 2016 666 2133 amplius,
681 2019 803 2134 quim
827 2023 1005 2126 doctrina
1028 2022 1214 2105 uirorum.
1271 2024 1379 2104 Patet
1404 2025 1521 2110 ratior
1559 2027 1652 2134 quia

199 2128 266 2220 lex
290 2133 522 2232 communis,
550 2164 626 2220 nec
651 2131 937 2250 qualiscunque
960 2131 1026 2219 sed
1050 2136 1180 2218 diuina
1202 2161 1266 2219 eas
1291 2160 1411 2218 accen·
1476 2141 1651 2241 Quare?

201 2255 309 2359 Quia
329 2244 476 2333 facilius
494 2248 751 2348 leduehbiles‚
779 2256 873 2364 quia
887 2255 1118 2362 pertinacius
1136 2246 1378 2346 seductrices,
1398 2255 1434 2332 u
1456 2255 1654 2363 quianon

203 2365 364 2464 constat,
393 2390 457 2449 eas
481 2362 619 2450 divinae
645 2368 774 2478 gratiae
792 2361 867 2467 esse
895 2368 1139 2481 cognitrices.
1206 2364 1289 2459 ,Ubi
1317 2361 1402 2479 lunt
1430 2361 1566 2479 scripta
1589 2388 1656 2485 (ος

202 2470 528 2565 devotissimarum
555 2472 967 2596 eruditiffimatu'mqu'e
984 2479 1247 2581 foeminarum‚
1274 2478 1367 2563 srcut
1391 2473 1535 2583 Paulae,
1550 2475 1657 2583 sicut,

200 2596 479 2682 Eustochium?
523 2596 645 2682 Certe
679 2589 785 2678 nulla
811 2590 1038 2708 supersunt,·
1071 2598 1163 2707 quia
1192 2591 1297 2677 nulla
1323 2591 1653 2707 praesumpserunt.

201 2711 384 2794 Secunda
402 2705 550 2793 cautela
569 2712 643 2799 esta
687 2707 925 2799 Conferamr
948 2713 1070 2794 statim
1093 2710 1273 2792 doctrina
1294 2738 1365 2822 per
1385 2706 1548 2821 fingulas
1571 2709 1652 2795 sen·

64 2833 68 2836 ’
203 2829 339 2912 tertias
367 2830 407 2907 dt
436 2824 569 2920 verba,
600 2819 632 2908 li
661 2822 705 2908 fit
729 2822 942 2908 conformis
965 2826 1016 2908 ad
1044 2826 1244 2909 Doctores
1269 2825 1527 2936 approbatos,
1558 2831 1598 2909 δι
1621 2822 1655 2912 li

202 2941 274 3028 srcr
303 2938 404 3052 quid
427 2938 549 3022 addat
575 2939 626 3023 ad
660 2933 751 3023 illos
771 2943 812 3023 in
842 2938 1022 3052 pondere
1052 2932 1321 3022 sententiatum
1334 2997 1347 3037 ,
1374 2935 1437 3021 vel
1455 2934 1656 3054 religionis

202 3053 472 3151 odinatione,
502 3049 717 3166 pensetur.'
780 3055 878 3137 Sunt
911 3059 1013 3139 enim
1030 3052 1227 3137 ‘dourrnae
1260 3054 1438 3166 quadam
1465 3054 1656 3141 habentes

101 3252 107 3264 ,
201 3167 300 3255 folia
329 3167 539 3253 verborum
567 3167 674 3285 quast
700 3162 974 3280 speciosrffima‚
1002 3197 1090 3283 quae
1119 3166 1147 3252 fi
1175 3165 1431 3267 discutiantur,
1448 3172 1658 3256 inveniun-

88 3282 100 3381 J
202 3309 267 3370 tur
300 3279 445 3368 similes
471 3278 657 3380 ficulneae,
688 3287 747 3367 cui
772 3284 972 3368 maledixit
999 3286 1206 3384 Dominus,
1236 3289 1326 3396 quia
1355 3281 1440 3368 sunt
1467 3279 1556 3369 sine
1578 3284 1658 3370 fru-

205 3406 290 3488 &ur
319 3422 385 3482 aut
407 3408 480 3508 pro
510 3395 706 3482 fructum
736 3424 858 3511 poma
891 3399 1077 3504 Sodomae
1113 3398 1282 3482 reddunt
1320 3395 1444 3482 solum
1473 3403 1658 3502 cinerem,

205 3540 293 3628 quo
318 3512 495 3709 tuhbatur
519 3508 659 3616 sensus,
681 3541 765 3598 non
792 3511 958 3600 reficitur
983 3514 1163 3611 arrectus,
1185 3510 1260 3596 nec
1282 3514 1441 3599 tandem
1463 3509 1659 3614 illumina·¹
1689 3546 1693 3551 ·

205 3631 515 3715 mmmm
728 3664 731 3669 ·
1162 3634 1275 3663 ’·

310 3829 483 3959 Regula
521 3860 595 3962 19·
632 3823 987 3932 Revelationes
1015 3822 1309 3940 mulierum,
1338 3823 1531 3928 etiamli
1563 3825 1659 3930 srnt

209 3963 826 4075 conformes-communi
873 3969 1112 4099 dochinae
1160 3963 1587 4108 Theologorum,
1623 3968 1659 4091 st

23 4141 28 4155 =
66 4090 79 4103 ’
128 4184 132 4189 -
179 4118 387 4221 'tamen
420 4107 544 4218 nihil
577 4120 881 4245 contineant
905 4104 1123 4265 ,malOtiS
1160 4109 1405 4234 utilitatis,
1441 4111 1658 4243 ‘elem'

1579 4254 1660 4359 dae

1055 4407 1097 4442 l
1206 4444 1208 4449 .
