3796 4994
564 231 840 367 Regularum
875 208 1201 335 Seminarium.
1506 268 1605 371 279
1701 201 1703 205 Α
1754 285 1762 290 --

270 433 427 557 Regula.
451 463 524 551 41.
582 437 1606 558 idemdicendumstnoninptimunranimaquan·
1755 418 1764 427 ⁸

155 556 245 642 darn
264 552 549 653 certitudinem,
572 555 686 666 quod
706 554 785 639 xfint
806 554 830 640 a
849 560 953 640 Deo.
991 556 1048 641 lb.
1595 604 1598 615 ·

265 666 422 786 Regula.
453 699 521 769 42.
577 670 688 753 Idem
715 669 982 770 dicendumst
1001 668 1238 756 fintblandae
1263 667 1618 775 ac.conlolatorioe,·
1728 706 1734 724 ’

155 793 194 872 be
218 811 348 871 tamen
368 806 449 867 non
466 766 798 894 inprimantfftmul
820 781 961 868 sensum
985 785 1188 898 profunda
1204 788 1492 890 humilationis,
1514 817 1609 877 con«

155 901 325 1014 temperis
351 895 532 982 videlicet
555 904 999 1010 proprii‚,contritionis.
1023 907 1099 985 &c
1128 901 1423 1004 lb.Joa.R.1t.
1476 902 1478 907 ’
1577 998 1580 1003 ,

269 1011 427 1133 Regula.
456 1045 523 1118 43.
582 1015 690 1099 Idem
716 1014 952 1112 dicendum,
974 1014 1000 1100 st
1023 1012 1149 1102 secum
1173 1015 1335 1129 quidem
1363 1015 1493 1101 ferant
1511 1021 1609 1105 inci·
1686 1088 1692 1097 .

154 1127 323 1218 tamenta
347 1130 396 1213 ad
420 1127 599 1228 bonum,
618 1123 683 1214 sed
706 1157 789 1227 non
813 1131 1041 1220 constantiar
1084 1137 1209 1217 immo
1235 1157 1324 1241 eum
1349 1134 1607 1233 incitamentis

156 1250 206 1334 ad
226 1250 360 1331 vitium
379 1249 597 1349 conjunlia,
624 1242 755 1357 ficqne
771 1242 1031 1358 perturbativa
1053 1252 1156 1356 pacis
1177 1250 1346 1330 internae.
1402 1249 1463 1332 Ib.
1536 1302 1541 1309 -
1600 1344 1607 1357 ι

266 1357 423 1477 Regula.
460 1391 527 1463 44.
586 1360 694 1442 idem
713 1361 939 1457 dicendum,
956 1360 983 1452 st
998 1359 1140 1457 fuerint
1154 1368 1366 1464 coniunliae
1386 1391 1473 1449 cum
1493 1363 1606 1449 vibo·

156 1505 207 1565 ne
230 1479 370 1567 Christi
393 1478 459 1558 diu
488 1470 762 1585 perseverante.
820 1475 919 1561 ibid.
1281 1497 1286 1507 ·
1722 1480 1726 1487 “

271 1586 424 1708 Regula.
454 1616 520 1691 45-
580 1590 689 1673 idem
708 1592 929 1691 dicendum,
952 1589 978 1676 fi
998 1597 1177 1689 veritates
1196 1589 1372 1679 revelatae
1391 1620 1473 1680 non
1492 1593 1607 1681 inhae-

155 1734 263 1797 teant
286 1707 459 1790 distincie
485 1710 690 1790 memoriae.
744 1705 799 1788 lb.
822 1710 860 1788 br
881 1711 965 1807 Joa.
987 1714 1036 1791 R.
1061 1735 1125 1791 tt.
1662 1792 1670 1811 ‚

229 1876 232 1881 ·
270 1812 428 1940 Regula.
460 1834 528 1922 46.
588 1821 697 1904 idem
724 1820 949 1919 dicendum,
970 1821 995 1905 si
1014 1824 1106 1936 post
1120 1820 1160 1906 ie
1180 1817 1405 1936 relinquunt
1424 1828 1608 1935 tentatio:

156 1969 226 2028 nes
249 1964 385 2022 contra
408 1935 542 2021 fidem.
599 1935 658 2020 lb.
724 2033 725 2036 p

270 2049 426 2169 Regula.
457 2083 528 2153 47.
581 2045 857 2135 Revelationes
879 2053 1047 2164 privata,
1070 2078 1158 2165 quae
1172 2054 1213 2135 in
1242 2056 1400 2137 materia
1428 2051 1521 2138 fidei
1542 2057 1608 2140 in&

157 2171 303 2258 vehunt
318 2166 468 2281 aliquid
486 2169 593 2265 novi,
619 2170 795 2279 quamvis
814 2168 856 2251 id
873 2195 956 2251 non
979 2166 1023 2250 lit
1042 2169 1273 2252 contrarium
1292 2167 1477 2256 dolirinae
1494 2168 1606 2270 fidei,

156 2279 396 2401 probabilius
411 2277 509 2367 falsae
529 2283 623 2367 lunt.
651 2285 740 2384 Joa.
755 2289 803 2366 R.
823 2311 888 2377 19.
947 2287 1064 2365 Ratio
1090 2284 1156 2382 est,
1176 2286 1269 2396 quia
1293 2285 1402 2368 Deus
1419 2313 1503 2371 non
1520 2280 1607 2369 vult

152 2398 363 2488 Ecclesiam
386 2404 552 2512 ejusque
572 2394 691 2481 fidem
715 2397 880 2511 dirigere
905 2398 1122 2510 permedia
1144 2397 1196 2482 de
1216 2395 1253 2482 ie
1272 2402 1429 2498 incerta,
1453 2425 1494 2484 ut
1521 2396 1607 2485 lunt

151 2518 406 2604 revelationes
429 2517 593 2628 privata.

266 2630 323 2715 Re
349 2626 423 2715 ula.
454 2650 524 2730 48.
580 2621 857 2713 Revelationes
893 2626 1078 2714 ordinatae
1112 2656 1183 2739 per
1220 2627 1385 2713 modum
1424 2622 1607 2715 discutitis

153 2747 242 2860 poll
257 2654 561 2857 appbicationem
579 2746 695 2826 animi
716 2741 766 2825 ad
785 2737 917 2827 sinnii-a
938 2742 1104 2849 objecta,
1119 2740 1361 2853 probabilius
1386 2739 1472 2830 lunt
1493 2739 1605 2831 falla.

153 2867 243 2967 Joa.
264 2864 365 2973 Reg.¹
381 2889 449 2944 22.
507 2861 623 2943 Ratio
652 2860 726 2954 est,
751 2861 842 2971 quia
869 2884 999 2941 earum
1023 2861 1219 2943 invenitur
1248 2853 1355 2943 causa
1381 2860 1605 2946 vicinior&

155 2981 299 3061 certior
314 2981 353 3059 in
379 2971 583 3087 phantafia
643 2977 735 3056 Hac
755 2997 883 3056 tamen
908 2975 1063 3071 omnia,
1082 3002 1169 3087 qua
1193 2977 1233 3056 in
1258 2975 1338 3057 hoc
1363 2975 1606 3088 paragrapho

153 3095 258 3178 dina
280 3085 390 3188 sunt,
413 3084 574 3201 intelligi
604 3081 744 3183 velim,
775 3083 1112 3200 nifiprasumptio
1140 3084 1308 3173 falsitatis
1339 3116 1539 3204 purgetur,
1560 3090 1614 3179 ,δι’
1689 3146 1693 3151 -

154 3203 320 3292 elidatur
344 3233 413 3320 per
436 3203 578 3290 indicia
596 3229 694 3288 verre
713 3198 957 3288 revelationis
977 3198 1133 3288 aliunde
1152 3227 1267 3290 certa.
1668 3236 1673 3244 ·

803 3386 847 3524 i·
921 3431 969 3518 4·
1541 3482 1545 3489 -

242 3545 346 3704 De
370 3564 886 3699 Revelationibus
907 3563 1087 3708 ⁴certo
1121 3605 1256 3695 non
1286 3566 1524 3703 divinis.
1590 3743 1593 3746 Q

152 3772 407 4049 REuula.
444 3805 479 3861 t.
532 3769 806 3859 Revelationes
827 3775 935 3856 certb
958 3800 1039 3857 non
1059 3768 1144 3856 lunt
1170 3774 1322 3874 divina,
1346 3802 1511 3888 quarum
1535 3785 1608 3865 cir·
1738 3764 1744 3769 ⁸

301 3882 532 4001 Eumibntiae
551 3917 752 4003 nunquam
772 3897 982 3996 conjunl'tae
1000 3883 1084 3972 sunt
1110 3894 1198 3971 ciam
1220 3893 1312 3976 vere
1332 3893 1479 3977 divinis.
1534 3899 1607 3979 Pa·

299 4031 359 4092 tet
378 4036 426 4093 cx
448 4003 678 4091 delinitione
699 4007 938 4090 certitudinis
955 4008 1058 4114 juxta
1075 4011 1211 4089 Artem
1228 4007 1428 4093 Criticam.

1445 4158 1603 4277 Regula,
