3796 4994
322 344 419 454 278
725 313 1006 477 Regularum&
1034 332 1358 432 Summanum.

438 530 595 651 Regula.
632 562 695 638 32.
754 533 1052 637 Revelationes,
1091 541 1229 650 eoipsb
1258 539 1372 652 quod
1407 537 1478 623 snt
1505 534 1659 632 alicuius
1688 566 1774 621 mu·

322 648 437 744 lieris,
466 645 660 736 finnllum
681 651 849 735 habeant
866 655 1077 765 ¹positivum
1103 657 1359 737 charaRercm
1383 683 1480 736 uerae
1513 650 1773 752 revelationis,

320 769 419 849 inter
447 760 685 874 probabilius
724 763 831 848 salsas
860 765 1166 852 habendaesunt.
1209 769 1303 879 Syb.
1328 777 1487 879 Rega.
1560 776 1676 850 Ratio
1707 769 1773 863 est,

318 882 415 992 'quia
436 873 564 960 inillis
586 881 726 964 dantur
747 881 916 992 positivae
935 880 1202 996 dispositiones
1219 883 1267 965 ad
1279 883 1426 966 Eslases
1438 880 1640 967 naturales.
1672 885 1774 969 Cast.

322 1002 371 1080 R.
391 1023 452 1090 ¹7·
478 997 597 1076 GraV.
613 1001 661 1078 R.
678 1025 711 1078 r.
731 1005 848 1106 prust.
871 1002 995 1112 Marg.
1010 1004 1064 1082 Ν
1084 1029 1116 1081 r.
1134 1030 1170 1082 a.

442 1105 583 1213 Regula
616 1140 679 1212 33.
738 1109 1014 1197 Revelationes
1045 1120 1219 1224 privarat,
1250 1137 1337 1226 quae
1366 1115 1407 1193 in
1442 1110 1581 1194 eadem
1612 1109 1776 1225 persona

323 1216 470 1333 semper
496 1250 542 1306 ac
566 1228 784 1311 constanter
813 1225 907 1310 fiunt
930 1227 997 1311 sub
1025 1225 1224 1340 speciebus
1253 1252 1379 1311 rerum
1406 1221 1654 1325 sensibilium,
1684 1259 1777 1342 pro·

323 1337 489 1422 babilius
509 1337 592 1421 sunt
613 1335 687 1422 sals
711 1400 721 1421 .
781 1348 874 1425 Rus.
894 1352 992 1455 Reg.
1023 1372 1058 1426 r.
1114 1347 1232 1426 Ratio
1254 1345 1320 1437 est,
1350 1344 1440 1452 quia
1468 1345 1577 1424 Deus
1601 1370 1682 1427 non
1714 1341 1776 1429 so-

302 1447 379 1551 ,let
396 1455 613 1537 constanter
646 1461 797 1567 operari
831 1461 955 1540 modo
984 1463 1214 1570 imperlesio
1240 1485 1313 1568 pro
1332 1457 1582 1540 instruslione
1607 1464 1777 1570 privarat

324 1595 391 1654 aut
409 1574 510 1651 enim
527 1567 795 1680 imperseslum
815 1571 976 1682 perficit,
997 1600 1061 1656 aut
1085 1567 1329 1684 derelinquit.

449 1680 597 1800 Regula.
631 1714 697 1796 34.
755 1684 1031 1772 Revelationes
1069 1691 1121 1772 de
1156 1687 1319 1792 objectis
1353 1681 1509 1767 curiosis
1535 1685 1779 1798 probabilius

324 1794 411 1885 sunt
432 1798 542 1886 fala.
596 1806 674 1885 Pie.
697 1809 746 1886 R.
771 1830 835 1884 ιι.
894 1808 1012 1887 Ratio
1042 1809 1109 1902 eli,
1138 1808 1231 1916 quia
1255 1792 1527 1913 revelationes,
1555 1828 1597 1886 ut
1616 1809 1778 1893 miracu·

322 1908 375 2015 la,
408 1943 491 2000 non
516 1914 612 2000 fiunt
641 1914 719 2000 sine
746 1915 974 2005 neceffitate.
1320 1951 1323 1955 ’

250 2122 252 2129 ,
407 2029 590 2148 'Regula
622 2061 688 2136 35.
743 2028 1020 2145 Revelationes
1042 2033 1302 2144 personarum,
1316 2038 1355 2115 in
1372 2031 1516 2146 quibus
1538 2038 1780 2143 reperiuntur
1850 2021 1860 2035 ⁸

215 2213 224 2221 .
329 2141 446 2233 eausa
472 2151 704 2259 propinquae
725 2143 926 2245 fraudum,
956 2173 1022 2231 aut
1042 2143 1275 2247 illusionum,
1296 2144 1536 2258 probabilius
1559 2143 1658 2232 falsat
1682 2147 1779 2238 sunt.

327 2266 408 2349 Pie.
432 2269 482 2345 R.
509 2289 573 2360 14.
626 2263 746 2344 Ratio
779 2263 855 2357 est,
888 2266 980 2375 quia
1013 2266 1118 2363 iuxta
1145 2265 1281 2347 Artem
1320 2264 1505 2345 Criticam
1547 2260 1645 2348 Phil.
1679 2263 1781 2353 Poll.
1847 2306 1850 2311 ·

193 2427 196 2431 ·
328 2372 434 2491 quod
451 2401 613 2490 pronum
639 2372 805 2486 ejlfieri,
826 2373 1051 2492 regulariter
1061 2375 1124 2484 fil,
1145 2381 1186 2462 in
1211 2374 1305 2462 serie
1321 2372 1503 2464 videlicet
1519 2375 1670 2464 casuum
1686 2408 1782 2466 con·

328 2487 516 2581 fimllium.

441 2605 596 2725 Regula.
631 2619 696 2711 36.
754 2604 1172 2807 Revelationes,fpuae
1206 2607 1393 2692 recedunt
1419 2606 1442 2693 ai
1467 2605 1645 2694 consueta
1671 2636 1783 2694 reve-

207 2700 210 2704 ,
272 2798 275 2806 .
329 2723 523 2837 sationum
558 2718 751 2824 formula,
781 2723 1022 2836 probabilius

326 2840 428 2954 λος.
446 2867 601 3072 slspula
635 2985 700 3059 37.
754 2949 1043 3050 Revelationes,
1077 2979 1162 3064 quar
1188 2980 1270 3035 non
1299 2949 1496 3036 manifest&
1518 2950 1723 3066 praeferunt
1738 2983 1783 3039 u·

329 3069 507 3160 tilitatem
540 3096 790 3155 communem
817 3094 882 3155 aut
909 3073 1135 3182 propriam,
1165 3067 1406 3181 probabilius
1432 3064 1529 3153 falsat
1552 3064 1649 3154 sunt.
1702 3076 1783 3157 Pie.

325 3193 428 3304 λος.
445 3205 604 3420 sspula.
635 3320 700 3406 38.
731 3296 1031 3396 Revelationes
1062 3303 1161 3382 circa
1195 3324 1255 3382 res
1282 3293 1454 3381 levissimi
1476 3303 1690 3395 momenti,
1718 3324 1784 3384 aur
1870 3296 1876 3302 ’

243 3469 251 3478 ··
330 3423 430 3519 cirea
448 3422 628 3502 veritates
646 3412 805 3504 aliunde
826 3443 963 3514 notas,
989 3410 1230 3526 probabilius
1261 3408 1358 3496 salsae
1378 3410 1472 3496 sunt.
1529 3415 1649 3524 Thyr.
1671 3422 1719 3497 R.
1749 3448 1783 3499 r.

449 3530 603 3650 Regula.
634 3561 698 3634 39.
758 3530 1058 3627 Revelationes,
1088 3555 1175 3641 quae
1204 3524 1352 3613 nullum
1377 3528 1465 3637 post
1495 3523 1533 3611 se
1558 3525 1784 3641 relinquunt
1850 3536 1852 3539 ”

331 3646 512 3736 effessum
539 3642 878 3760 supernaturalem,
909 3677 945 3732 v.
965 3674 999 3758 g.
1031 3671 1166 3754 pacem
1190 3648 1393 3737 internam,
1412 3646 1450 3725 &
1474 3637 1707 3727 alacritatem
1733 3647 1785 3727 ad

328 3769 489 3855 virtutes
517 3768 591 3850 &o
629 3759 871 3876 probabilius
906 3759 989 3846 sunt
1020 3754 1130 3844 falsae.
1154 3876 1159 3883 1
1184 3759 1224 3843 S.
1250 3759 1366 3843 Ther.
1391 3764 1489 3870 Reg.
1512 3787 1546 3841 2.
1573 3762 1667 3862 Joa.
1687 3764 1786 3871 Reg.

1112 2721 1156 2806 sae
1193 2719 1292 2808 sunt.
1359 2729 1439 2808 Pie.
1471 2730 1661 2839 Reg.16.
1698 2732 1782 2812 Par.

167 3878 169 3882 ⁸
331 3904 495 3977 11.14.

443 3988 603 4110 Regula.
634 4019 703 4092 40.
761 3993 871 4077 ldem
894 3987 1120 4084 dicendum,
1151 3984 1176 4070 li
1201 3980 1459 4070 revelationes
1480 3981 1578 4069 sunt
1600 3982 1786 4100 frequen·

261 4142 266 4146 “
329 4136 403 4211 tes,
431 4115 468 4194 δι
495 4134 625 4193 tamen
650 4103 757 4196 nulla
776 4107 993 4194 revelantur
1014 4107 1203 4216 mysteria.
1261 4099 1322 4185 lb.

1625 4281 1786 4404 Regula.
