3796 4994
219 336 298 413 ,ao
419 392 423 397 .
695 306 872 444 Regula
895 339 954 408 ex
981 307 1199 417 Patribus.

226 516 376 619 „mine
397 509 604 600 liellitntus
620 517 659 601 in
680 519 855 603 Paroreia
875 511 1115 602 calamensis
1132 512 1335 616 Ecclesia,
1364 516 1434 631 qni
1457 515 1625 632 quando
1641 520 1678 604 ei

230 685 261 735 ‚,
271 624 474 742 placebat,
501 630 553 713 ad
576 634 740 716 imitatas
781 635 892 746 quasi
920 628 1165 718 lamentantis
1184 628 1387 738 cuiuslibet
1413 633 1583 718 hominis
1611 660 1683 718 vo·

233 772 338 850 „ces
353 746 408 828 ita
426 738 467 844 se
488 741 690 831 auferebat
708 745 732 832 i
752 743 945 847 sensibus,
973 753 1013 830 dr
1038 748 1188 850 lacebat
1210 740 1418 836 simillimus
1439 770 1622 846 mortuo,
1646 771 1687 855 ut

233 886 356 962 „non
375 853 499 944 solrlm
521 856 744 946 vellicantes
762 887 884 976 atque
906 887 1124 977 pungentes
1145 861 1303 948 minim&
1321 858 1499 960 sentiret,
1531 857 1597 945 sed
1622 856 1691 946 ali·

232 973 437 1088 „quando
462 978 577 1058 etiam
594 981 687 1090 igne
709 977 934 1061 adureretur
963 978 1131 1061 admoto
1159 975 1238 1064 stne
1261 972 1344 1061 ullo
1371 971 1521 1061 doloris
1553 970 1688 1074 sensu,

234 1093 347 1190 „nisi
364 1088 616 1198 postmodum
637 1119 685 1175 ex
708 1087 883 1175 vulnere.
940 1098 1145 1206 Tanquam
1168 1100 1208 1177 in
1227 1089 1416 1176 defuneto
1434 1085 1561 1175 nullus
1582 1095 1691 1175 inve·
1732 1101 1734 1112 '

234 1200 455 1307 „niebatur
484 1198 704 1295 anhelitus,
746 1208 949 1291 hominum
975 1232 1106 1293 tamen
1141 1236 1283 1307 voces,
1319 1202 1512 1290 stalariur
1545 1199 1692 1407 lop‘ue-

233 1343 438 1519 „tbentur,
468 1343 655 1435 tanquam
679 1320 731 1406 de
771 1315 998 1437 longinquo
1020 1316 1059 1410 se
1096 1324 1230 1411 audire
1265 1319 1517 1436 postmodum
1547 1346 1590 1408 re
1631 1346 1691 1409 re·

235 1486 270 1536 2,
310 1457 400 1532 at„
1631 1481 1636 1493 ·

236 1646 262 1733 3
345 1601 517 1733 Regula
581 1630 594 1700 r
613 1631 657 1729 5.
718 1596 943 1704 Visiones
991 1605 1150 1703 etiam
1192 1629 1316 1707 eum
1361 1610 1548 1706 eventu
1581 1627 1693 1703 non

238 1736 355 1846 sunt
392 1741 587 1878 semper
623 1739 1034 1878 supernaturales·
1106 1766 1301 1853 Probatur
1325 1793 1375 1850 ex
1404 1791 1546 1850 eventu
1572 1791 1695 1878 quem

201 1991 208 1999 f
241 1879 361 2013 refert
381 1880 421 1969 S.
447 1876 686 2000 Augustinus
711 1882 755 1970 L
777 1911 843 1968 ra.
871 1879 918 1968 de
940 1881 1040 1970 Gen.
1079 1879 1135 1969 ad
1160 1881 1253 1969 Litt.
1284 1881 1324 1965 C.
1358 1909 1422 1966 ar.
1456 1883 1515 1965 his
1541 1879 1694 1965 verbis:

244 1997 464 2111 „Quidam
485 2005 645 2105 jttvencs
666 1999 841 2107 jocando
855 2022 899 2082 ut
913 1993 1092 2084 fallerent
1115 1996 1182 2081 ubi
1201 2000 1391 2108 peregrini
1415 1999 1487 2079 iter
1511 1995 1695 2107 agebant,

241 2112 579 2215 „mathematicos
600 2110 638 2198 se
650 2111 733 2199 ‘elle
756 2112 962 2200 finxerunt.
1018 2118 1102 2224 Qui
1125 2139 1213 2195 cum
1232 2109 1435 2223 Hospitem
1460 2107 1569 2194 suum
1583 2115 1696 2193 mira·

110 2334 118 2345 ⁸
243 2230 315 2328 „ti
340 2251 563 2323 cernerent,
593 2254 681 2341 quae
714 2227 926 2325 dicebant,
954 2227 1137 2312 audacius
1179 2233 1218 2309 in
1248 2220 1356 2338 plura
1386 2223 1567 2339 progressi
1601 2221 1699 2311 sunt.

244 2336 433 2447 „At-ille
456 2340 507 2427 ab
532 2345 587 2425 eis
608 2343 809 2452 postremo
838 2341 892 2428 de
914 2337 982 2426 filii
1000 2337 1118 2428 salure
1144 2340 1341 2454 quaesivit,
1370 2368 1490 2454 quem
1527 2342 1599 2423 diu
1627 2339 1698 2423 ab·

244 2453 433 2559 „sentem
456 2455 718 2556 desiderabat,
750 2461 789 2542 &
813 2458 927 2572 quod
944 2458 1143 2573 inopinate
1166 2455 1356 2552 tardaret,
1385 2456 1550 2569 nequid
1575 2459 1613 2539 ei
1634 2481 1700 2538 ae·

246 2565 457 2679 „cidusrn
488 2566 671 2657 sollicitus
689 2597 781 2659 erat.
839 2573 897 2659 At
914 2570 971 2659 illi
992 2601 1076 2658 non
1103 2597 1300 2668 curantes,
1328 2571 1427 2683 quid
1450 2573 1539 2683 post
1560 2597 1699 2655 eorum

244 2682 495 2792 „abscessum
519 2690 600 2795 veri
619 2685 939 2801 cognosceretur,
971 2687 1193 2774 dummodo
1214 2692 1254 2772 in
1272 2683 1465 2798 prasentia
1478 2682 1608 2770 lartum
1621 2687 1697 2771 ho·

154 2854 161 2867 ·
208 2874 217 2891 .
246 2805 429 2904 „minem
447 2801 678 2900 redderent,
707 2832 802 2911 mox
820 2800 1033 2915 profecturi
1051 2799 1352 2912 responderunt,
1381 2794 1523 2884 salvum
1540 2827 1587 2883 ac
1605 2827 1698 2911 pro·

247 2921 567 3029 „pinquanterm
598 2921 638 2999 δι
661 2945 712 3002 eo
731 2915 816 3029 ipso
837 2917 928 3015 die,
955 2946 1040 3031 quo
1061 2919 1143 3001 ltaec
1175 2913 1464 3115 lopuebantur,
1493 2911 1568 2999 else
1603 2943 1697 2997 ven-

248 3057 428 3134 „turum
499 3031 611 3141 Quid
640 3025 796 3118 multa?
825 3031 921 3116 dum
949 3039 1023 3138 jam
1046 3033 1152 3116 abite
1175 3034 1215 3114 di
1231 3055 1453 3144 ponerent,
1484 3056 1576 3114 ecce
1597 3024 1699 3114 subi·

249 3203 278 3249 „
292 3172 336 3230 to
360 3149 416 3228 eis
437 3141 656 3233 adhucillic
675 3144 808 3258 politis
830 3150 949 3232 venit.
1007 3154 1103 3232 ltem
1132 3143 1227 3231 alius
1249 3170 1339 3231 ante
1362 3147 1699 3258 symphoniacum

112 3284 123 3297 ³
239 3318 280 3363 t„
296 3255 484 3361 saltabat,
514 3260 581 3344 ubi
610 3286 716 3345 erant
741 3254 863 3348 multa
879 3255 994 3345 idola
1018 3290 1088 3373 pet
1114 3261 1312 3376 quandam
1353 3265 1600 3374 Paganorum
1638 3256 1699 3342 so-

249 3371 537 3479 „lennitatem,
566 3404 649 3460 non
673 3372 808 3489 aliquo
828 3373 958 3486 spiritu
984 3403 1183 3489 arreptus,
1219 3373 1287 3460 sed
1311 3379 1528 3460 imitatione
1550 3368 1701 3460 ludicra

146 3520 154 3533 ’
250 3494 505 3602 „arreptitios
524 3485 721 3577 aemulatus
751 3488 958 3576 scientibus
997 3490 1324 3576 circumstantibus
1356 3497 1396 3573 dr
1429 3486 1702 3603 spectantibus.

248 3601 359 3711 „illc
382 3633 477 3717 ergo.
495 3611 597 3691 inter
619 3601 829 3690 saltandum
848 3602 954 3690 fado
980 3606 1050 3693 srbi
1072 3605 1225 3691 silentio
1236 3604 1482 3710 jocabundus
1506 3609 1545 3689 dt
1569 3605 1702 3688 tidem

248 3745 327 3826 „te
352 3717 599 3805 multitudine
632 3715 902 3833 circumseptus
926 3750 971 3806 ea
1000 3729 1142 3820 nodie,
1170 3749 1257 3836 qua
1285 3720 1563 3832 impendebat,
1590 3724 1631 3803 in
1656 3744 1704 3805 ea

250 3893 280 3940 „
290 3830 420 3948 sylva,
451 3863 539 3947 quar
562 3841 668 3941 juxta
687 3860 790 3933 erat,
817 3837 1060 3921 hominema
1087 3841 1224 3921 Leone
1250 3838 1525 3947 interemptum
1554 3837 1621 3931 iri,
1651 3834 1704 3919 ad

251 3957 396 4056 „cuius
412 3950 577 4032 cadaver
597 3946 845 4058 spectandum
880 3946 1121 4036 illucescente
1154 3951 1218 4036 die
1246 3955 1511 4057 confluxuram
1548 3949 1705 4041 turbant

250 4122 280 4168 „
291 4062 476 4177 praedixit.
535 4070 579 4148 Et
594 4062 741 4150 sactum
768 4068 844 4162 est,
873 4063 956 4178 ipso
976 4070 1092 4149 etiam
1121 4091 1235 4150 tanto
1256 4063 1418 4177 amplius
1459 4066 1703 4166 admirante,

249 4181 404 4297 „quod
419 4178 586 4283 accidit,
614 4187 910 4297 quantomagis
932 4176 1086 4282 nosset,
1123 4209 1210 4301 quo
1227 4180 1278 4269 id
1311 4183 1444 4267 animo
1462 4205 1595 4296 atque
1630 4205 1704 4278 ore

1570 4321 1706 4408 »9⁸⁰¹
