3796 4994
239 318 335 391 122
614 279 919 384 Revelationes
954 285 999 378 S.
1037 279 1280 380 Gertrudts.

232 484 512 604 indulgentiam
535 481 560 571 i
581 487 752 583 Christo,
784 513 866 570 non
883 484 934 569 ab
962 481 1151 573 Ecclefins
1193 488 1233 569 dt
1259 481 1476 568 turbaretur
1497 478 1677 571 subordi-

234 609 356 690 natio.
431 601 512 686 Sed
541 597 765 711 responderi
795 604 947 709 potest,
982 625 1067 682 eam
1105 605 1265 711 gratiam
1305 593 1414 682 fntffe
1443 601 1589 682 datam·
1608 627 1679 711 per

235 718 400 804 modum
424 711 669 826 indulgentiae
690 708 865 824 plenariae
890 713 1150 796 determinatis
1170 709 1341 824 personis
1363 717 1403 797 S.
1421 713 1607 797 Gertnrdi
1622 710 1682 795 fe·

237 826 467 925 miliaribus,
497 851 539 909 ut
567 855 670 912 nunc
697 822 820 912 solent
846 826 928 911 dari
954 826 1130 940 quaedam
1157 822 1409 938 Indulgentiae
1434 834 1697 939 peregrinae·-

233 945 338 1030 tibus
367 945 541 1027 Romanu

354 1170 439 1253 vn
496 1169 541 1252 c.
570 1191 612 1278 4.
642 1167 694 1252 c.
725 1196 791 1252 ιι.
846 1167 887 1250 s.
921 1113 1137 1251 emmae
1176 1165 1229 1249 aa
1268 1163 1461 1252 emnam
1491 1169 1584 1250 arn
1638 1167 1680 1249 st

240 1278 415 1399 possibile
434 1278 537 1378 eslet,
555 1308 623 1363 cor
644 1308 770 1364 meum
794 1284 833 1363 in
853 1303 915 1363 tot
932 1306 1056 1390 partes
1076 1282 1261 1379 dividere,
1270 1277 1425 1379 vellem,
1435 1304 1535 1391 quot
1551 1279 1681 1363 horni-

240 1426 310 1483 nes
326 1402 473 1491 vivunt,
493 1420 534 1477 ut
559 1422 605 1476 ex
627 1421 678 1476 eo
703 1388 859 1477 cuilibet
879 1421 1015 1477 eorum
1039 1401 1166 1504 partin
1191 1391 1341 1506 possem
1367 1397 1512 1477 bonam
1536 1390 1677 1477 volun·

242 1537 360 1596 tatem
388 1510 438 1593 ad
464 1503 760 1620 obsequendum
785 1501 880 1600 tibi,
900 1513 938 1590 δι
966 1506 990 1588 sr
1014 1504 1160 1618 possem
1186 1511 1235 1591 ad
1254 1533 1293 1592 te
1319 1509 1514 1592 adducere
1537 1510 1677 1589 'omnes

241 1625 577 1735 homines,·usque
598 1627 636 1703 in
657 1625 759 1705 diem
780 1623 908 1726 judicii
936 1616 1077 1704 vellem
1108 1625 1224 1720 nudis
1239 1622 1403 1734 pedibus
1432 1622 1591 1705 circuire
1615 1643 1678 1702 to·

240 1765 323 1825 tum
341 1737 540 1837 mundum,
566 1740 603 1818 de
628 1731 842 1849 quemlibet
866 1730 964 1819 ulnis
995 1733 1181 1846 gestando
1205 1737 1275 1820 tibi
1309 1732 1543 1848 presentare.
1612 1732 1678 1817 nd

170 1905 172 1910 .
242 1851 355 1967 quod
385 1853 600 1934 Dominus:
639 1846 741 1932 Talis
768 1844 946 1933 voluntas
972 1875 1039 1932 tua
1063 1844 1320 1962 beneplacens
1346 1856 1384 1933 dt
1411 1848 1582 1963 perfeda
1612 1873 1678 1960 per

241 1972 373 2051 omnia
402 1960 554 2064 sufficie
598 1969 636 2046 δι
660 1964 873 2047 Gertrudes
899 1965 1019 2046 llatim
1047 1968 1207 2076 agnovit
1234 1959 1441 2060 universam
1476 1959 1678 2059 Ecclefiam

239 2084 339 2197 miro
367 2079 491 2161 modo
513 2079 733 2160 decoratam
756 2102 845 2159 ante
866 2077 1111 2187 conspedium
1135 2080 1295 2163 Domini
1320 2075 1590 2188 praesentatam.
1633 2079 1680 2158 Et

242 2197 295 2276 ait
311 2194 531 2274 Dominus:
571 2195 672 2273 Huic
691 2184 924 2273 multitudini
938 2214 981 2274 tu
1003 2192 1125 2276 hodie
1137 2192 1372 2275 ministrabis.
1430 2195 1485 2274 At
1506 2186 1570 2273 illa
1585 2216 1678 2272 mox

243 2306 424 2388 divinitus
447 2301 620 2415 inspirata
648 2299 887 2387 osculabatur
916 2300 1054 2390 vulnus
1084 2304 1211 2389 sinistri
1236 2305 1345 2416 pedis
1373 2309 1412 2387 in
1437 2303 1677 2387 emendatio·

240 2443 331 2532 netn
359 2424 532 2501 omnium
558 2443 804 2533 peccatorum
834 2418 884 2501 ab
919 2415 1115 2504 universali
1136 2415 1300 2502 Ecclesia
1337 2443 1510 2533 unquam
1534 2421 1678 2528 cogita·

239 2534 412 2618 tionibus
431 2558 497 2616 aut
519 2529 778 2616 voluntatibus
798 2532 978 2644 perversis
994 2529 1295 2630 commissorum,
1316 2559 1432 2614 orans
1449 2533 1676 2622 Dominum,

240 2670 283 2730 ut
314 2645 561 2758 dignissimam
596 2648 935 2745 emendationem,
967 2674 1044 2755 qua
1068 2644 1146 2757 ipse
1180 2654 1300 2730 totius
1338 2646 1471 2728 mundi
1504 2646 1677 2755 purgavit

241 2786 414 2870 peecata,
437 2760 502 2871 ipsa
531 2763 693 2845 donaret
723 2763 763 2843 in
794 2759 1107 2842 emendationem
1140 2788 1280 2844 veram.
1363 2762 1409 2841 Et
1433 2761 1536 2841 Ecce
1558 2763 1676 2842 statim

236 2871 409 2955 dabatur
438 2879 572 2957 animae
601 2870 758 2956 effectus
792 2877 976 2957 orationis
998 2870 1068 2957 suae
1091 2878 1133 2955 in
1154 2870 1395 2957 fimilitudine
1416 2875 1528 2954 unius
1557 2875 1675 2984 panis,

243 3011 364 3102 quem
393 2988 583 3071 Dominus
613 2986 831 3088 benedixit,
865 3013 910 3071 ac
940 2986 1244 3074 dein-Gertrudi
1270 2987 1443 3072 reddidit
1471 2986 1525 3070 ad
1561 2988 1678 3070 distri·

200 3194 216 3205 „
240 3097 443 3184 buendum
467 3106 542 3184 toti
567 3095 746 3186 Ecclesrae.
833 3126 836 3132 ·

360 3328 465 3408 V111.
523 3328 566 3410 L
594 3359 634 3427 4.
657 3329 709 3410 C.
731 3354 794 3427 23.
837 3323 890 3408 ¹S.
913 3329 1127 3411 Gertrudes
1154 3328 1204 3412 ad
1227 3329 1419 3412 Cluilium
1449 3327 1572 3413 dircite
1610 3333 1676 3411 Pe·

242 3461 304 3536 to,
330 3440 516 3536 Domine,
536 3465 578 3523 ut
593 3440 865 3528 ,mortificesin
890 3448 1014 3525 anima
1034 3469 1120 3525 mea
1138 3449 1387 3553 omnia,·quae
1404 3442 1475 3526 tibi
1495 3448 1536 3524 in
1558 3469 1604 3525 ea
1623 3443 1676 3524 di·

224 3547 412 3663 ,splicenn
452 3558 454 3562 ’
501 3558 581 3639 Cui
608 3556 813 3666 respondis
837 3557 1061 3638 Dominus:
1119 3551 1270 3667 Exspira
1304 3554 1436 3637 modo·
1462 3562 1596 3655 omnia
1619 3556 1677 3637 ui·

240 3670 296 3751 tia
320 3672 358 3751 δι
382 3663 568 3764 defectus,
602 3698 703 3782 quos
720 3677 758 3757 in
780 3680 821 3753 te'
841 3674 939 3753 mori
961 3668 1162 3765 desideras,
1191 3676 1229 3751 ἃ
1254 3673 1403 3752 intrahe
1423 3670 1493 3751 tibi
1513 3697 1563 3752 ex
1579 3665 1676 3778 spiri·

243 3801 286 3862 tu
319 3807 465 3876 omne,
503 3785 615 3894 quod
644 3784 982 3868 exurentibus&
1011 3783 1249 3894 perfectione
1274 3810 1359 3865 mea
1381 3784 1526 3865 habete
1556 3807 1673 3892 optas,

211 3888 414 4006 ³sciasque
450 3896 737 3995 indubitanter,
770 3901 885 4011 quo'd
919 3908 1120 3993 omnium,
1146 3926 1234 4007 quae
1263 3897 1388 3979 modo
1423 3892 1671 4005 exspiraverit,

242 4001 396 4118 plenam
418 4004 712 4122 indulgentiam,
738 4017 775 4094 dr
800 4016 1002 4112 omnium,
1023 4039 1109 4123 quae
1132 4038 1180 4093 ex
1199 4010 1324 4141 l'pipitu
1349 4032 1440 4095 meo
1470 4008 1540 4093 tibi
1564 4012 1669 4135 intra·

1560 4142 1660 4213 xens,
