3796 4994
217 345 316 449 190
652 314 825 447 Regale
846 343 903 411 ex
924 316 968 412 S.
997 303 1207 449 rherefit.

104 584 120 617 ,
212 544 294 604 non
313 510 467 605 affertur
491 511 515 601 i
535 519 722 632 quopiam
741 513 977 630 intelligente
992 513 1065 602 alia
1083 522 1195 616 ratio,
1217 514 1377 604 inlislam
1397 515 1547 634 semper
1566 518 1657 606 huic

214 636 394 745 opinioni
450 631 546 721 ibid.
568 627 688 715 Mans.
715 645 751 714 6.
770 633 819 717 Ο
846 660 882 734 3.
900 636 975 715 ait:
1021 636 1112 715 Sive
1137 634 1195 716 hat
1222 628 1481 718 allocutiones
1513 659 1656 746 prove·

213 752 322 833 niant
352 743 509 853 iparte
539 748 723 832 interiore
752 750 908 847 animat,
939 743 1016 829 five
1046 744 1097 828 ab
1133 770 1320 849 externo,
1346 770 1428 830 non
1487 749 1654 848 rohibet,

213 865 312 975 quin
334 855 473 970 poffint
501 853 576 942 effe
609 856 767 944 cho.
839 857 1050 944 Certissima
1086 861 1263 944 omnium
1303 859 1408 972 figna
1444 774 1531 944 ἔπιε
1568 862 1654 942 illae

149 1030 155 1039 -
212 978 384 1060 Primum
415 976 454 1053 dt
478 969 727 1055 ¹certiliimum
750 969 899 1084 lignum
926 973 979 1055 est
1008 997 1148 1083 magna
1170 968 1337 1056 efficacia
1352 968 1486 1057 talium
1512 972 1655 1057 verbo*

68 1128 71 1134 ·
211 1114 310 1174 tutn.
329 1114 365 1170 v.
378 1114 416 1201 g.
445 1087 486 1170 Si
507 1088 634 1169 anima
659 1084 702 1168 stt
729 1086 932 1169 constituta
952 1087 994 1167 in
1027 1086 1174 1196 magnis
1196 1086 1451 1171 anxietatibus
1463 1112 1489 1183 ,·
1510 1089 1656 1170 timoti-

212 1201 302 1296 bus,
326 1204 438 1297 cutis,
464 1203 504 1280 δι
527 1197 873 1311 inquietudinibus,
896 1196 1078 1294 tenebris,
1102 1198 1354 1296 ariditatibus,
1382 1206 1423 1282 dc
1443 1197 1594 1314 spiritus
1613 1225 1656 1282 u·

211 1319 305 1399 nico
333 1312 456 1397 verbo
483 1312 610 1396 dcat:
664 1310 763 1398 Non
787 1304 975 1409 turberis,
1007 1307 1084 1406 vel,
1104 1338 1182 1401 nott
1205 1315 1358 1412 timeas,
1389 1337 1483 1409 aut,
1507 1339 1588 1399 non
1607 1309 1655 1421 fis

201 1424 383 1542 sollicita,
413 1417 640 1509 evanescunt
665 1429 706 1510 in
734 1450 938 1510 momento
967 1452 1105 1508 omnes
1132 1428 1356 1525 anxietates,
1385 1431 1565 1527 timores,
1591 1450 1654 1509 cu·

211 1569 276 1638 tae,
304 1543 427 1623 immo
454 1543 494 1623 dt
523 1538 642 1623 dubia
669 1538 722 1623 de
747 1543 908 1624 veritate
934 1538 1197 1650 appetitionis.
1262 1538 1482 1625 Secundum
1510 1536 1657 1652 figuum

215 1656 270 1738 esi
291 1677 432 1766 magns
454 1642 567 1771 quies
589 1646 720 1739 relisis
744 1656 786 1738 in
811 1655 937 1735 anima
965 1676 1052 1735 cunt
1075 1650 1220 1737 devota
1246 1658 1287 1735 dc
1307 1646 1511 1766 tranquilla
1533 1647 1657 1736 recol·

212 1767 384 1853 leitione
405 1769 535 1862 animi,
563 1770 604 1849 de
624 1766 732 1851 bona
752 1762 1002 1878 dispositione
1021 1765 1073 1848 ad
1088 1759 1246 1853 laudem
1266 1770 1354 1852 Dei.
1405 1767 1589 1853 Tertium
1610 1761 1655 1849 st·

212 1908 337 1995 gnum
354 1880 422 1975 cll,
442 1878 558 1994 quod
582 1874 671 1963 talia
693 1879 811 1964 verba
835 1879 950 1962 etiam
978 1880 1067 1989 poll
1086 1873 1249 1990 longum
1267 1903 1420 1993 tempus
1443 1905 1529 1963 non
1556 1880 1655 1963 exci-

214 1997 317 2079 dunt
338 1993 540 2101 memoria,
556 2014 600 2076 ut
618 1987 745 2078 solent
772 1992 950 2077 excidere
967 1987 1040 2077 alia
1063 1991 1194 2094 verba,
1214 2020 1300 2109 quae
1316 1994 1497 2080 audimus
1515 1992 1567 2076 ab
1583 1992 1656 2075 ho·

214 2107 385 2193 minibus
407 2108 657 2220 quantumvis
679 2130 826 2219 magnae
851 2107 1112 2203 authoritatis3
1147 2133 1238 2190 nam
1260 2111 1437 2220 quamvis
1461 2105 1655 2191 interdum

214 2225 258 2306 in
288 2217 486 2304 intellectu
513 2222 659 2302 otiatur
684 2215 733 2301 ali
766 2213 860 2302 ualis
887 2219 1080 2303 dubitatio
1116 2218 1168 2303 de
1198 2220 1336 2318 rebus,
1363 2247 1452 2333 quse
1476 2218 1656 2304 videntur

216 2329 294 2420 else
312 2326 573 2447 impossibiles,
594 2355 720 2416 utrum
737 2249 815 2416 (lust
833 2328 969 2416 suturae
986 2330 1051 2417 vel
1074 2359 1180 2436 non,
1206 2338 1245 2415 dt
1267 2331 1416 2447 insuper
1438 2328 1656 2419 intellectu

214 2443 456 2563 aliquantum
482 2442 648 2545 vacillet,
676 2468 848 2531 remanet
878 2448 1008 2529 tamen
1040 2448 1082 2538 itt
1108 2450 1237 2532 anima
1263 2471 1368 2532 tanta
1394 2441 1588 2544 securitas,
1613 2464 1655 2527 ut

215 2590 301 2650 non
317 2561 411 2649 smat
431 2557 470 2646 se
487 2561 697 2659 absterreri,
716 2559 859 2645 etiamst
875 2553 1116 2644 difficultates
1132 2556 1376 2671 perseverent
1392 2558 1568 2674 pluribus
1590 2585 1655 2643 an·

216 2683 290 2763 nis.
349 2674 524 2793 Quando
547 2698 674 2759 autent
698 2675 756 2760 hae
769 2668 1024 2759 allocutiones
1041 2678 1276 2783 proveniunt
1296 2675 1346 2758 ab
1366 2677 1654 2788 imaginatione,

214 2818 299 2878 nort
317 2792 558 2902 reperiuntur
582 2790 624 2872 hi
649 2783 820 2874 effectus.
870 2786 964 2869 ,Sed
997 2791 1067 2900 qui
1092 2813 1271 2901 maguam
1294 2784 1570 2901 experientiam
1589 2787 1654 2870 ha·

214 2904 286 2991 bct
313 2907 411 2989 circa
439 2896 693 2988 allocutiones
721 2902 883 2998 divinas,
904 2926 986 2983 non
1007 2902 1134 3012 potest
1160 2928 1252 2987 meo
1275 2903 1420 3009 judicio
1445 2904 1489 3015 in
1513 2900 1576 2987 his
1600 2926 1655 2985 er·

84 3075 91 3087 ·
215 3045 314 3115 rare,
338 3017 501 3133 quando
532 3017 628 3100 verb
662 3034 896 3100 concurrunt
928 3008 1161 3100 enumerata
1178 3020 1282 3127 ptius
1314 3013 1431 3129 signa,
1453 3008 1542 3099 satis
1567 3010 1653 3099 lutd

213 3132 321 3220 credi
343 3132 484 3245 potest,
505 3127 690 3214 vistonem
709 3132 918 3242 provenite
943 3125 967 3213 al
997 3131 1102 3229 Deo,
1126 3132 1179 3213 ita
1200 3152 1343 3229 tamen,
1365 3126 1455 3213 utsr
1481 3122 1654 3227 revelen-

213 3271 278 3333 tur
301 3241 357 3331 illi
376 3273 436 3330 res
458 3247 588 3357 magni
608 3247 813 3344 momenti,
827 3241 1055 3326 mandanda
1075 3246 1309 3341 executioni,
1330 3267 1396 3327 aut
1418 3264 1655 3327 concemcu·

214 3383 273 3444 tes
294 3362 529 3471 proximum,
558 3352 651 3440 nihil
671 3357 914 3471 aggrediatur
935 3355 1014 3440 line
1038 3354 1297 3440 abtobatione'
1316 3351 1550 3444 confessarii
1567 3352 1655 3439 ver?

214 3473 324 3557 dodi
351 3476 392 3554 δι
419 3473 498 3584 pii,
528 3469 672 3557 etiamst
695 3470 764 3585 ipst
789 3469 963 3555 videatur
993 3467 1252 3567 cettillimum,
1276 3464 1558 3579 revelationem
1583 3460 1655 3553 esc

212 3584 368 3674 &Deci
421 3579 534 3668 Alius
552 3584 693 3669 modus
714 3581 959 3669 allocutionis
980 3583 1119 3669 divinae
1146 3585 1200 3667 cll
1216 3576 1510 3680 intelledualis,
1533 3606 1655 3697 quart*
1688 3622 1693 3635 ·

214 3700 273 3784 do
297 3700 424 3783 anima
446 3696 555 3782 audit
575 3698 694 3784 verba
717 3702 758 3783 in
773 3701 921 3785 -itttima
945 3718 1054 3810 parte
1068 3700 1230 3786 sumes
1263 3698 1319 3781 ibi
1349 3720 1429 3780 tam
1449 3722 1502 3782 ex
1528 3692 1654 3780 modu
1685 3710 1695 3735 ·

215 3809 475 3908 allocutionis,
505 3810 623 3925 quint
653 3840 701 3897 ex
728 3812 857 3897 verbis
885 3805 985 3896 clare
1010 3810 1236 3925 cognoscit,
1296 3808 1380 3894 uod
1407 3809 1578 3894 doemon
1606 3833 1657 3895 eu

215 3928 437 4042 pertingere
460 3951 542 4009 non
563 3924 686 4039 polstt.
735 3928 857 4127 §gerp
885 3920 970 4007 sunt
995 3928 1088 4037 quia
1118 3922 1237 4009 verba
1263 3838 1348 4008 lbnt
1377 3920 1658 4029 distinfflffima,

214 4044 269 4129 ita
288 4044 332 4128 ut
353 4065 405 4129 ne
418 4033 562 4154 syllaba
587 4024 778 4154 quidem‘l'
845 4060 874 4128 t.
930 4036 1114 4124 Secundo
1125 4091 1140 4136 ,
1163 4040 1258 4152 quia
1280 4031 1367 4122 sunt
1382 4035 1436 4124 de
1462 4036 1583 4125 rebus
1602 4040 1660 4122 itr'·

417 4214 419 4218 -
1573 4179 1662 4267 opt·
