3796 4994
485 303 770 459 Praesationes
792 304 846 422 ὅ
868 312 974 413 vita
994 317 1151 413 Mariae
1171 314 1224 412 de
1239 314 1431 449 Agreda.
1566 270 1673 451 Δ497

225 518 317 603 isla:
346 515 424 600 Dic
441 510 534 616 illis,
553 519 665 630 quud
685 518 762 601 hoc
792 511 866 599 illis
887 512 1304 632 relinquant‘tanquam
1325 514 1533 630 speculum,
1553 526 1594 603 dr
1615 546 1673 606 ta·

224 627 359 714 bularn
375 632 501 739 Legis,
524 659 610 741 quae
627 635 667 712 in
689 657 733 713 ea
750 628 848 714 elate
866 636 1092 723 continetur.
1147 627 1238 727 Illis,
1258 628 1344 742 qua
1360 628 1563 742 diligenter
1582 661 1671 719 eant

225 738 524 838 observaverint,
547 747 751 851 promitto,
777 742 890 855 quod
912 737 992 826 illas
1016 742 1082 827 srrn
1104 739 1342 830 consolatura
1363 748 1403 827 in
1423 747 1493 829 hac
1514 751 1603 841 vita,
1630 752 1669 833 uc

223 857 495 968 postmortem
517 880 581 938 eas
599 855 863 967 praesentatura
883 883 974 938 meo
994 851 1091 941 silio.
1148 860 1196 939 Et
1222 856 1249 938 st
1273 883 1359 966 quae
1381 851 1454 939 alia
1474 860 1672 966 Commu-

226 971 327 1050 nitas
346 974 609 1078 cujuscunque
623 962 801 1078 Religiosr
821 970 979 1051 instituti
994 969 1095 1050 hanc
1119 965 1334 1052 docirinam
1350 967 1562 1071 admissura,
1576 973 1687 1057 aesti:

225 1105 386 1175 matura,
410 1083 449 1160 δι
470 1103 673 1189 operatura
696 1083 764 1176 est,
784 1074 856 1162 illis
876 1080 933 1162 do
958 1080 1094 1163 eadem
1117 1077 1306 1190 promissa.

286 1198 292 1205 ’
349 1219 411 1272 ro.
442 1187 608 1288 Vellem,
628 1216 670 1274 ut
692 1195 812 1274 vestra
828 1186 1029 1304 colloquia
1048 1190 1196 1305 semper
1209 1193 1498 1280 lintrenovatio
1518 1223 1671 1281 memo·
1814 1180 1819 1187 ¹

226 1309 289 1410 riae
308 1305 360 1388 de
381 1304 577 1390 beneficiis
597 1305 712 1403 JESU
729 1309 768 1386 δε
790 1308 931 1388 Mariae.

347 1449 409 1503 rr.
436 1416 616 1504 Narrabo
637 1412 797 1529 aliquid,
808 1415 922 1529 quod
940 1416 1034 1500 mihi
1051 1414 1203 1503 accidit.
1260 1419 1368 1504 Cum
1386 1415 1501 1504 semel
1519 1419 1668 1508 infesto

191 1572 200 1578 ·
226 1528 480 1619 Immaculata
501 1531 787 1640 Conceptionis
817 1526 931 1613 essem
955 1533 996 1612 in
1016 1530 1157 1614 Choro
1178 1530 1229 1614 ad
1250 1536 1512 1629 bituminum,
1537 1538 1669 1623 audivi

225 1672 370 1741 uocem
393 1648 568 1728 vocantis
599 1670 673 1727 me.
741 1648 852 1726 Tunc
877 1642 956 1724 vidi
976 1642 1161 1725 thronum
1182 1646 1361 1744 Deitatis,
1386 1651 1423 1726 dr
1443 1647 1573 1730 audivi
1596 1676 1669 1732 vo·

227 1783 314 1843 cern
336 1779 542 1844 exeuntem
556 1755 608 1839 de
630 1757 790 1850 throno,
809 1762 895 1866 quae
912 1781 1004 1838 meo
1023 1755 1169 1859 judicio
1185 1781 1339 1866 poterat
1361 1753 1521 1868 intelligi
1540 1758 1565 1844 i
1582 1787 1668 1844 eoe·

226 1867 272 1955 lo
295 1876 335 1954 ἃ
356 1894 465 1953 terra.
519 1872 613 1954 Vox
630 1867 803 1951 dicebat:
828 1861 978 1967 Miseri,
998 1869 1233 1977 ignorantes,
1256 1873 1421 1978 peccatis
1438 1869 1602 1953 obnoxii
1622 1869 1669 1954 fi-

227 1977 271 2066 lii
287 1982 384 2069 Adae
401 1977 508 2093 parvi
532 1984 572 2062 dr
595 1986 738 2097 magni-
754 1984 1017 2091 cujuscunquc
1054 1981 1196 2076 status,
1232 1984 1424 2091 Principes
1449 1985 1488 2064 δι
1507 1978 1666 2072 subditis
1821 2020 1824 2025 ·

212 2096 361 2181 ‚audite
382 2096 432 2180 ab
452 2098 601 2179 oriente
628 2120 754 2207 usque
782 2099 821 2176 in
852 2093 1127 2189 occidentem,
1158 2097 1198 2175 dr
1220 2093 1413 2205 usquead
1433 2091 1528 2177 sines
1549 2119 1668 2181 renae.

190 2238 194 2245 ’
227 2212 373 2311 ¹Venite
386 2209 437 2291 ad
454 2236 519 2291 me
535 2235 605 2318 per
626 2202 728 2290 illam
751 2233 838 2319 quae
857 2205 966 2290 dedit
990 2231 1142 2289 carnem
1164 2206 1313 2291 Verbo.
1373 2207 1669 2308 13.Tuncvidi

231 2323 285 2408 de
304 2326 469 2406 Throno
492 2326 531 2404 in
553 2345 722 2431 quatuor
739 2343 864 2429 partes
891 2344 997 2402 rerrae
1019 2318 1428 2431 procedere-quatuor
1446 2313 1589 2430 globos
1607 2315 1668 2403 lu·

226 2432 400 2521 minosos
421 2437 533 2517 instar
554 2437 823 2526 Cometarunt,
847 2435 893 2511 ·&
914 2424 1099 2525 intellexi,
1113 2436 1116 2441 ’
1132 2432 1244 2541 quod
1277 2434 1385 2512 Deus
1419 2434 1458 2513 in
1490 2432 1548 2513 bis
1579 2427 1666 2513 ulti·

228 2552 302 2633 mis
322 2546 561 2658 temporibus
587 2541 678 2629 esset
711 2539 1012 2633 manifestaturus
1033 2537 1195 2651 gloriam
1224 2548 1266 2625 B.
1283 2546 1459 2652 Virginis.
1515 2543 1604 2624 Vidi
1625 2570 1670 2626 c·

228 2666 323 2746 riam
355 2662 578 2743 Draconem
616 2652 759 2766 septem
785 2657 954 2761 capitum
978 2650 1015 2735 se
1042 2660 1276 2764 erigere,'ac
1307 2658 1469 2735 excitare
1501 2655 1669 2739 idoneor

228 2762 426 2887 Quosdam
448 2774 640 2868 homines,
661 2771 730 2879 qui
752 2763 870 2849 essent
890 2763 1094 2848 frustraturi
1117 2770 1196 2847 boc
1218 2761 1415 2848 consilium
1434 2769 1522 2848 Dei.

351 2911 416 2982 ις.
444 2878 532 2966 Alia
551 2886 660 2976 vice,
684 2905 771 2967 cum
791 2876 905 2962 valde
929 2882 1040 2963 anxia
1068 2875 1204 2973 essem,
1229 2905 1279 2960 ne
1302 2877 1405 2960 forte
1423 2875 1603 2960 illuderer
1627 2881 1667 2964 in
1800 2942 1806 2956 .

228 2999 343 3104 hujus
358 2997 519 3080 historia
540 2990 795 3100 descriptione
815 3017 902 3072 cum
919 3016 1062 3103 magno
1081 2992 1185 3072 orbis
1205 2987 1401 3085 scandalo,
1415 2991 1493 3074 vidi
1508 2997 1547 3087 in
1561 2992 1689 3103 tbro·x

229 3135 288 3194 no
307 3111 372 3193 S&
391 3109 629 3201 Trinitatem,
653 3108 693 3185 ur
711 3103 762 3184 ad
781 3103 979 3184 dexteram
996 3097 1077 3185 Filii
1098 3106 1140 3184 B.
1155 3105 1373 3212 Virginemr
1409 3127 1589 3212 praeteret
1611 3108 1668 3186 vi·

230 3221 289 3316 di,
307 3220 420 3331 quod
435 3225 547 3302 Pater
564 3241 725 3300 aetetous
740 3214 845 3327 quast
864 3240 912 3296 ex
926 3214 1046 3298 corde
1062 3209 1134 3297 suae
1145 3209 1305 3297 essentie
1318 3219 1514 3321 protrahat
1525 3208 1669 3297 librum

202 3397 205 3403 .
232 3329 547 3445 pretiofissrmum,
571 3324 734 3410 clausum
767 3352 909 3411 tamen.
975 3331 1091 3409 Hunc
1123 3321 1263 3407 librum
1289 3324 1446 3407 tradidit
1471 3327 1666 3409 Verbo&

234 3447 351 3530 dixit:
380 3448 454 3524 Hic
468 3439 578 3537 liber,
599 3445 638 3520 δι
659 3442 788 3521 omnia
806 3464 893 3549 quae
911 3441 953 3519 in
973 3464 1026 3519 eo
1050 3442 1307 3536 continentur,
1325 3460 1411 3517 mea
1429 3432 1523 3531 sunt,
1552 3443 1588 3519 dr
1607 3464 1671 3523 ce·
1719 3526 1726 3539 ,

233 3560 334 3643 dunt
361 3554 412 3638 ad
432 3580 559 3635 mcum
581 3544 741 3662 speciale
761 3545 1059 3659 beneplacitum.
1118 3549 1290 3632 Christus
1306 3574 1396 3632 eum
1415 3554 1671 3659 accepitcuru

234 3660 1673 3867 {risibiliaiillnq⁰²li²iii⁰iib⁶iiissimi}

235 3901 282 3984 B.
294 3806 573 4003 sirginismuse,
586 3894 625 3971 in
643 3883 713 3970 illo
730 3884 898 3971 ostendit
915 3911 1093 3996 magnam
1108 3881 1439 3994 complacentiam.
1496 3886 1600 3967 Cum
1615 3891 1671 3969 vi·

236 4007 371 4089 decern
388 4000 616 4114 elegantiam
639 3997 741 4096 libri,
759 4004 798 4079 δι
820 3996 1143 4109 approbationem
1158 3993 1261 4081 illius
1283 4000 1323 4077 in
1347 3994 1673 4083 throno-Deitatis

229 4115 390 4218 fudam,
402 4113 543 4198 inccffit
555 4141 620 4197 me
635 4109 825 4222 cupiditas
845 4108 1001 4207 sciendi,
1027 4108 1127 4225 quid
1144 4111 1403 4201 continerem
1415 4110 1461 4195 in
1479 4099 1597 4204 libro,
1607 4105 1674 4193 led

352 4228 417 4321 D.
430 4227 482 4320 Ε.
495 4229 552 4339 A,
575 4211 815 4328 eumue
833 4221 932 4321 Pars
948 4221 1007 4310 Is.
1221 4222 1320 4310 sira
1592 4247 1677 4309 nou
