3796 4994
246 334 327 444 74·
623 310 729 459 Reg.
752 295 903 406 Prasl.
923 334 982 401 ex
999 310 1055 407 P.
1086 308 1308 453 Gravinaei
1411 288 1417 295 ⁴

228 519 357 603 meris
376 507 516 599 talibus
534 507 849 610 revelationibus,
867 512 968 593 inter
987 536 1085 623 quas
1108 505 1223 593 facile
1245 511 1436 624 contingit
1452 506 1528 596 elle
1549 507 1703 628 aliquas

240 627 316 720 sals
351 694 361 714 .
425 633 518 711 Hoc
546 621 668 738 ipsum
698 623 963 736 autem'parit
989 625 1276 722 confusionem,
1304 623 1332 708 st
1363 653 1451 709 cum
1486 636 1704 715 reverentia

235 749 474 857 =recipiantur
497 768 594 826 xueta
623 766 710 824 cum
740 733 865 834 false,
893 733 1094 829 nonnullis
1135 738 1378 824 horroribus
1413 734 1520 824 sein
1545 739 1613 828 mli
1640 770 1707 828 re·-

240 857 440 948 velationc
465 853 733 952 fumantibus,
760 848 843 935 aliis
876 875 962 937 eam
986 854 1276 964 recipientibus.
1301 920 1305 930 .
1333 852 1564 970 Citm'ergo
1587 857 1705 943 Deus

243 1004 328 1062 non
347 967 542 1057 censeatur
567 972 774 1080 cooperati
802 967 997 1070 ejusmodi
1028 965 1271 1064 confusioni,
1286 993 1379 1052 non
1407 971 1620 1059 censendus
1641 973 1709 1059 eff

148 1125 152 1135 ¹
208 1087 320 1177 resse
341 1087 484 1174 author
502 1077 787 1170 revelationum
820 1085 919 1165 circa
944 1085 1150 1196 opiniones
1175 1079 1396 1196 singulares.
1701 1088 1705 1095 '

240 1328 243 1336 ·
350 1303 520 1438 Regula
560 1331 637 1426 25·
682 1289 1060 1412 Ptaetmdenti,
1093 1250 1269 1401 ¹secum
1313 1326 1404 1433 pet
1431 1294 1699 1406 revelatio·

244 1477 370 1554 nem
413 1442 747 1579 dispensatum
782 1433 874 1540 eise
906 1445 958 1539 in
995 1434 1162 1576 aliqua
1195 1437 1302 1580 lege
1333 1439 1581 1558 naturali,
1618 1441 1698 1550 vel

21 1608 24 1615 '
85 1600 93 1613 “
242 1585 590 1700 Ecclehastica‚
627 1577 938 1685 credendum
973 1581 1201 1684 nonest.
1291 1579 1416 1683 hano
1434 1599 1501 1698 est,
1532 1606 1628 1715 quir
1656 1608 1697 1693 in

79 2472 84 2493 ›
241 2415 418 2506 vat.A

243 1725 350 1816 noha
373 1731 480 1840 Lege
508 1721 659 1838 optimi
687 1721 901 1807 constitutis
929 1714 1140 1832 legibus&
1164 1718 1526 1807 finibusbonorum
1552 1753 1599 1810 ac
1612 1754 1698 1812 ma-

241 1843 372 1932 lorum
397 1867 478 1925 non
508 1840 623 1925 datur
644 1831 743 1919 ulliis
765 1831 891 1933 casus,
921 1861 1005 1947 quo
1029 1860 1074 1918 ea
1103 1829 1167 1919 dis
1187 1835 1331 1921 ensatio
1359 1833 1405 1920 fit
1431 1845 1696 1934 convenienss

243 1965 368 2047 immo
389 1953 468 2069 ipsa
492 1960 572 2062 ejus
593 1944 817 2065 possibilitas
833 1947 925 2032 essct
947 1952 988 2033 in
1011 1951 1130 2055 majus
1150 1864 1425 2036 llsandalum&
1449 1952 1696 2044 occasionem
1717 1979 1719 1982 ·

147 2105 150 2109 ’
243 2097 521 2189 peccatorum,
551 2063 669 2180 quim
702 2068 743 2147 in
781 2063 950 2152 bonumr
1008 2064 1176 2148 maxime
1211 2063 1240 2149 fi
1269 2059 1366 2149 tales
1393 2059 1695 2178 dispensationes

242 2186 535 2305 ptaetenduntur
560 2174 803 2265 clanculariae.
861 2180 1011 2291 Neque
1036 2174 1177 2276 obstat,
1205 2179 1319 2292 quod
1341 2184 1450 2264 Deus
1476 2187 1516 2266 in
1532 2186 1611 2267 anti
1646 2212 1697 2271 ua

243 2308 354 2416 Lege
376 2297 415 2385 le
443 2322 527 2381 atur
542 2294 592 2383 sic
611 2288 845 2404 dispensasse,
868 2316 912 2377 ut
938 2294 1042 2377 enim
1059 2291 1163 2378 bene
1181 2293 1301 2380 Picus
1318 2293 1363 2380 L.
1388 2293 1484 2396 nc.
1506 2326 1545 2383 a.
1562 2212 1696 2386 obser·
1725 2334 1729 2347 ¹

416 2327 492 2497 lius
521 2416 563 2496 in
591 2410 784 2522 antiquis,
815 2399 910 2491 alius
939 2411 981 2492 in
1009 2406 1289 2501 recentioribus
1312 2410 1518 2522 Prophetis
1548 2414 1696 2504 modus

243 2528 510 2639 observandus
532 2527 606 2613 ests
635 2549 773 2606 eorum
798 2526 904 2607 enim
929 2526 1008 2608 vita
1030 2527 1069 2608 dt
1090 2527 1249 2609 virtutes
1264 2526 1436 2636 inprimis
1461 2521 1692 2639 spedandg

242 2652 285 2732 dr
313 2669 497 2731 nontam
530 2638 629 2752 quid
648 2636 888 2740 traderetur,
921 2635 1043 2751 quim
1074 2642 1161 2752 quis
1193 2639 1363 2724 traderet
1390 2642 1694 2732 examinandum

236 2760 327 2848 suit.
386 2762 432 2840 ln
450 2758 524 2841 iliis
547 2751 643 2837 vetd
664 2752 753 2863 post
778 2749 1046 2836 confirmatum
1068 2756 1278 2838 Canonem
1299 2752 1397 2866 quid
1417 2755 1588 2842 tradatur
1609 2786 1693 2845 ma·

237 2883 303 3078 5¹⁵
326 2870 449 2988 quim
479 2872 565 2982 quis
592 2870 740 2966 tradat,
767 2865 1010 2952 considerate
1034 2894 1138 2978 opus
1170 2869 1233 2953 eli.
1289 2868 1398 2952 Cum
1431 2873 1535 2957 enim
1562 2869 1692 2985 priscis

237 2988 314 3077 ‘lis
338 2983 582 3099 temporibus
605 2989 681 3090 jam
708 2982 913 3094 Prophetae
939 3005 983 3066 ut
1013 2985 1125 3069 unius
1152 2985 1230 3067 Dei
1260 2977 1430 3088 cultores
1452 3011 1516 3068 rec
1570 2994 1599 3072 ti
1629 3016 1696 3074 es«

236 3103 333 3204 sent,
361 3096 506 3197 etiamsi
529 3123 614 3213 quae
637 3095 911 3208 operabantur,
940 3121 1118 3183 extranea
1135 3100 1369 3200 viderentur,
1388 3123 1431 3196 ut
1449 3102 1518 3213 qui
1556 3127 1579 3187 e
1599 3131 1691 3217 pet.

238 3223 319 3306 cuti
340 3213 436 3318 jullit
460 3219 499 3298 in
526 3206 732 3312 maxillam,
761 3235 804 3296 ut
826 3206 1005 3298 Ezechiel
1027 3238 1143 3297 muro
1163 3208 1380 3324 pentadio,
1412 3217 1453 3296 dc
1474 3219 1691 3306 Hieremias
1718 3226 1726 3234 ”

242 3329 409 3421 lumbati
438 3325 656 3442 putrefasio
691 3327 889 3415 incedens.
968 3332 1009 3411 Si
1037 3329 1118 3410 haec
1140 3322 1329 3430 facerent,
1353 3355 1441 3441 quae
1466 3330 1692 3419 viderentur

239 3472 434 3543 extranea,
456 3446 558 3558 aequi
576 3465 719 3541 tamen,
740 3442 920 3556 bonique
941 3437 1196 3527 consulebant
1214 3442 1411 3527 auditores
1430 3448 1494 3555 pii
1550 3450 1690 3550 Junio-

239 3564 347 3652 ribus
370 3566 501 3645 hutcm
530 3566 569 3643 δι
604 3562 675 3671 qui
706 3561 835 3643 nostra
857 3558 1083 3671 tempestate
1105 3557 1344 3670 praedicant,
1374 3585 1457 3642 non
1481 3561 1603 3645 sittim
1626 3589 1691 3646 ac·

235 3673 536 3793 quiescendums
588 3671 778 3789 siquidem
807 3677 1127 3786 operaepretium
1157 3673 1240 3773 est,
1278 3672 1427 3757 atteme
1459 3671 1689 3788 perspicere,

272 3791 361 3878 uim
388 3791 579 3906 prioribus
598 3784 829 3886 consonent,
862 3785 984 3901 quim
1011 3780 1209 3870 declarent
1239 3811 1386 3884 vetera,
1407 3788 1526 3899 quim
1550 3817 1689 3876 neces·

165 3916 169 3921 “
236 3821 343 4006 gria,
372 3905 493 4024 quim
524 3901 653 4007 utilia,
679 3898 800 4019 quim
824 3899 930 3988 buno
942 3896 1144 4016 stradeant.
1240 3896 1327 3985 Alia
1354 3906 1479 3999 ratio,
1511 3930 1579 3988 cur
1606 3933 1690 3992 non

237 4025 480 4113 credendum
512 4022 744 4130 hujusmodi*
772 4019 928 4129 privatis
959 4008 1262 4103 revelationibus
1297 4012 1588 4128 dispensatoriis,
1617 4021 1686 4119 esi,

236 4144 332 4258 qttia
350 4134 605 4258 sempetsunt
625 4128 910 4250 aliquomodo
930 4128 1079 4221 dubiaes
1112 4130 1241 4219 dubiae
1264 4155 1394 4219 autem
1415 4128 1688 4247 dispensationi

263 4304 268 4311 ·
303 4309 307 4317 =
381 4273 384 4279 ·
858 4310 891 4341 ,ι
1548 4274 1688 4336 consta
