3772 4988
205 349 315 456 414
511 418 514 427 ,
563 321 766 424 navtur.
791 320 845 422 de
865 322 1056 458 Agraria.
1077 330 1186 421 Pars
1201 329 1280 424 ΙΙΙ.

333 551 372 609 a.
398 523 504 610 Sicut
521 529 633 610 Pater
653 527 750 612 mifit
767 526 890 633 filium
911 534 953 613 in
972 531 1160 613 mundum
1178 556 1251 640 pro
1274 533 1356 637 ejus
1376 522 1661 640 redemptione

211 641 268 725 ita
292 632 456 724 secunda
478 645 563 726 vice
594 643 751 727 tradidit
773 649 961 741 Mariam,
992 669 1161 756 eamque
1187 641 1284 727 misit
1313 640 1338 727 i
1362 644 1518 727 throno
1539 638 1665 755 gloria

215 747 290 843 fuoe
309 753 360 838 ad
378 749 627 867 plantandam
647 754 862 842 Ecclesiam
956 772 960 781 '

339 896 376 969 3.
417 870 628 982 Postquam
650 877 690 953 B.
714 875 837 986 Virgo
856 872 977 957 tribus
996 875 1154 981 integris
1183 869 1321 953 diebus
1342 894 1501 956 morata
1525 892 1605 954 erat
1627 872 1665 953 in

219 976 340 1081 coelo,
365 981 473 1066 Deus
499 1012 548 1069 ex
572 985 755 1069 omnibus
778 988 924 1072 Choria
944 983 1173 1099 angelorum
1196 982 1409 1096 defignavit
1420 981 1600 1098 angelos,
1611 988 1663 1068 in-

220 1117 279 1180 ter
334 1123 407 1180 uos
432 1092 543 1182 multi
562 1127 611 1182 ex
634 1099 852 1211 Seraphinis
879 1099 1187 1214 propinquissimi
1212 1103 1384 1196 Deitati,
1415 1124 1461 1182 ut
1483 1102 1663 1183 comiten-

219 1231 282 1295 tur
302 1123 410 1317 luam
434 1214 624 1326 Reginam
646 1216 687 1298 in
712 1238 864 1300 terram.
920 1221 1032 1300 Tunc
1050 1213 1314 1299 deducebatur
1334 1211 1360 1298 i
1382 1215 1610 1325 Seraphinis
1629 1216 1664 1296 in

221 1321 342 1421 nube,
372 1349 557 1440 tanquam
579 1331 619 1412 in
638 1353 762 1413 curru.
815 1323 1024 1441 Splendor,
1054 1357 1174 1442 quem
1190 1323 1318 1410 secum
1338 1330 1361 1414 ὲ
1379 1324 1493 1413 coelo
1517 1322 1664 1422 detulit,

213 1430 348 1521 ‘sullam
367 1436 462 1523 visus
482 1438 555 1525 soit
573 1440 597 1527 d
615 1443 654 1527 S.
668 1447 845 1546 Joanner
871 1439 951 1527 aliis
967 1468 1098 1529 autem
1114 1449 1155 1527 in
1178 1438 1402 1527 Coenaculo
1422 1438 1665 1553 presentibus

226 1544 547 1654 suboccultatur,
569 1557 699 1640 donec
717 1557 812 1642 radii
827 1553 959 1641 sensim
974 1555 1217 1671 aliquatenus
1237 1552 1475 1642 defecerant.

228 1667 1523 1898 1111111511ῑῖἱέ11331Ξ1Ἵεῇἑῗ11111ἳ1ἳ
1546 1692 1666 1867 ill

227 1891 315 1979 filiis
339 1893 511 1983 Ecclefiae
530 1923 603 1983 ruae
623 1895 749 1986 offero
772 1900 844 1986 tibi
865 1900 966 1985 hanc
982 1899 1269 1985 abdicationem
1292 1923 1366 2013 tuae
1389 1895 1539 2011 gloriae
1597 1904 1667 1981 Pro

227 2007 288 2092 his
310 2006 437 2095 offero
462 2015 562 2096 hanc
582 2008 741 2098 liberam
761 2008 993 2101 electionem
1018 2012 1209 2126 paldonis,
1230 2012 1325 2098 dum
1348 2011 1487 2098 desero
1506 2015 1566 2097 tui
1583 2009 1667 2096 frui·

228 2125 394 2224 tionem,
420 2129 459 2207 &
483 2152 547 2209 me
568 2131 681 2236 privo
704 2125 851 2213 visione
866 2132 923 2212 tui
939 2131 1114 2221 intuitiva
1140 2177 1157 2193 ·

347 2252 384 2321 6.
423 2244 722 2350 Quamprimum
748 2241 787 2327 S.
823 2245 996 2346 Joannes
1022 2249 1066 2330 B.
1094 2240 1292 2356 Virginem
1322 2242 1362 2323 in
1388 2266 1440 2325 eo
1466 2235 1668 2352 splendore

66 2363 70 2380 ¹
229 2345 340 2445 vidit,
357 2352 478 2436 statim
501 2353 640 2439 cecidit
655 2358 697 2439 in
720 2379 858 2441 terram
878 2352 1097 2460 retrorsum,
1118 2377 1235 2472 prout
1248 2350 1317 2465 ipsi
1341 2357 1508 2468 contigit
1525 2382 1612 2439 curn
1632 2381 1669 2436 a·

228 2455 289 2546 liis
310 2463 469 2552 duobus
494 2463 678 2581 apostolis
699 2473 740 2555 in
766 2492 904 2555 monte
924 2470 1097 2556 Thabor.
1172 2463 1327 2582 Reliqui
1355 2493 1487 2554 autem
1514 2462 1670 2585 apostoli

156 2584 161 2605 ⁴·
231 2600 278 2660 ac
296 2576 445 2683 fideles,
460 2586 528 2697 qui
551 2581 723 2684 aderant,
738 2607 859 2697 atque
880 2611 1085 2698 promote
1108 2581 1281 2700 expansis
1303 2580 1482 2669 manibus
1498 2586 1669 2681 orabant,

231 2691 344 2796 hujus
365 2698 421 2779 rei
450 2693 596 2781 causam
620 2699 864 2812 ignorabant.

351 2834 415 2892 10.
450 2814 488 2893 S.
506 2815 828 2925 Joannes‘hpoc.
855 2840 922 2897 21.
950 2808 1128 2899 describit
1150 2813 1191 2895 in
1216 2805 1321 2895 sensu
1341 2803 1499 2911 litterali
1524 2806 1670 2894 descen·

231 2911 311 3002 sum
325 2944 370 3003 ac
385 2922 552 3008 reditum
566 2929 609 3011 Β.
618 2930 785 3041 Virginis
804 2928 827 3010 ὲ
845 2919 964 3013 coelo.
1021 2924 1103 3039 ipse
1118 2922 1191 3010 suit
1208 2923 1232 3011 i
1249 2926 1344 3011 Deo
1363 2925 1594 3018 constiturus
1609 2926 1670 3007 Se·

236 3040 414 3120 cretarius
430 3039 696 3150 mysteriorum
719 3049 761 3129 B.
782 3044 973 3155 Virginisr
1001 3041 1091 3126 hinc
1110 3042 1225 3124 etiam
1278 3037 1354 3125 oali
1370 3035 1552 3125 oculatus
1579 3040 1670 3123 tellis

234 3142 355 3233 satius
377 3151 443 3236 est‘
452 3158 532 3260 ejus
550 3149 789 3240 Ascenfionis
812 3161 853 3240 in
876 3149 1033 3254 coelum,
1054 3181 1099 3240 ac
1120 3069 1384 3238 descenlronis.
1574 3168 1577 3184 '

291 3271 295 3281 '
351 3291 418 3351 rr.
446 3271 631 3382 nuirgo
651 3273 807 3356 retinuit
826 3272 867 3356 S.
882 3273 1088 3374 Ioannem,
1112 3293 1163 3351 ne
1182 3267 1262 3352 hoc
1283 3267 1508 3381 mysterium
1523 3263 1595 3353 suae
1613 3263 1671 3350 de·

234 3369 437 3463 hensionis
458 3381 481 3466 ὲ
504 3379 610 3468 coelo
636 3381 869 3497 propalaret,
878 3384 1078 3582 Crpuamdiu
1097 3379 1176 3494 ipsa
1197 3385 1358 3467 viveret.

180 3534 184 3541 ·
362 3520 427 3577 ιι.
457 3495 541 3579 Cur
557 3503 595 3580 in
616 3504 807 3608 primitiva
823 3500 877 3583 Ec
915 3495 988 3582 efia
1006 3500 1116 3582 Deus
1141 3492 1308 3581 voluerit
1329 3520 1531 3580 remanere
1552 3489 1672 3580 occul·

236 3627 276 3688 ta
300 3607 475 3718 mysteria
499 3614 542 3693 B.
569 3615 748 3725 Virginis,
773 3608 898 3710 servit,
920 3612 1034 3725 quod
1061 3614 1178 3696 etiarn
1198 3606 1366 3696 voluerit
1383 3609 1529 3711 Judaeis
1550 3603 1672 3694 occul·

236 3741 318 3802 turn
341 3716 416 3805 eise
439 3747 581 3835 corpus
602 3729 641 3809 dr
667 3720 922 3842 Sepulchrum
947 3725 1110 3842 Moyfit,
1136 3749 1255 3838 prout
1278 3719 1388 3809 multi
1417 3728 1616 3809 Dodores
1639 3726 1670 3804 dr

234 3832 365 3921 Sandi
389 3835 604 3924 observant.

356 3979 420 4054 ¹3·
463 3945 641 4037 Gentiles
677 3949 889 4038 habuissent
927 3957 1207 4053 tentationem,
1231 3954 1277 4036 B.
1294 3951 1498 4063 Virginem
1511 3945 1672 4052 ,colendi

119 4056 130 4071 '
233 4085 308 4174 pro
329 4065 428 4168 Dea,
448 4063 476 4154 li
498 4060 739 4181 agnovissent
757 4073 839 4175 elus
865 4063 1137 4181 persediones.
1189 4068 1233 4150 ln
1265 4063 1672 4267 probationerpffl
