3796 4994
233 347 332 445 150
363 330 410 400 t.
476 264 480 271 ’
626 312 934 411 revelationes
970 319 1013 414 S.
1053 298 1296 415 Gerrrudis.

226 550 404 628 meam
438 512 765 637 retraherem,
802 544 1145 659 apparuerunt
1178 531 1232 627 in
1268 556 1327 628 ea
1363 525 1559 660 septem
1595 536 1682 634 eir·

227 663 325 768 culi
385 667 521 764 aurei
585 669 638 763 in
691 661 917 766 modum
983 663 1176 800 septem
1247 665 1563 777 annulorum
1629 681 1682 774 in

228 801 458 942 quolibet
495 799 655 941 digito
691 834 854 918 unus,
886 799 940 908 δι
976 813 1030 907 in
1065 802 1290 908 annulari
1326 835 1426 912 tres
1462 820 1515 912 in
1552 814 1680 916 testi·

225 953 473 1050 monium
518 939 691 1050 fidele,
748 943 890 1080 quod
927 945 1158 1083 ptaedisia
1194 950 1387 1086 septem
1423 955 1689 1092 privilegia.

220 1081 356 1190 'milri
392 1084 456 1188 ad
492 1106 683 1189 Votum
719 1084 870 1191 essent
906 1085 1225 1192 confirmata.
1333 1117 1444 1228 Quid
1474 1144 1577 1226 opus
1607 1121 1680 1202 bac

226 1221 574 1334 representatione,
600 1250 688 1309 cum
710 1221 889 1334 promissa
909 1226 1080 1311 debeant
1109 1231 1267 1337 probari
1288 1227 1381 1314 reali
1406 1235 1590 1341 pignore,
1615 1253 1679 1323 aut

224 1336 404 1424 essedo?
431 1340 511 1422 Sed
531 1332 752 1447 responderi
771 1341 912 1450 potesl,
934 1338 1080 1453 fignum
1104 1344 1185 1424 hoc
1207 1353 1548 1428 rememoraturum
1578 1346 1676 1428 diri·

227 1481 287 1538 nae
313 1457 441 1564 gratiae
461 1448 625 1562 potuisse
642 1479 797 1538 manere
815 1457 868 1538 ita
890 1450 1107 1567 impressum
1123 1460 1377 1545 memorias.
1396 1460 1620 1557 Gertrudis‚
1634 1481 1676 1543 ut

223 1559 489 1681 eequivaluerit
509 1568 664 1680 pignori
682 1562 789 1675 reali.

341 1807 406 1891 lx.
465 1777 515 1884 S.
567 1764 839 1887 Gertrudts
904 1730 1154 1919 vrttes,
1223 1777 1532 1922 Gregorium
1597 1781 1672 1890 M.

225 1921 471 2026 omnibus
508 1923 678 2029 sanslis
721 1919 1004 2058 aequalcm,
1049 1944 1164 2060 quod
1200 1973 1285 2031 non
1331 1947 1486 2031 videtur
1523 1975 1672 2049 voum.

221 2066 316 2174 quia
350 2057 495 2174 singuli.
520 2062 679 2147 habent'
702 2059 809 2148 suurn
846 2061 1009 2147 donum.
1047 2062 1090 2145 L
1113 2091 1153 2159 4.
1174 2065 1222 2145 C.
1250 2087 1316 2145 ro.
1340 2065 1412 2144 aitt
1456 2062 1673 2152 Videbatur

222 2179 401 2259 omnium
421 2178 652 2267 Sanctorum
676 2180 819 2289 meritis
839 2202 913 2286 pro
941 2171 997 2259 sui
1020 2174 1209 2286 dignitate
1236 2170 1472 2284 fingulariter
1491 2198 1670 2291 coaequa·

222 2308 299 2371 tus.
326 2293 400 2371 Par
420 2291 848 2375 enimeratPatriarchis
861 2293 1067 2402 inparema
1106 2287 1300 2373 rovisrone
1317 2283 1549 2401 &diligenti
1569 2316 1673 2388 curt.

1065 2406 1072 2419 0
1093 2406 1099 2418 1

220 2425 305 2601 Eu
329 2408 448 2489 node
473 2404 618 2516 dieque
631 2399 904 2487 sollicitabatur
923 2426 1044 2513 prou
1088 2424 1181 2484 itate
1201 2396 1376 2486 Ecclefia
1395 2401 1465 2486 sibi
1489 2410 1669 2489 comunis

300 2518 479 2629 Compar
495 2522 611 2634 etiarn
627 2517 833 2602 videbatur
842 2517 1061 2628 Prophetis,
1082 2514 1262 2627 eoquod
1283 2521 1323 2599 in
1346 2518 1505 2626 Scriptis
1523 2514 1596 2603 suis
1615 2520 1670 2603 di·

219 2625 344 2715 versas
371 2632 674 2723 machinationes
703 2635 875 2733 inimici,
933 2625 1312 2741 uibus-infestaturus
1338 2654 1419 2715 erat
1448 2658 1573 2745 genus
1602 2633 1669 2716 iut-

220 2767 394 2841 manum,
421 2751 705 2855 premunivit,
735 2745 845 2827 &ad
869 2657 1114 2827 resiliendum
1138 2739 1194 2825 illi
1214 2739 1320 2825 utilia
1346 2750 1557 2830 monita&
1584 2773 1669 2831 cau·

219 2853 315 2941 telas
346 2858 540 2962 adjunxit3
589 2860 805 2972 exquibus
834 2853 902 2940 ille
938 2861 1072 2969 majori
1104 2853 1228 2973 gloria
1242 2932 1246 2941 ,
1260 2852 1458 2941 latabarur
1499 2860 1666 2959 dotatus,

151 3067 154 3071 ¹
217 2968 341 3084 quim
366 2965 505 3084 aliquis
531 2974 761 3058 Sanctorum
781 2973 1062 3081 Prophetarum
1079 2998 1155 3082 pro
1170 2965 1235 3055 sua
1254 2968 1473 3080 prophetia.
1528 2976 1667 3085 Qui·

216 3082 396 3199 pollebat
424 3112 592 3200 quoque
629 3091 770 3171 meritis
811 3088 1041 3175 Sandorum
1079 3080 1362 3199 Apostolorum
1403 3072 1476 3198 per
1509 3086 1667 3172 fidelem

216 3200 497 3298 adhaesionem,
516 3205 608 3315 quia
626 3225 710 3285 tota
732 3201 950 3287 devotione
968 3223 1046 3283 tam
1063 3198 1104 3281 in
1125 3196 1288 3323 advprfis
1313 3196 1493 3313 quimin
1514 3200 1665 3317 prospe·

216 3317 267 3398 tir
285 3316 461 3399 Domino
479 3310 646 3399 fideliter
669 3313 901 3412 adhaerebat,
930 3316 969 3396 dt
998 3311 1107 3396 verbi
1131 3312 1208 3394 Dei
1233 3306 1376 3395 semina
1399 3312 1583 3399 universae
1602 3322 1665 3401 ilc·

216 3423 337 3512 eiefiae
380 3425 588 3513 liberaliter
625 3427 887 3513 distribuebat.
959 3476 961 3481 ·
998 3420 1302 3511 nuntiabatur·
1326 3423 1481 3539 insuper
1506 3434 1665 3516 meritis

213 3541 428 3653 Martyrum
456 3547 497 3625 dr
534 3539 812 3628 Conseslorum
843 3566 913 3654 pet
942 3541 1145 3624 dishidam
1174 3544 1350 3650 eorporis
1379 3544 1663 3657 castigationem

213 3654 483 3767 devotamque
502 3652 695 3768 religionis
723 3662 761 3739 δι
786 3649 1128 3740 totius'sanoitans
1155 3651 1453 3763 perfessionem.
1524 3660 1663 3742 Viden·

214 3791 279 3855 tur
303 3769 371 3852 ista
398 3768 620 3880 phanrafiae,
648 3774 740 3884 quia
766 3764 945 3881 speciales
980 3764 1113 3879 glorie
1146 3772 1192 3859 in¹
1216 3762 1322 3853 coelo
1366 3794 1405 3850 v.
1438 3796 1477 3880 g.
1521 3774 1661 3883 Many·

213 3909 300 3987 rum
323 3908 403 3968 non
430 3884 783 3969 commensurantur
809 3887 960 3995 meritis,
976 3876 1111 3993 diversi
1134 3881 1280 3964 ordinis
1299 3907 1337 3964 v.
1357 3905 1396 3993 g.
1428 3884 1657 3997 castigationi

213 3999 403 4113 eorporis.
487 3998 569 4084 Sed
610 3997 835 4112 responderi
873 3996 1023 4110 potest,
1062 3996 1107 4079 td
1144 3992 1328 4104 coaptari
1364 3997 1430 4078 hic
1464 3996 1650 4216 ίιιᾜφ

1587 4133 1641 4192 m·
