3796 4994
619 286 820 417 Revelar.
843 314 896 417 dc
924 315 1110 453 ngredi.
1133 325 1317 424 Parasi.
1577 353 1639 447 30
1649 356 1674 452 5
1784 434 1786 439 ,

229 518 349 618 ravit,
370 518 410 602 ba
428 514 494 601 hic
514 507 646 605 motus
668 518 742 606 suit
762 492 832 606 'illa
857 504 1047 608 exultatio
1070 508 1226 609 infantia
1258 524 1298 609 iir'
1332 548 1458 612 utero.
1541 522 1679 617 Elicuit
1792 532 1832 623 ,’

227 658 326 717 tunc
345 637 516 734 Joannts
548 637 663 718 etiam
694 640 800 719 anus
825 633 933 733 fidei,
958 634 1063 748 spei,
1087 640 1294 737 charitatis,
1317 644 1357 722 ot
1380 634 1544 724 alianum·
1559 644 1677 729 virtui

210 753 333 834 ‘tumt
362 750 402 827 bc
427 745 554 830 abeo
578 770 780 831 momento
808 751 953 858 incepit
978 752 1137 846 mereri,
1166 760 1441 865 necunquam
1470 753 1615 840 destitit
1648 754 1673 842 i

228 861 421 943 continuo
445 861 628 944 exercitio
652 862 907 972 cooperando
927 867 1053 973 gratiae
1067 863 1338 949 totiu'vitibus.
1372 904 1393 943 ·.
1481 896 1487 925 -·
1511 920 1516 927 ·
1576 883 1595 933 ³³

347 989 446 1070 2¹94
478 966 667 1056 Elisabeth
688 984 782 1057 tunc
805 976 919 1058 etiam
943 981 1104 1087 agnovit
1129 972 1468 1061 sanciificationem
1495 975 1674 1068 sui-sillic-

229 1087 270 1167 &
294 1081 391 1168 vidit
423 1096 537 1167 etiam
551 1152 554 1165 .
570 1088 762 1195 Christum
792 1088 833 1169 in
862 1111 974 1171 utero
1004 1090 1181 1198 virgineo
1208 1088 1314 1199 quast
1345 1116 1414 1199 pet
1444 1088 1671 1198 crystallum.
1805 1102 1823 1127 ·“

228 1201 322 1280 Hoc
343 1196 494 1281 donum
511 1196 697 1283 ¹obtinuit
729 1197 997 1309 dependenter
1016 1198 1042 1285 a
1066 1195 1293 1286 salutatione
1322 1200 1475 1302 Maria,
1506 1205 1673 1316 ejusque

227 1309 369 1407 verbis,
395 1334 482 1421 quat
501 1311 542 1392 δι
564 1309 711 1394 audivit
736 1315 921 1414 Joannes.
947 1336 1048 1397 no.

346 1452 441 1524 ης.
468 1418 737 1507 Misericordiae
752 1425 829 1506 Dci
847 1451 893 1507 ex
914 1419 1157 1536 plenitudine
1169 1428 1213 1511 B.
1228 1426 1396 1538 Virginis
1412 1428 1452 1508 in
1473 1420 1668 1538 reliquum

228 1548 350 1648 genus
368 1530 578 1627 humanum
604 1535 864 1625 dimanaruntr
891 1534 970 1648 ipsa
985 1540 1039 1622 est
1060 1565 1175 1650 porta
1188 1532 1293 1633 eoeli,
1306 1563 1376 1646 pet
1395 1558 1514 1650 quam
1536 1543 1669 1622 omnia

228 1654 335 1734 bona
357 1653 619 1744 buxetum&
642 1648 939 1738 adhucfluunts
966 1656 1007 1733 δι
1034 1678 1171 1734 omnes
1193 1656 1234 1734 in
1261 1645 1405 1732 coelum
1434 1650 1581 1733 debent
1608 1655 1670 1735 in·

227 1788 327 1849 trare
342 1787 412 1873 per
428 1763 529 1846 hauc
549 1786 717 1873 portam.
801 1764 913 1846 Deus
931 1756 1025 1846 loco
1044 1762 1208 1846 Luciferi
1228 1757 1354 1872 posuit
1374 1765 1557 1857 Mariam,
1581 1787 1669 1847 tan·
1751 1798 1754 1805 ·

225 1901 346 1991 quam
384 1899 576 1973 matrem,
615 1881 655 1958 δι
700 1873 990 1961 reservaturium
1035 1880 1278 1990 antiquarum
1322 1873 1666 1960 misericordiarum

224 1993 326 2077 nei.-
429 2055 432 2062 .

280 2220 283 2225 Ι
343 2112 440 2204 ης.
470 2097 669 2225 =Elisabeth
692 2097 881 2187 intellexit
898 2125 1026 2187 totum
1051 2103 1259 2226 Canticum
1281 2097 1543 2216 Magmficatr
1585 2099 1674 2298 ipsa.

227 2239 358 2301 autem
377 2220 419 2297 bc
449 2219 572 2298 Maria
601 2215 855 2321 promiserunt
882 2217 949 2299 stbi
981 2220 1177 2315 invicem,
1208 2215 1326 2328 quod·
1351 2236 1442 2299 toto
1475 2217 1562 2299 vitae

225 2353 406 2441 tempore
428 2324 523 2411 nulli
544 2324 688 2412 vellent
702 2325 873 2413 revelare
893 2331 973 2413 hoc
993 2332 1224 2440 mysterium.
1617 2392 1620 2399 -

338 2455 432 2525 226.
457 2445 570 2526 Tunc
590 2437 778 2527 Elisabeth
798 2443 992 2553 assignavit
1012 2449 1056 2525 B.
1075 2446 1224 2553 Virgini
1240 2435 1407 2553 aliquod
1429 2435 1664 2538 cubiculum.

223 2558 370 2668 inquo
398 2555 531 2666 quiete
558 2549 683 2663 posset
705 2579 841 2641 vacare
873 2557 979 2639 Deo.
1038 2557 1178 2665 ltaque
1205 2556 1422 2635 Incarnatio
1444 2551 1519 2641 fuit
1548 2579 1665 2639 eous·

223 2669 480 2871 {uffiigr
510 2668 638 2752 tribus.
656 2671 828 2755 foeminis
858 2663 1027 2754 revelata
1051 2693 1195 2778 nempe
1216 2669 1255 2753 S.
1278 2665 1416 2763 Anna,
1434 2668 1673 2779 &Virgini

435 2807 450 2865 t
478 2808 519 2865 ae.
1408 2808 1418 2819 ·

341 2925 437 2995 227.
466 2895 652 3003 Quamvis
671 2902 713 2981 B.
733 2898 857 3008 Virgo
878 2888 1072 3007 compassa
1093 2888 1209 2977 fuerit
1227 2876 1415 2998 Zachariae
1436 2880 1561 2995 ntuto',
1588 2919 1665 2979 no·

223 3004 296 3092 luit
317 3030 449 3125 tamen
474 3002 621 3091 solvere
652 3016 731 3113 ejus
759 3004 952 3120 linguam,
984 3011 1077 3120 quia
1109 3002 1251 3092 sciebat
1284 3009 1503 3118 mysterium
1527 2998 1663 3093 satem

221 3114 370 3319 {liseph
389 3122 479 3254 post
503 3143 580 3206 tres
602 3121 687 3206 dies
706 3118 807 3206 redit
827 3127 869 3206 in
892 3120 1089 3208 Nazareth
1101 3173 1127 3225 ,,Ι
1138 3118 1212 3217 ubi
1237 3123 1383 3223 interca
1411 3117 1480 3235 ipfi
1510 3114 1663 3223 inservit

377 3259 514 3318 verna
1042 3284 1050 3301 κ
1290 3302 1311 3331 ,,

275 3259 438 3451 quaml.
469 3354 511 3432 B.
532 3354 582 3433 V.
603 3340 750 3459 semper
772 3341 929 3437 surrexit
949 3338 1081 3459 merlin
1094 3350 1235 3442 nocie,
1262 3316 1663 3453 &contemplabatur

222 3462 413 3573 mysteria.
490 3467 565 3544 Per
583 3455 672 3544 illos
700 3485 776 3544 tres
798 3455 944 3544 menses
961 3456 1371 3571 habebatfrequenter
1385 3452 1674 3573 triones-Dei...

223 3596 436 3688 quaerant
457 3567 586 3686 sepius
602 3577 798 3660 intuitivae.
854 3564 1139 3662 Confidera'bat
1154 3573 1292 3699 cuam,
1309 3568 1518 3693 quomodo
1536 3569 1662 3655 indier

224 3689 387 3773 creverit
403 3713 544 3798 corpus
569 3687 723 3772 Christi.
1290 3698 1294 3707 '
1394 3696 1398 3708 '

341 3829 435 3903 ²39·
475 3796 667 3885 Elisabeth
690 3797 785 3911 saepe
807 3797 905 3885 vidit
929 3804 974 3886 B.
997 3794 1199 3914 Virginem
1228 3799 1270 3883 in
1304 3796 1483 3913 oratione
1518 3784 1672 3884 eterra*

224 3907 425 4015 elevatam,
448 3918 487 3996 bt
504 3908 592 3999 luce
618 3907 892 4000 circumfusam.
1409 3929 1427 3940 ··
1667 3932 1670 3937 ’

338 4136 402 4227 D.
419 4134 466 4221 E.
484 4136 542 4221 A.
561 4132 607 4220 de
629 4078 806 4224 Revelatl
827 4134 999 4224 Parsll.
1198 4138 1279 4247 Qq
1567 4155 1663 4240 243.
