<?xml version="1.0" encoding="UTF-8"?>
<!DOCTYPE html PUBLIC "-//W3C//DTD XHTML 1.0 Transitional//EN"
    "http://www.w3.org/TR/xhtml1/DTD/xhtml1-transitional.dtd">
<html xmlns="http://www.w3.org/1999/xhtml" xml:lang="en" lang="en">
 <head>
  <title>
</title>
<meta http-equiv="Content-Type" content="text/html;charset=utf-8" />
  <meta name='ocr-system' content='tesseract 3.04.00' />
  <meta name='ocr-capabilities' content='ocr_page ocr_carea ocr_par ocr_line ocrx_word'/>
</head>
<body>
  <div class='ocr_page' id='page_1' title='image "./derevelationibu00amorgoog_0621.png"; bbox 0 0 3796 4994; ppageno 0'>
   <div class='ocr_carea' id='block_1_1' title="bbox 595 274 1778 469">
    <p class='ocr_par' dir='ltr' id='par_1_1' title="bbox 595 274 1778 469">
     <span class='ocr_line' id='line_1_1' title="bbox 595 274 1778 469; baseline 0.009 -41"><span class='ocrx_word' id='word_1_1' title='bbox 595 274 799 431; x_wconf 54' lang='lat' dir='ltr'>neverat,</span> <span class='ocrx_word' id='word_1_2' title='bbox 820 333 873 429; x_wconf 83' lang='lat' dir='ltr'>dr</span> <span class='ocrx_word' id='word_1_3' title='bbox 889 329 1078 469; x_wconf 54' lang='lat' dir='ltr'>sigrada.</span> <span class='ocrx_word' id='word_1_4' title='bbox 1101 337 1214 433; x_wconf 79' lang='lat' dir='ltr'>Pars</span> <span class='ocrx_word' id='word_1_5' title='bbox 1230 336 1288 427; x_wconf 87' lang='grc' dir='ltr'>ΙΙ.</span> <span class='ocrx_word' id='word_1_6' title='bbox 1555 296 1672 458; x_wconf 83' lang='lat'>317¹</span> <span class='ocrx_word' id='word_1_7' title='bbox 1773 290 1778 315; x_wconf 35' lang='lat'>⁸</span> 
     </span>
    </p>
   </div>
   <div class='ocr_carea' id='block_1_2' title="bbox 214 530 1787 990">
    <p class='ocr_par' dir='ltr' id='par_1_2' title="bbox 214 530 1787 990">
     <span class='ocr_line' id='line_1_2' title="bbox 331 530 1669 648; baseline -0.016 -5"><span class='ocrx_word' id='word_1_8' title='bbox 331 566 430 641; x_wconf 85' lang='lat'>457.</span> <span class='ocrx_word' id='word_1_9' title='bbox 459 538 503 620; x_wconf 91' lang='lat' dir='ltr'>In</span> <span class='ocrx_word' id='word_1_10' title='bbox 522 538 659 621; x_wconf 89' lang='lat' dir='ltr'>itinere</span> <span class='ocrx_word' id='word_1_11' title='bbox 688 536 825 621; x_wconf 89' lang='lat' dir='ltr'>decem</span> <span class='ocrx_word' id='word_1_12' title='bbox 845 530 963 620; x_wconf 90' lang='lat' dir='ltr'>millia</span> <span class='ocrx_word' id='word_1_13' title='bbox 985 531 1212 648; x_wconf 88' lang='lat' dir='ltr'>angelorum</span> <span class='ocrx_word' id='word_1_14' title='bbox 1232 533 1502 648; x_wconf 80' lang='lat' dir='ltr'>praecedebant</span> <span class='ocrx_word' id='word_1_15' title='bbox 1524 541 1563 618; x_wconf 82' lang='lat' dir='ltr'>B.</span> <span class='ocrx_word' id='word_1_16' title='bbox 1583 540 1669 621; x_wconf 86' lang='lat' dir='ltr'>Vir·</span> 
     </span>
     <span class='ocr_line' id='line_1_3' title="bbox 217 641 1787 766; baseline 0.002 -33"><span class='ocrx_word' id='word_1_17' title='bbox 217 655 348 766; x_wconf 83' lang='lat' dir='ltr'>ginem</span> <span class='ocrx_word' id='word_1_18' title='bbox 373 657 414 734; x_wconf 90' lang='lat' dir='ltr'>in</span> <span class='ocrx_word' id='word_1_19' title='bbox 436 646 570 734; x_wconf 75' lang='lat' dir='ltr'>visibili</span> <span class='ocrx_word' id='word_1_20' title='bbox 590 647 729 733; x_wconf 79' lang='lat' dir='ltr'>forma</span> <span class='ocrx_word' id='word_1_21' title='bbox 787 649 1072 760; x_wconf 83' lang='lat' dir='ltr'><strong>Quadringenti</strong></span> <span class='ocrx_word' id='word_1_22' title='bbox 1102 673 1230 730; x_wconf 88' lang='lat' dir='ltr'>autern</span> <span class='ocrx_word' id='word_1_23' title='bbox 1255 654 1537 762; x_wconf 80' lang='lat' dir='ltr'>quinquaginta</span> <span class='ocrx_word' id='word_1_24' title='bbox 1563 655 1603 731; x_wconf 82' lang='lat' dir='ltr'>dc</span> <span class='ocrx_word' id='word_1_25' title='bbox 1626 676 1671 736; x_wconf 89' lang='lat' dir='ltr'>u·</span> <span class='ocrx_word' id='word_1_26' title='bbox 1779 641 1787 670; x_wconf 87' lang='lat'><em>&#39;</em></span> 
     </span>
     <span class='ocr_line' id='line_1_4' title="bbox 219 756 1676 877; baseline -0.001 -28"><span class='ocrx_word' id='word_1_27' title='bbox 219 793 292 854; x_wconf 89' lang='lat' dir='ltr'>nus</span> <span class='ocrx_word' id='word_1_28' title='bbox 319 759 478 877; x_wconf 80' lang='lat' dir='ltr'>angelus</span> <span class='ocrx_word' id='word_1_29' title='bbox 510 789 620 846; x_wconf 91' lang='lat' dir='ltr'>erant</span> <span class='ocrx_word' id='word_1_30' title='bbox 648 762 673 847; x_wconf 81' lang='lat' dir='ltr'>ai</span> <span class='ocrx_word' id='word_1_31' title='bbox 706 767 801 848; x_wconf 87' lang='lat' dir='ltr'>Deo</span> <span class='ocrx_word' id='word_1_32' title='bbox 831 762 1005 873; x_wconf 87' lang='lat' dir='ltr'>deputati</span> <span class='ocrx_word' id='word_1_33' title='bbox 1038 762 1089 844; x_wconf 87' lang='lat' dir='ltr'>ad</span> <span class='ocrx_word' id='word_1_34' title='bbox 1120 758 1399 847; x_wconf 90' lang='lat' dir='ltr'>inserviendum</span> <span class='ocrx_word' id='word_1_35' title='bbox 1438 765 1594 845; x_wconf 88' lang='lat' dir='ltr'>Christo</span> <span class='ocrx_word' id='word_1_36' title='bbox 1625 756 1676 849; x_wconf 78' lang='lat' dir='ltr'>dc</span> 
     </span>
     <span class='ocr_line' id='line_1_5' title="bbox 214 868 1670 990; baseline -0.003 -26"><span class='ocrx_word' id='word_1_37' title='bbox 214 885 260 964; x_wconf 85' lang='lat' dir='ltr'>B.</span> <span class='ocrx_word' id='word_1_38' title='bbox 287 881 435 990; x_wconf 85' lang='lat' dir='ltr'>Virgini</span> <span class='ocrx_word' id='word_1_39' title='bbox 455 881 495 959; x_wconf 91' lang='lat' dir='ltr'>in</span> <span class='ocrx_word' id='word_1_40' title='bbox 510 881 658 960; x_wconf 86' lang='lat' dir='ltr'>itinere.</span> <span class='ocrx_word' id='word_1_41' title='bbox 743 869 860 959; x_wconf 89' lang='lat' dir='ltr'>Multi</span> <span class='ocrx_word' id='word_1_42' title='bbox 885 869 947 959; x_wconf 91' lang='lat' dir='ltr'>alii</span> <span class='ocrx_word' id='word_1_43' title='bbox 968 870 1093 985; x_wconf 86' lang='lat' dir='ltr'>angeli</span> <span class='ocrx_word' id='word_1_44' title='bbox 1118 868 1217 957; x_wconf 91' lang='lat' dir='ltr'>ultra</span> <span class='ocrx_word' id='word_1_45' title='bbox 1237 874 1392 987; x_wconf 82' lang='lat' dir='ltr'>ptaefata</span> <span class='ocrx_word' id='word_1_46' title='bbox 1419 876 1555 958; x_wconf 89' lang='lat' dir='ltr'>decern</span> <span class='ocrx_word' id='word_1_47' title='bbox 1584 872 1670 959; x_wconf 90' lang='lat' dir='ltr'>mil·</span> 
     </span>
    </p>
   </div>
   <div class='ocr_carea' id='block_1_3' title="bbox 215 981 1833 1101">
    <p class='ocr_par' dir='ltr' id='par_1_3' title="bbox 215 981 1833 1101">
     <span class='ocr_line' id='line_1_6' title="bbox 215 981 1833 1101; baseline -0.004 -26"><span class='ocrx_word' id='word_1_48' title='bbox 215 988 266 1076; x_wconf 86' lang='lat' dir='ltr'>lia</span> <span class='ocrx_word' id='word_1_49' title='bbox 289 1014 398 1075; x_wconf 91' lang='lat' dir='ltr'>erant</span> <span class='ocrx_word' id='word_1_50' title='bbox 420 990 445 1073; x_wconf 77' lang='lat' dir='ltr'>i</span> <span class='ocrx_word' id='word_1_51' title='bbox 467 992 560 1074; x_wconf 89' lang='lat' dir='ltr'>Deo</span> <span class='ocrx_word' id='word_1_52' title='bbox 588 991 765 1100; x_wconf 89' lang='lat' dir='ltr'>deputati</span> <span class='ocrx_word' id='word_1_53' title='bbox 787 1011 972 1101; x_wconf 89' lang='lat' dir='ltr'>tanquam</span> <span class='ocrx_word' id='word_1_54' title='bbox 1002 990 1125 1071; x_wconf 92' lang='lat' dir='ltr'>nuntii</span> <span class='ocrx_word' id='word_1_55' title='bbox 1148 981 1310 1071; x_wconf 84' lang='lat' dir='ltr'>coelestis</span> <span class='ocrx_word' id='word_1_56' title='bbox 1333 991 1453 1087; x_wconf 88' lang='lat' dir='ltr'>Patris</span> <span class='ocrx_word' id='word_1_57' title='bbox 1476 989 1527 1072; x_wconf 90' lang='lat' dir='ltr'>ad</span> <span class='ocrx_word' id='word_1_58' title='bbox 1553 992 1670 1072; x_wconf 89' lang='lat' dir='ltr'>Chri·</span> <span class='ocrx_word' id='word_1_59' title='bbox 1830 1034 1833 1038; x_wconf 27' lang='lat' dir='ltr'><strong><em>ss</em></strong></span> 
     </span>
    </p>
   </div>
   <div class='ocr_carea' id='block_1_4' title="bbox 212 1094 1786 3373">
    <p class='ocr_par' dir='ltr' id='par_1_4' title="bbox 214 1094 1786 1441">
     <span class='ocr_line' id='line_1_7' title="bbox 216 1094 1668 1215; baseline -0.001 -26"><span class='ocrx_word' id='word_1_60' title='bbox 216 1107 372 1189; x_wconf 89' lang='lat' dir='ltr'>stum&amp;</span> <span class='ocrx_word' id='word_1_61' title='bbox 398 1109 444 1188; x_wconf 81' lang='lat' dir='ltr'>B.</span> <span class='ocrx_word' id='word_1_62' title='bbox 470 1105 694 1215; x_wconf 85' lang='lat' dir='ltr'>Virginem,</span> <span class='ocrx_word' id='word_1_63' title='bbox 727 1128 897 1214; x_wconf 90' lang='lat' dir='ltr'>quorum</span> <span class='ocrx_word' id='word_1_64' title='bbox 930 1127 1010 1186; x_wconf 90' lang='lat' dir='ltr'>erat</span> <span class='ocrx_word' id='word_1_65' title='bbox 1035 1098 1267 1185; x_wconf 83' lang='lat' dir='ltr'>descendere</span> <span class='ocrx_word' id='word_1_66' title='bbox 1292 1101 1316 1185; x_wconf 77' lang='grc' dir='ltr'>ὲ</span> <span class='ocrx_word' id='word_1_67' title='bbox 1345 1094 1451 1186; x_wconf 84' lang='lat' dir='ltr'>coelo</span> <span class='ocrx_word' id='word_1_68' title='bbox 1476 1107 1515 1185; x_wconf 78' lang='grc' dir='ltr'>δι</span> <span class='ocrx_word' id='word_1_69' title='bbox 1531 1097 1668 1195; x_wconf 83' lang='lat' dir='ltr'>,ascen-</span> 
     </span>
     <span class='ocr_line' id='line_1_8' title="bbox 216 1209 1786 1313; baseline 0 -11"><span class='ocrx_word' id='word_1_70' title='bbox 216 1219 320 1303; x_wconf 77' lang='lat' dir='ltr'>dere</span> <span class='ocrx_word' id='word_1_71' title='bbox 406 1218 607 1302; x_wconf 75' lang='lat' dir='ltr'>Ceterum</span> <span class='ocrx_word' id='word_1_72' title='bbox 630 1221 669 1300; x_wconf 90' lang='lat' dir='ltr'>in</span> <span class='ocrx_word' id='word_1_73' title='bbox 686 1219 823 1302; x_wconf 86' lang='lat' dir='ltr'>itinere</span> <span class='ocrx_word' id='word_1_74' title='bbox 842 1209 1201 1303; x_wconf 84' lang='lat' dir='ltr'>nullus‘bominum</span> <span class='ocrx_word' id='word_1_75' title='bbox 1221 1241 1291 1299; x_wconf 89' lang='lat' dir='ltr'>eos</span> <span class='ocrx_word' id='word_1_76' title='bbox 1314 1216 1582 1313; x_wconf 81' lang='lat' dir='ltr'>comitabatur,</span> <span class='ocrx_word' id='word_1_77' title='bbox 1600 1240 1667 1302; x_wconf 92' lang='lat' dir='ltr'>aut</span> <span class='ocrx_word' id='word_1_78' title='bbox 1782 1294 1786 1309; x_wconf 78' lang='grc'><strong>,</strong></span> 
     </span>
     <span class='ocr_line' id='line_1_9' title="bbox 214 1330 1346 1441; baseline -0.004 -24"><span class='ocrx_word' id='word_1_79' title='bbox 214 1330 431 1441; x_wconf 83' lang='lat' dir='ltr'>adjuvabat.</span> <span class='ocrx_word' id='word_1_80' title='bbox 1340 1360 1346 1369; x_wconf 93' lang='lat'>·</span> 
     </span>
    </p>

    <p class='ocr_par' dir='ltr' id='par_1_5' title="bbox 212 1440 1667 1983">
     <span class='ocr_line' id='line_1_10' title="bbox 329 1440 1667 1546; baseline -0.011 0"><span class='ocrx_word' id='word_1_81' title='bbox 329 1461 428 1546; x_wconf 77' lang='lat'>458.</span> <span class='ocrx_word' id='word_1_82' title='bbox 455 1447 496 1525; x_wconf 85' lang='grc' dir='ltr'><strong>Β.</strong></span> <span class='ocrx_word' id='word_1_83' title='bbox 518 1447 568 1530; x_wconf 89' lang='lat' dir='ltr'>V.</span> <span class='ocrx_word' id='word_1_84' title='bbox 591 1445 630 1526; x_wconf 92' lang='lat' dir='ltr'>in</span> <span class='ocrx_word' id='word_1_85' title='bbox 653 1443 732 1526; x_wconf 88' lang='lat' dir='ltr'>boc</span> <span class='ocrx_word' id='word_1_86' title='bbox 757 1446 896 1527; x_wconf 89' lang='lat' dir='ltr'>itinere</span> <span class='ocrx_word' id='word_1_87' title='bbox 925 1468 1007 1527; x_wconf 91' lang='lat' dir='ltr'>non</span> <span class='ocrx_word' id='word_1_88' title='bbox 1038 1440 1174 1526; x_wconf 89' lang='lat' dir='ltr'>habuit</span> <span class='ocrx_word' id='word_1_89' title='bbox 1202 1447 1384 1541; x_wconf 73' lang='lat' dir='ltr'>nodem,</span> <span class='ocrx_word' id='word_1_90' title='bbox 1450 1444 1512 1527; x_wconf 88' lang='lat' dir='ltr'>uia</span> <span class='ocrx_word' id='word_1_91' title='bbox 1539 1442 1667 1537; x_wconf 76' lang='lat' dir='ltr'>angeli</span> 
     </span>
     <span class='ocr_line' id='line_1_11' title="bbox 218 1472 1666 1669; baseline 0 -28"><span class='ocrx_word' id='word_1_92' title='bbox 218 1584 302 1641; x_wconf 91' lang='lat' dir='ltr'>eam</span> <span class='ocrx_word' id='word_1_93' title='bbox 331 1560 560 1642; x_wconf 87' lang='lat' dir='ltr'>comitantes</span> <span class='ocrx_word' id='word_1_94' title='bbox 591 1552 802 1665; x_wconf 86' lang='lat' dir='ltr'>sparserunt</span> <span class='ocrx_word' id='word_1_95' title='bbox 828 1581 974 1640; x_wconf 88' lang='lat' dir='ltr'>tantam</span> <span class='ocrx_word' id='word_1_96' title='bbox 1014 1551 1175 1652; x_wconf 86' lang='lat' dir='ltr'>lucent,</span> <span class='ocrx_word' id='word_1_97' title='bbox 1215 1581 1401 1669; x_wconf 89' lang='lat' dir='ltr'>quantam</span> <span class='ocrx_word' id='word_1_98' title='bbox 1419 1472 1485 1641; x_wconf 67' lang='lat' dir='ltr'>sol</span> <span class='ocrx_word' id='word_1_99' title='bbox 1512 1561 1553 1640; x_wconf 91' lang='lat' dir='ltr'>in</span> <span class='ocrx_word' id='word_1_100' title='bbox 1582 1532 1666 1642; x_wconf 77' lang='lat' dir='ltr'>tne-</span> 
     </span>
     <span class='ocr_line' id='line_1_12' title="bbox 215 1665 1664 1783; baseline 0 -28"><span class='ocrx_word' id='word_1_101' title='bbox 215 1670 324 1756; x_wconf 84' lang='lat' dir='ltr'>ridie.</span> <span class='ocrx_word' id='word_1_102' title='bbox 413 1675 506 1753; x_wconf 87' lang='lat' dir='ltr'>Hoc</span> <span class='ocrx_word' id='word_1_103' title='bbox 542 1665 746 1782; x_wconf 85' lang='lat' dir='ltr'>privilegio</span> <span class='ocrx_word' id='word_1_104' title='bbox 782 1668 978 1782; x_wconf 84' lang='lat' dir='ltr'>gaudebat</span> <span class='ocrx_word' id='word_1_105' title='bbox 1015 1676 1130 1752; x_wconf 88' lang='lat' dir='ltr'>etiam</span> <span class='ocrx_word' id='word_1_106' title='bbox 1159 1673 1200 1753; x_wconf 86' lang='lat' dir='ltr'>S.</span> <span class='ocrx_word' id='word_1_107' title='bbox 1235 1667 1448 1780; x_wconf 80' lang='lat' dir='ltr'>josephus,</span> <span class='ocrx_word' id='word_1_108' title='bbox 1477 1674 1664 1783; x_wconf 89' lang='lat' dir='ltr'>quicum</span> 
     </span>
     <span class='ocr_line' id='line_1_13' title="bbox 212 1778 1664 1982; baseline -0.002 -110"><span class='ocrx_word' id='word_1_109' title='bbox 212 1792 255 1982; x_wconf 56' lang='lat' dir='ltr'>lg.</span> <span class='ocrx_word' id='word_1_110' title='bbox 277 1790 326 1872; x_wconf 89' lang='lat' dir='ltr'>V.</span> <span class='ocrx_word' id='word_1_111' title='bbox 343 1788 383 1869; x_wconf 80' lang='lat' dir='ltr'>dc</span> <span class='ocrx_word' id='word_1_112' title='bbox 402 1811 489 1868; x_wconf 89' lang='lat' dir='ltr'>cum</span> <span class='ocrx_word' id='word_1_113' title='bbox 511 1778 656 1896; x_wconf 89' lang='lat' dir='ltr'>angelis</span> <span class='ocrx_word' id='word_1_114' title='bbox 684 1787 893 1895; x_wconf 80' lang='lat' dir='ltr'>reciprocis</span> <span class='ocrx_word' id='word_1_115' title='bbox 921 1786 1051 1867; x_wconf 89' lang='lat' dir='ltr'>choris</span> <span class='ocrx_word' id='word_1_116' title='bbox 1079 1782 1275 1867; x_wconf 88' lang='lat' dir='ltr'>cantando</span> <span class='ocrx_word' id='word_1_117' title='bbox 1303 1811 1343 1865; x_wconf 86' lang='lat' dir='ltr'>rn</span> <span class='ocrx_word' id='word_1_118' title='bbox 1367 1790 1503 1868; x_wconf 88' lang='lat' dir='ltr'>itinere</span> <span class='ocrx_word' id='word_1_119' title='bbox 1531 1785 1664 1869; x_wconf 89' lang='lat' dir='ltr'>lauda·</span> 
     </span>
     <span class='ocr_line' id='line_1_14' title="bbox 244 1903 1656 1983; baseline -0.007 0"><span class='ocrx_word' id='word_1_120' title='bbox 244 1923 289 1983; x_wconf 87' lang='lat' dir='ltr'>at</span> <span class='ocrx_word' id='word_1_121' title='bbox 304 1903 446 1982; x_wconf 85' lang='lat' dir='ltr'>Deum.</span> <span class='ocrx_word' id='word_1_122' title='bbox 1653 1910 1656 1917; x_wconf 85' lang='lat'>&#39;</span> 
     </span>
    </p>

    <p class='ocr_par' dir='ltr' id='par_1_6' title="bbox 216 1988 1664 2351">
     <span class='ocr_line' id='line_1_15' title="bbox 329 1988 1664 2121; baseline -0.013 -9"><span class='ocrx_word' id='word_1_123' title='bbox 329 2038 428 2111; x_wconf 83' lang='lat'>459.</span> <span class='ocrx_word' id='word_1_124' title='bbox 455 2012 498 2093; x_wconf 91' lang='lat' dir='ltr'>In</span> <span class='ocrx_word' id='word_1_125' title='bbox 520 2004 568 2092; x_wconf 88' lang='lat' dir='ltr'>ali</span> <span class='ocrx_word' id='word_1_126' title='bbox 601 2010 712 2094; x_wconf 86' lang='lat' dir='ltr'>uibus</span> <span class='ocrx_word' id='word_1_127' title='bbox 731 2008 903 2121; x_wconf 80' lang='lat' dir='ltr'>hospitiis</span> <span class='ocrx_word' id='word_1_128' title='bbox 920 2007 1212 2116; x_wconf 81' lang='lat' dir='ltr'>rejiciebantur3</span> <span class='ocrx_word' id='word_1_129' title='bbox 1241 2011 1279 2091; x_wconf 91' lang='lat' dir='ltr'>in</span> <span class='ocrx_word' id='word_1_130' title='bbox 1302 1988 1442 2093; x_wconf 81' lang='lat' dir='ltr'>aliis&#39;in</span> <span class='ocrx_word' id='word_1_131' title='bbox 1460 2002 1554 2093; x_wconf 89' lang='lat' dir='ltr'>viles</span> <span class='ocrx_word' id='word_1_132' title='bbox 1576 2036 1664 2095; x_wconf 86' lang='lat' dir='ltr'>tatt-</span> 
     </span>
     <span class='ocr_line' id='line_1_16' title="bbox 216 2037 1662 2235; baseline 0.001 -27"><span class='ocrx_word' id='word_1_133' title='bbox 216 2149 298 2209; x_wconf 90' lang='lat' dir='ltr'>tum</span> <span class='ocrx_word' id='word_1_134' title='bbox 323 2122 465 2209; x_wconf 84' lang='lat' dir='ltr'>domils</span> <span class='ocrx_word' id='word_1_135' title='bbox 482 2037 647 2234; x_wconf 78' lang='lat' dir='ltr'>angsllos</span> <span class='ocrx_word' id='word_1_136' title='bbox 675 2124 997 2226; x_wconf 84' lang='lat' dir='ltr'>admittebantur,</span> <span class='ocrx_word' id='word_1_137' title='bbox 1017 2124 1099 2220; x_wconf 85' lang='lat' dir='ltr'>ubi,</span> <span class='ocrx_word' id='word_1_138' title='bbox 1124 2125 1217 2208; x_wconf 93' lang='lat' dir='ltr'>dum</span> <span class='ocrx_word' id='word_1_139' title='bbox 1233 2126 1272 2207; x_wconf 86' lang='lat' dir='ltr'>S.</span> <span class='ocrx_word' id='word_1_140' title='bbox 1294 2120 1485 2235; x_wconf 88' lang='lat' dir='ltr'>Josephus</span> <span class='ocrx_word' id='word_1_141' title='bbox 1503 2126 1662 2223; x_wconf 83' lang='lat' dir='ltr'>dormit,</span> 
     </span>
     <span class='ocr_line' id='line_1_17' title="bbox 216 2232 1359 2351; baseline -0.002 -29"><span class='ocrx_word' id='word_1_142' title='bbox 216 2246 258 2324; x_wconf 88' lang='lat' dir='ltr'>B.</span> <span class='ocrx_word' id='word_1_143' title='bbox 283 2243 405 2349; x_wconf 89' lang='lat' dir='ltr'>Virgo</span> <span class='ocrx_word' id='word_1_144' title='bbox 432 2263 520 2320; x_wconf 91' lang='lat' dir='ltr'>cum</span> <span class='ocrx_word' id='word_1_145' title='bbox 547 2234 693 2348; x_wconf 84' lang='lat' dir='ltr'>angelis</span> <span class='ocrx_word' id='word_1_146' title='bbox 716 2247 874 2321; x_wconf 67' lang='lat' dir='ltr'>nostem</span> <span class='ocrx_word' id='word_1_147' title='bbox 896 2245 936 2323; x_wconf 92' lang='lat' dir='ltr'>in</span> <span class='ocrx_word' id='word_1_148' title='bbox 950 2232 1163 2351; x_wconf 87' lang='lat' dir='ltr'>colloquiis</span> <span class='ocrx_word' id='word_1_149' title='bbox 1180 2236 1359 2351; x_wconf 75' lang='lat' dir='ltr'>transigit.</span> 
     </span>
    </p>

    <p class='ocr_par' dir='ltr' id='par_1_7' title="bbox 215 2345 1666 2665">
     <span class='ocr_line' id='line_1_18' title="bbox 331 2345 1666 2465; baseline 0.003 -32"><span class='ocrx_word' id='word_1_150' title='bbox 331 2368 429 2451; x_wconf 85' lang='lat'><strong>460.</strong></span> <span class='ocrx_word' id='word_1_151' title='bbox 484 2353 528 2433; x_wconf 90' lang='lat' dir='ltr'>In</span> <span class='ocrx_word' id='word_1_152' title='bbox 557 2353 637 2433; x_wconf 93' lang='lat' dir='ltr'>hoc</span> <span class='ocrx_word' id='word_1_153' title='bbox 665 2355 801 2435; x_wconf 89' lang='lat' dir='ltr'>itinere</span> <span class='ocrx_word' id='word_1_154' title='bbox 828 2345 1039 2436; x_wconf 83' lang='lat' dir='ltr'>litteraliter</span> <span class='ocrx_word' id='word_1_155' title='bbox 1062 2345 1264 2463; x_wconf 87' lang='lat' dir='ltr'>impletum</span> <span class='ocrx_word' id='word_1_156' title='bbox 1294 2354 1368 2449; x_wconf 90' lang='lat' dir='ltr'>est,</span> <span class='ocrx_word' id='word_1_157' title='bbox 1398 2353 1511 2465; x_wconf 93' lang='lat' dir='ltr'>quod</span> <span class='ocrx_word' id='word_1_158' title='bbox 1538 2349 1666 2437; x_wconf 82' lang='lat' dir='ltr'>stnbie</span> 
     </span>
     <span class='ocr_line' id='line_1_19' title="bbox 215 2459 1663 2662; baseline 0.003 -116"><span class='ocrx_word' id='word_1_159' title='bbox 215 2460 407 2662; x_wconf 61' lang='lat' dir='ltr'>{alopmn</span> <span class='ocrx_word' id='word_1_160' title='bbox 426 2469 468 2550; x_wconf 94' lang='lat' dir='ltr'>in</span> <span class='ocrx_word' id='word_1_161' title='bbox 493 2467 665 2549; x_wconf 89' lang='lat' dir='ltr'>Canticis</span> <span class='ocrx_word' id='word_1_162' title='bbox 690 2464 741 2548; x_wconf 89' lang='lat' dir='ltr'>de</span> <span class='ocrx_word' id='word_1_163' title='bbox 768 2460 837 2547; x_wconf 93' lang='lat' dir='ltr'>suo</span> <span class='ocrx_word' id='word_1_164' title='bbox 858 2459 1032 2560; x_wconf 69' lang='lat' dir='ltr'>sedulo,</span> <span class='ocrx_word' id='word_1_165' title='bbox 1062 2470 1100 2546; x_wconf 78' lang='grc' dir='ltr'>δι</span> <span class='ocrx_word' id='word_1_166' title='bbox 1131 2461 1305 2561; x_wconf 88' lang='lat' dir='ltr'>ferculo,</span> <span class='ocrx_word' id='word_1_167' title='bbox 1328 2471 1367 2547; x_wconf 80' lang='grc' dir='ltr'>ἀ</span> <span class='ocrx_word' id='word_1_168' title='bbox 1394 2467 1446 2550; x_wconf 92' lang='lat' dir='ltr'>de</span> <span class='ocrx_word' id='word_1_169' title='bbox 1470 2463 1663 2575; x_wconf 83' lang='lat' dir='ltr'>sexaginta</span> 
     </span>
     <span class='ocr_line' id='line_1_20' title="bbox 236 2603 1618 2665; baseline 0.003 -4"><span class='ocrx_word' id='word_1_170' title='bbox 236 2603 308 2662; x_wconf 91' lang='lat' dir='ltr'>ortt</span> <span class='ocrx_word' id='word_1_171' title='bbox 338 2605 395 2664; x_wconf 85' lang='lat' dir='ltr'>us.</span> <span class='ocrx_word' id='word_1_172' title='bbox 1226 2654 1230 2659; x_wconf 94' lang='lat'>.</span> <span class='ocrx_word' id='word_1_173' title='bbox 1456 2644 1459 2649; x_wconf 86' lang='grc'>-</span> <span class='ocrx_word' id='word_1_174' title='bbox 1612 2648 1618 2665; x_wconf 81' lang='lat'>.</span> 
     </span>
    </p>

    <p class='ocr_par' dir='ltr' id='par_1_8' title="bbox 216 2682 1664 3033">
     <span class='ocr_line' id='line_1_21' title="bbox 333 2682 1664 2804; baseline 0.005 -30"><span class='ocrx_word' id='word_1_175' title='bbox 333 2704 432 2793; x_wconf 85' lang='lat'>461.</span> <span class='ocrx_word' id='word_1_176' title='bbox 472 2699 514 2776; x_wconf 84' lang='lat' dir='ltr'>B.</span> <span class='ocrx_word' id='word_1_177' title='bbox 539 2697 587 2779; x_wconf 88' lang='lat' dir='ltr'>V.</span> <span class='ocrx_word' id='word_1_178' title='bbox 627 2688 732 2777; x_wconf 90' lang='lat' dir='ltr'>scivit</span> <span class='ocrx_word' id='word_1_179' title='bbox 768 2694 1024 2804; x_wconf 86' lang='lat' dir='ltr'>cogitationes</span> <span class='ocrx_word' id='word_1_180' title='bbox 1056 2682 1308 2777; x_wconf 78' lang='lat' dir='ltr'>senenffimas</span> <span class='ocrx_word' id='word_1_181' title='bbox 1341 2695 1583 2790; x_wconf 88' lang='lat' dir='ltr'>animarum,</span> <span class='ocrx_word' id='word_1_182' title='bbox 1616 2694 1664 2780; x_wconf 70' lang='lat' dir='ltr'>&#39;dc</span> 
     </span>
     <span class='ocr_line' id='line_1_22' title="bbox 218 2798 1663 2907; baseline 0.001 -16"><span class='ocrx_word' id='word_1_183' title='bbox 218 2831 375 2891; x_wconf 89' lang='lat' dir='ltr'>ornnem</span> <span class='ocrx_word' id='word_1_184' title='bbox 392 2832 521 2890; x_wconf 88' lang='lat' dir='ltr'>earum</span> <span class='ocrx_word' id='word_1_185' title='bbox 549 2808 684 2892; x_wconf 87' lang='lat' dir='ltr'>statum</span> <span class='ocrx_word' id='word_1_186' title='bbox 710 2811 924 2895; x_wconf 77' lang='lat' dir='ltr'>internumr</span> <span class='ocrx_word' id='word_1_187' title='bbox 952 2805 1003 2890; x_wconf 90' lang='lat' dir='ltr'>de</span> <span class='ocrx_word' id='word_1_188' title='bbox 1021 2798 1151 2889; x_wconf 84' lang='lat' dir='ltr'>multis</span> <span class='ocrx_word' id='word_1_189' title='bbox 1177 2807 1292 2890; x_wconf 87' lang='lat' dir='ltr'>etiam</span> <span class='ocrx_word' id='word_1_190' title='bbox 1320 2801 1450 2907; x_wconf 88' lang='lat' dir='ltr'>seivit,</span> <span class='ocrx_word' id='word_1_191' title='bbox 1474 2833 1525 2889; x_wconf 86' lang='lat' dir='ltr'>an</span> <span class='ocrx_word' id='word_1_192' title='bbox 1543 2801 1663 2893; x_wconf 84' lang='lat' dir='ltr'>essent</span> 
     </span>
     <span class='ocr_line' id='line_1_23' title="bbox 216 2914 1663 3033; baseline 0.001 -28"><span class='ocrx_word' id='word_1_193' title='bbox 216 2921 483 3033; x_wconf 70' lang='lat' dir='ltr'>predestinata</span> <span class='ocrx_word' id='word_1_194' title='bbox 508 2914 571 3002; x_wconf 89' lang='lat' dir='ltr'>vel</span> <span class='ocrx_word' id='word_1_195' title='bbox 594 2949 691 3006; x_wconf 89' lang='lat' dir='ltr'>non.</span> <span class='ocrx_word' id='word_1_196' title='bbox 847 2968 850 2975; x_wconf 93' lang='lat'><em>·</em></span> <span class='ocrx_word' id='word_1_197' title='bbox 1575 2918 1579 2925; x_wconf 80' lang='lat'>&#39;</span> <span class='ocrx_word' id='word_1_198' title='bbox 1657 2948 1663 2957; x_wconf 91' lang='lat'><em>·</em></span> 
     </span>
    </p>

    <p class='ocr_par' dir='ltr' id='par_1_9' title="bbox 217 3027 1777 3373">
     <span class='ocr_line' id='line_1_24' title="bbox 334 3027 1777 3146; baseline 0.001 -30"><span class='ocrx_word' id='word_1_199' title='bbox 334 3049 434 3133; x_wconf 78' lang='lat'>462.</span> <span class='ocrx_word' id='word_1_200' title='bbox 459 3028 696 3144; x_wconf 83' lang='lat' dir='ltr'>Aliquoties‚</span> <span class='ocrx_word' id='word_1_201' title='bbox 718 3033 925 3146; x_wconf 84' lang='lat' dir='ltr'>postquam</span> <span class='ocrx_word' id='word_1_202' title='bbox 946 3030 1102 3145; x_wconf 87' lang='lat' dir='ltr'>frigore,</span> <span class='ocrx_word' id='word_1_203' title='bbox 1121 3035 1233 3129; x_wconf 76' lang='lat' dir='ltr'>nive,</span> <span class='ocrx_word' id='word_1_204' title='bbox 1256 3035 1295 3115; x_wconf 86' lang='lat' dir='ltr'>dc</span> <span class='ocrx_word' id='word_1_205' title='bbox 1318 3031 1448 3144; x_wconf 90' lang='lat' dir='ltr'>pluvia</span> <span class='ocrx_word' id='word_1_206' title='bbox 1466 3027 1584 3117; x_wconf 87' lang='lat' dir='ltr'>lassati</span> <span class='ocrx_word' id='word_1_207' title='bbox 1607 3032 1665 3118; x_wconf 84' lang='lat' dir='ltr'>ad</span> <span class='ocrx_word' id='word_1_208' title='bbox 1720 3075 1722 3080; x_wconf 95' lang='lat'><em>·</em></span> <span class='ocrx_word' id='word_1_209' title='bbox 1774 3054 1777 3062; x_wconf 88' lang='grc'><strong><em>·</em></strong></span> 
     </span>
     <span class='ocr_line' id='line_1_25' title="bbox 217 3140 1662 3257; baseline 0.002 -27"><span class='ocrx_word' id='word_1_210' title='bbox 217 3141 379 3257; x_wconf 89' lang='lat' dir='ltr'>hospitia</span> <span class='ocrx_word' id='word_1_211' title='bbox 411 3171 616 3243; x_wconf 90' lang='lat' dir='ltr'>venerant,</span> <span class='ocrx_word' id='word_1_212' title='bbox 655 3147 896 3257; x_wconf 90' lang='lat' dir='ltr'>cogebantur</span> <span class='ocrx_word' id='word_1_213' title='bbox 934 3145 1124 3229; x_wconf 88' lang='lat' dir='ltr'>divertere</span> <span class='ocrx_word' id='word_1_214' title='bbox 1156 3151 1195 3229; x_wconf 92' lang='lat' dir='ltr'>in</span> <span class='ocrx_word' id='word_1_215' title='bbox 1240 3144 1391 3228; x_wconf 87' lang='lat' dir='ltr'>stabulis</span> <span class='ocrx_word' id='word_1_216' title='bbox 1415 3140 1662 3233; x_wconf 76' lang='lat' dir='ltr'>animaliums</span> 
     </span>
     <span class='ocr_line' id='line_1_26' title="bbox 218 3252 1661 3373; baseline -0.001 -29"><span class='ocrx_word' id='word_1_217' title='bbox 218 3285 371 3371; x_wconf 88' lang='lat' dir='ltr'>poterat</span> <span class='ocrx_word' id='word_1_218' title='bbox 398 3261 558 3373; x_wconf 91' lang='lat' dir='ltr'>quidem</span> <span class='ocrx_word' id='word_1_219' title='bbox 577 3267 617 3345; x_wconf 83' lang='lat' dir='ltr'>B.</span> <span class='ocrx_word' id='word_1_220' title='bbox 637 3264 761 3370; x_wconf 91' lang='lat' dir='ltr'>Virgo</span> <span class='ocrx_word' id='word_1_221' title='bbox 778 3264 929 3355; x_wconf 88' lang='lat' dir='ltr'>ventis,</span> <span class='ocrx_word' id='word_1_222' title='bbox 948 3263 1110 3372; x_wconf 85' lang='lat' dir='ltr'>pruinae,</span> <span class='ocrx_word' id='word_1_223' title='bbox 1134 3263 1173 3341; x_wconf 78' lang='grc' dir='ltr'>δι</span> <span class='ocrx_word' id='word_1_224' title='bbox 1194 3264 1272 3342; x_wconf 89' lang='lat' dir='ltr'>nivi</span> <span class='ocrx_word' id='word_1_225' title='bbox 1292 3265 1518 3372; x_wconf 83' lang='lat' dir='ltr'>praecipere,</span> <span class='ocrx_word' id='word_1_226' title='bbox 1539 3284 1591 3341; x_wconf 90' lang='lat' dir='ltr'>ne</span> <span class='ocrx_word' id='word_1_227' title='bbox 1621 3252 1661 3343; x_wconf 85' lang='lat' dir='ltr'>se</span> 
     </span>
    </p>
   </div>
   <div class='ocr_carea' id='block_1_5' title="bbox 218 3367 1798 3482">
    <p class='ocr_par' dir='ltr' id='par_1_10' title="bbox 218 3367 1798 3482">
     <span class='ocr_line' id='line_1_27' title="bbox 218 3367 1798 3482; baseline 0.001 -26"><span class='ocrx_word' id='word_1_228' title='bbox 218 3370 490 3475; x_wconf 84' lang='lat' dir='ltr'>molestarent,</span> <span class='ocrx_word' id='word_1_229' title='bbox 528 3369 597 3459; x_wconf 89' lang='lat' dir='ltr'>sed</span> <span class='ocrx_word' id='word_1_230' title='bbox 630 3370 768 3457; x_wconf 84' lang='lat' dir='ltr'>noluit.</span> <span class='ocrx_word' id='word_1_231' title='bbox 805 3407 835 3436; x_wconf 49' lang='lat'>·&#39;</span> <span class='ocrx_word' id='word_1_232' title='bbox 884 3375 1077 3477; x_wconf 85' lang='lat' dir='ltr'>Juvabant</span> <span class='ocrx_word' id='word_1_233' title='bbox 1111 3398 1242 3458; x_wconf 89' lang='lat' dir='ltr'>tamen</span> <span class='ocrx_word' id='word_1_234' title='bbox 1269 3369 1419 3479; x_wconf 82' lang='lat' dir='ltr'>angeli,</span> <span class='ocrx_word' id='word_1_235' title='bbox 1458 3367 1660 3482; x_wconf 70' lang='lat' dir='ltr'>prasertim</span> <span class='ocrx_word' id='word_1_236' title='bbox 1794 3384 1798 3391; x_wconf 88' lang='lat'>&#39;</span> 
     </span>
    </p>
   </div>
   <div class='ocr_carea' id='block_1_6' title="bbox 220 3478 1671 4276">
    <p class='ocr_par' dir='ltr' id='par_1_11' title="bbox 220 3478 1671 4276">
     <span class='ocr_line' id='line_1_28' title="bbox 220 3478 1660 3600; baseline -0.001 -31"><span class='ocrx_word' id='word_1_237' title='bbox 220 3489 255 3570; x_wconf 88' lang='lat' dir='ltr'>S.</span> <span class='ocrx_word' id='word_1_238' title='bbox 282 3484 480 3587; x_wconf 74' lang='lat' dir='ltr'>Michail,</span> <span class='ocrx_word' id='word_1_239' title='bbox 511 3491 585 3591; x_wconf 85' lang='lat' dir='ltr'>qui</span> <span class='ocrx_word' id='word_1_240' title='bbox 613 3512 699 3572; x_wconf 88' lang='lat' dir='ltr'>eam</span> <span class='ocrx_word' id='word_1_241' title='bbox 724 3482 952 3572; x_wconf 79' lang='lat' dir='ltr'>sustentabat</span> <span class='ocrx_word' id='word_1_242' title='bbox 982 3483 1054 3574; x_wconf 86' lang='lat' dir='ltr'>suis</span> <span class='ocrx_word' id='word_1_243' title='bbox 1083 3487 1272 3586; x_wconf 86' lang='lat' dir='ltr'>brachiis,</span> <span class='ocrx_word' id='word_1_244' title='bbox 1310 3478 1474 3600; x_wconf 88' lang='lat' dir='ltr'>quando</span> <span class='ocrx_word' id='word_1_245' title='bbox 1502 3480 1660 3569; x_wconf 82' lang='lat' dir='ltr'>lassaba-</span> 
     </span>
     <span class='ocr_line' id='line_1_29' title="bbox 220 3623 1668 3827; baseline 0 -28"><span class='ocrx_word' id='word_1_246' title='bbox 220 3623 291 3684; x_wconf 91' lang='lat' dir='ltr'>tur.</span> <span class='ocrx_word' id='word_1_247' title='bbox 335 3728 431 3817; x_wconf 81' lang='lat'><strong>4⁶3·</strong></span> <span class='ocrx_word' id='word_1_248' title='bbox 459 3719 612 3827; x_wconf 88' lang='lat' dir='ltr'>Quinto</span> <span class='ocrx_word' id='word_1_249' title='bbox 631 3713 790 3799; x_wconf 90' lang='lat' dir='ltr'>tandem</span> <span class='ocrx_word' id='word_1_250' title='bbox 814 3713 881 3798; x_wconf 90' lang='lat' dir='ltr'>die</span> <span class='ocrx_word' id='word_1_251' title='bbox 908 3708 1008 3798; x_wconf 78' lang='lat' dir='ltr'>hori</span> <span class='ocrx_word' id='word_1_252' title='bbox 1029 3709 1165 3825; x_wconf 75' lang='lat' dir='ltr'>quarti</span> <span class='ocrx_word' id='word_1_253' title='bbox 1189 3713 1457 3823; x_wconf 87' lang='lat' dir='ltr'>pomeridiana</span> <span class='ocrx_word' id='word_1_254' title='bbox 1478 3707 1560 3796; x_wconf 92' lang='lat' dir='ltr'>sole</span> <span class='ocrx_word' id='word_1_255' title='bbox 1582 3652 1668 3821; x_wconf 61' lang='lat' dir='ltr'>jarn⁸</span> 
     </span>
     <span class='ocr_line' id='line_1_30' title="bbox 221 3824 1671 3941; baseline 0.003 -33"><span class='ocrx_word' id='word_1_256' title='bbox 221 3826 448 3926; x_wconf 86' lang='lat' dir='ltr'>occidente,</span> <span class='ocrx_word' id='word_1_257' title='bbox 472 3835 511 3914; x_wconf 76' lang='grc' dir='ltr'>δι</span> <span class='ocrx_word' id='word_1_258' title='bbox 529 3836 646 3914; x_wconf 74' lang='lat' dir='ltr'>noste</span> <span class='ocrx_word' id='word_1_259' title='bbox 669 3833 1008 3941; x_wconf 89' lang='lat' dir='ltr'>appropinquante</span> <span class='ocrx_word' id='word_1_260' title='bbox 1036 3830 1102 3907; x_wconf 87' lang='lat' dir='ltr'>die</span> <span class='ocrx_word' id='word_1_261' title='bbox 1131 3827 1291 3911; x_wconf 78' lang='lat' dir='ltr'>sabbati</span> <span class='ocrx_word' id='word_1_262' title='bbox 1313 3832 1353 3909; x_wconf 93' lang='lat' dir='ltr'>in</span> <span class='ocrx_word' id='word_1_263' title='bbox 1379 3824 1537 3910; x_wconf 80' lang='lat' dir='ltr'>solstitio</span> <span class='ocrx_word' id='word_1_264' title='bbox 1563 3830 1671 3938; x_wconf 80' lang='lat' dir='ltr'>byu·¹</span> 
     </span>
     <span class='ocr_line' id='line_1_31' title="bbox 222 3935 1662 4052; baseline 0.001 -31"><span class='ocrx_word' id='word_1_265' title='bbox 222 3935 310 4022; x_wconf 90' lang='lat' dir='ltr'>mali</span> <span class='ocrx_word' id='word_1_266' title='bbox 340 3946 515 4052; x_wconf 89' lang='lat' dir='ltr'>pervenit</span> <span class='ocrx_word' id='word_1_267' title='bbox 533 3949 573 4029; x_wconf 93' lang='lat' dir='ltr'>in</span> <span class='ocrx_word' id='word_1_268' title='bbox 595 3936 809 4041; x_wconf 78' lang='lat' dir='ltr'>betlehem.</span> <span class='ocrx_word' id='word_1_269' title='bbox 885 3944 1017 4027; x_wconf 80' lang='lat' dir='ltr'>Primo</span> <span class='ocrx_word' id='word_1_270' title='bbox 1036 3941 1315 4025; x_wconf 85' lang='lat' dir='ltr'>circumeundo</span> <span class='ocrx_word' id='word_1_271' title='bbox 1335 3967 1405 4049; x_wconf 90' lang='lat' dir='ltr'>pet</span> <span class='ocrx_word' id='word_1_272' title='bbox 1429 3945 1549 4023; x_wconf 81' lang='lat' dir='ltr'>varias</span> <span class='ocrx_word' id='word_1_273' title='bbox 1576 3935 1662 4049; x_wconf 80' lang='lat' dir='ltr'>pla·</span> 
     </span>
     <span class='ocr_line' id='line_1_32' title="bbox 221 4050 1662 4276; baseline -0.001 -138"><span class='ocrx_word' id='word_1_274' title='bbox 221 4073 302 4138; x_wconf 78' lang='lat' dir='ltr'>teas</span> <span class='ocrx_word' id='word_1_275' title='bbox 332 4054 557 4167; x_wconf 67' lang='lat' dir='ltr'>querebant</span> <span class='ocrx_word' id='word_1_276' title='bbox 582 4051 836 4163; x_wconf 78' lang='lat' dir='ltr'>diversorium</span> <span class='ocrx_word' id='word_1_277' title='bbox 862 4054 1184 4276; x_wconf 54' lang='lat' dir='ltr'>apqd3cognatos</span> <span class='ocrx_word' id='word_1_278' title='bbox 1221 4057 1262 4137; x_wconf 72' lang='grc' dir='ltr'><strong>ἃ</strong></span> <span class='ocrx_word' id='word_1_279' title='bbox 1289 4078 1431 4142; x_wconf 78' lang='lat' dir='ltr'>notosr</span> <span class='ocrx_word' id='word_1_280' title='bbox 1473 4050 1662 4250; x_wconf 56' lang='lat' dir='ltr'>seqoqpp</span> 
     </span>
    </p>
   </div>
   <div class='ocr_carea' id='block_1_7' title="bbox 0 0 1902 4994">
    <p class='ocr_par' dir='ltr' id='par_1_12' title="bbox 0 0 1902 4994">
     <span class='ocr_line' id='line_1_33' title="bbox 0 0 1902 4994; baseline 0 0"><span class='ocrx_word' id='word_1_281' title='bbox 0 0 1902 4994; x_wconf 95' lang='lat' dir='ltr'> </span> 
     </span>
    </p>
   </div>
  </div>
 </body>
</html>
