3796 4994
205 317 227 349 .
354 268 360 279 ’
437 297 453 315 ”
539 281 878 420 Observationes
903 285 965 383 td
987 288 1134 384 Revel.
1157 285 1210 382 de
1226 296 1323 422 Agr
1324 286 1414 401 eda.
1468 301 1469 304 Ὺ
1599 335 1701 438 559
1780 338 1785 346 ’

363 530 384 587 ·i
398 531 428 584 i.
466 499 638 583 Christus
657 494 841 609 promisit,
857 493 893 578 se
918 490 1164 607 impleturum
1182 523 1319 579 omnes
1335 480 1404 582 eos
1419 495 1491 585 suis
1506 500 1701 617 thesauris,
1790 588 1792 593 .
1883 498 1886 502 ’

245 626 313 736 qui
334 614 601 702 intercessione
621 619 663 694 Β.
689 616 855 723 Virginis
877 616 984 724 digni
1003 636 1125 694 erunt.
1151 617 1190 695 P.
1209 642 1242 712 i·
1259 617 1309 694 N.
1326 640 1421 709 720·
1539 682 1541 686 .

370 766 430 815 ii.
460 738 502 812 tt.
525 733 647 838 Virgo
671 720 912 809 Monialibus
939 727 1156 809 dodrinam
1174 731 1285 843 huj-us
1311 731 1414 813 riori
1446 731 1702 830 observatoris
1764 764 1767 769 ’

239 848 428 967 promisit,
447 844 561 957 quod
578 839 660 926 illas
684 840 730 929 sit
748 835 992 926 consolatura
1013 846 1051 923 in
1076 843 1148 925 liac
1167 848 1258 940 vita,
1282 849 1320 928 δι
1342 848 1429 958 post
1451 858 1617 939 mortem
1633 885 1699 945 eas

239 965 506 1083 praesentatura
528 957 596 1042 suo
616 953 711 1042 filio.
769 957 881 1066 Epist.
903 958 953 1039 ad
980 958 1143 1039 Monial.
1166 962 1217 1041 N.
1240 980 1276 1053 8.

270 1112 279 1131 ·
360 1113 371 1160 ι
387 1111 421 1183 3.
452 1080 547 1159 Dies
561 1076 720 1156 extremi
735 1074 867 1180 judicii
880 1077 1153 1183 praenuntiatur
1165 1081 1238 1175 jam
1255 1072 1329 1158 elle
1345 1081 1491 1163 vicinus
1507 1108 1551 1165 ac
1564 1092 1699 1196 proxi·

238 1228 337 1285 mus.
366 1203 464 1280 Part.
489 1221 522 1275 1.
544 1193 596 1275 N.
616 1220 654 1287 9.
672 1219 736 1272 ia.
755 1218 817 1290 13.
838 1218 900 1290 ¹4·
953 1191 1046 1270 Haec
1070 1188 1269 1300 praedidtio
1289 1195 1412 1302 prima
1434 1201 1518 1279 vice
1531 1204 1607 1308 jam
1623 1201 1698 1291 fuit

237 1314 304 1402 scri
335 1341 374 1396 ta
409 1327 455 1392 16
519 1368 528 1389 .
1568 1388 1571 1396 .

307 1345 331 1428 p
357 1339 631 1537 Quodiamen
656 1423 790 1502 attinet
805 1418 874 1502 has
895 1405 1176 1530 promissiones,
1200 1415 1364 1517 censeo,
1388 1419 1535 1512 nullum
1561 1455 1695 1540 petere

235 1544 340 1633 recte
362 1545 384 1628 i
404 1549 444 1626 Β.
466 1544 624 1649 Virgine
646 1540 803 1648 gratiam
827 1529 1071 1644 spiritualem,
1087 1560 1206 1645 quam
1224 1537 1489 1625 intercessione
1514 1551 1593 1643 ejus
1614 1578 1696 1637 non
1751 1596 1755 1602 ,

234 1669 435 1772 impetrctr
465 1651 530 1738 scd
562 1652 654 1735 sicut
683 1658 722 1734 in
746 1651 944 1761 precibus,
971 1676 1068 1760 quas
1089 1651 1263 1732 Christus
1291 1655 1463 1761 promifit
1482 1654 1693 1749 infallibili·

236 1804 295 1864 ter
318 1779 341 1860 i
365 1775 402 1857 le
424 1767 699 1862 exaudiendas,
723 1770 969 1877 requiruntur
989 1792 1036 1846 ex
1060 1789 1168 1874 parte
1185 1774 1330 1848 orantis
1356 1771 1616 1874 conditiones,
1632 1783 1689 1862 in.

234 1918 294 1981 tet
314 1918 411 2005 quas
431 1892 484 1971 est
510 1886 728 1995 congruitas
750 1885 876 1993 gratiae
894 1878 1138 1983 consereiidae
1156 1907 1242 1962 cum
1258 1878 1508 1992 dispositione
1532 1898 1692 1993 orantis,

233 2016 291 2096 ita·
306 2015 346 2091 in
366 2009 422 2088 his
446 2002 622 2114 precibus
643 1996 694 2079 ad
717 2005 744 2078 B
780 1999 975 2108 Virginem
996 1988 1148 2106 possunt
1165 1996 1254 2107 apte
1277 1993 1508 2113 subintelligi
1524 2011 1691 2112 ejusmo-

235 2128 277 2210 di
296 2123 542 2207 conditionet
566 2117 681 2198 tacite
706 2111 915 2201 imbibitaet
945 2114 984 2191 δι
1007 2114 1097 2223 quia
1113 2111 1267 2195 videtur
1287 2142 1518 2228 congruum,
1535 2146 1577 2204 ut
1592 2149 1690 2209 con·

232 2245 372 2329 stanter
392 2239 476 2347 pius
500 2226 635 2316 Cliens
661 2233 791 2311 Mariae
812 2252 1049 2339 protegatur,
1069 2221 1254 2310 liberetur
1273 2226 1295 2313 i
1320 2236 1493 2338 peccatis·
1508 2236 1689 2346 gravibus

231 2346 468 2470 ignorantia,
488 2356 525 2429 δι
550 2338 763 2457 perseveret
785 2372 823 2425 in
846 2337 1009 2425 articulo
1034 2347 1181 2437 mortis,
1204 2347 1264 2424 ita.
1279 2346 1399 2428 credo
1421 2349 1535 2460 quod
1562 2351 1690 2443 nullus

232 2495 359 2579 usque
382 2465 433 2546 ad
460 2465 595 2544 mortis
618 2452 818 2541 articulum
841 2456 941 2540 fidus
963 2450 1098 2539 Cliens
1124 2463 1254 2542 Mariae
1276 2463 1316 2541 in
1338 2487 1390 2542 eo
1413 2461 1574 2549 articulo
1600 2478 1686 2556 vin·
1757 2514 1779 2567 ·,

233 2611 341 2668 catur
362 2578 491 2690 sicque
510 2598 691 2658 aeternum
717 2597 861 2682 pereat.
918 2565 1099 2656 Similiter
1114 2574 1248 2669 credo,
1269 2577 1381 2688 quod
1394 2604 1619 2686 peccatores
1634 2587 1686 2671 ad

232 2727 320 2786 eain
341 2693 612 2803 confugientes
628 2716 701 2798 pto
720 2687 962 2799 congruitate
984 2684 1133 2770 fiduciae
1158 2694 1197 2768 δι
1226 2715 1390 2800 operum
1412 2689 1560 2805 semper
1583 2699 1687 2786 obti-

230 2808 679 2903 neantextraordinarias
692 2803 742 2886 ad
762 2800 1055 2885 conversionem
1070 2806 1279 2886 excitantes
1302 2810 1340 2886 δι
1362 2808 1586 2910 adjuvantes
1600 2842 1685 2929 gra·

229 2939 314 3032 tias,
338 2927 480 3042 quibus
502 2943 787 3014 convertantur,
808 2916 833 2999 si
857 2944 937 2999 non
961 2915 1123 3028 positive
1142 2918 1308 3003 resistant
1327 2928 1467 3033 gratiis.

352 3047 590 3186 Propofirio
612 3086 656 3174 7.
695 3051 752 3150 ln
772 3045 845 3150 his
865 3045 1285 3165 Revelationibus
1300 3062 1444 3158 variis
1464 3052 1702 3199 Scripgi.

228 3237 296 3309 rae
315 3201 537 3306 textibus
552 3189 789 3297 tribuitur
812 3194 970 3293 senius
990 3187 1256 3311 Litteralis,
1278 3219 1368 3299 aut
1389 3194 1680 3338 allegoricus
1793 3231 1804 3240 ·

231 3356 318 3487 qui
345 3376 454 3447 non
476 3339 675 3444 videtur
699 3334 790 3436 elle
808 3341 1045 3437 intentus

349 3530 382 3583 1.
412 3506 559 3582 Totum
580 3498 714 3604 Caput
736 3498 919 3574 odiavum
942 3480 1262 3576 Prdverbiotum:
1290 3491 1483 3581 Dominus
1504 3493 1552 3583 ab
1570 3503 1680 3589 initio

224 3612 382 3732 poffcdii
410 3642 465 3699 me
495 3620 569 3694 dcc.
596 3613 635 3692 in
662 3605 768 3691 sensu
794 3601 961 3689 Litterali
997 3601 1206 3715 explicatur
1237 3610 1288 3692 de
1318 3616 1360 3695 B.
1393 3616 1550 3725 Virgine
1575 3622 1618 3702 P.
1643 3646 1677 3711 t.

226 3735 1168 3834 N·54·55·5-6·57·58·59·60·⁶s.64.65.ac
1201 3752 1293 3826 ¹33·
1590 3813 1596 3821 ,

347 3879 385 3931 2.
417 3852 514 3955 Qiae
532 3837 723 3925 Salomon
746 3843 948 3947 Sapientiae
969 3841 1017 3919 C.
1046 3867 1085 3931 7.
1121 3839 1246 3921 ltribit
1276 3841 1328 3921 de
1347 3834 1493 3926 lumine
1521 3852 1681 3937 rationis

225 3959 391 4049 naturali
413 3957 476 4043 liic
497 3954 708 4051 scribuntur
727 3954 777 4038 de
799 3949 944 4036 lumine
959 3949 1241 4063 supernaturali.
1266 3961 1307 4036 Ρ.
1330 3985 1362 4039 ι.
1383 3960 1431 4038 Ν.
1455 3989 1515 4061 ¹3·
1532 3974 1594 4048 ιε,
1614 3993 1678 4059 19·

223 4079 307 4163 Sed
322 4105 404 4159 non
428 4073 579 4156 videtur
601 4071 714 4180 quod
735 4065 865 4152 lumen
879 4067 1077 4153 intrinsece
1096 4065 1379 4179 supernaturale
1403 4082 1597 4161 ordinarie
1613 4077 1680 4163 tal.
1802 4098 1806 4103 ·

224 4221 308 4279 tem
328 4191 530 4275 ordinetur
554 4188 604 4269 ad
636 4189 866 4299 retegendas
887 4209 1064 4275 veritates
1087 4183 1294 4286 naturales,
1318 4213 1436 4305 prout
1460 4213 1588 4281 tamen
1615 4191 1680 4280 iile
1737 4227 1746 4241 ·

224 4312 351 4411 Num.
373 4333 440 4404 19.
463 4297 644 4392 asseritur.
1221 4358 1224 4363 .
1480 4331 1519 4410 3,
1544 4321 1680 4424 Qum.
1770 4358 1776 4367 .
