3690 4988
507 316 681 460 Regula
701 353 758 424 ex
779 329 835 422 B.
854 330 992 431 Henr.
1016 324 1070 425 ab
1099 270 1359 435 Vrimarssic.
1541 363 1650 463 2157

176 528 390 625 'hominem
411 533 580 647 instigat,
596 520 725 617 clevat'
738 531 938 618 hominem
958 533 1009 618 ad
1032 558 1226 621 tumorem
1248 539 1401 627 mentis.
1467 567 1503 642 3.
1532 540 1577 625 Id
1596 541 1649 627 ad

188 656 299 769 quod
324 644 512 734 diabolus
527 646 732 759 instigat,a
757 649 878 731 corde
894 655 1054 762 proprio
1078 657 1199 764 magis
1213 653 1392 738 abstrahit
1410 656 1449 736 dc
1475 649 1648 771 elongata

191 803 227 872 4.
252 769 299 852 ld
320 766 371 850 ad
394 763 510 877 quod
533 759 715 851 diabolus
735 765 896 874 instigat,
922 765 1121 850 hominem
1141 773 1181 849 in
1207 767 1413 852 virtutibus
1433 774 1554 882 magis
1577 800 1647 855 cx-

189 907 338 980 tenuat,
368 879 567 992 donisquc
587 881 668 961 Dei
695 883 867 988 gratuitis
893 877 1000 992 quast
1025 885 1144 978 exuit,
1171 883 1367 995 atquead
1386 872 1575 969 creaturas
1605 892 1647 971 dc
1710 905 1749 928 ²

191 1022 328 1085 terram
347 994 490 1096 abiicit.
549 1024 585 1096 5.
614 985 807 1075 Diabolus
829 996 939 1078 initio
965 989 1199 1097 consolatur,
1229 1002 1268 1079 dc
1294 992 1482 1096 deleciat,
1511 1003 1648 1110 postea

191 1117 282 1201 veri>
306 1113 509 1219 affligit&
535 1113 689 1191 cruciat.
748 1121 785 1189 6.
815 1110 857 1225 ln
875 1111 1067 1306 princifio
1096 1106 1208 1195 affert
1234 1106 1487 1210 securitatem,
1504 1118 1544 1197 in
1567 1115 1649 1201 fine

194 1226 448 1314 diffidentiam
473 1227 512 1306 dc
536 1222 791 1319 dubietatem,
822 1248 868 1306 ac
885 1232 990 1337 ”perp
1008 1226 1203 1312 exitaten.
1263 1254 1303 1328 7.
1330 1233 1482 1314 Bonam
1503 1226 1649 1317 volun·
1760 1276 1764 1285 ¹

194 1369 308 1432 tatem
332 1346 373 1424 δε
398 1340 621 1422 charitatem
642 1342 869 1450 extinguere
893 1339 1038 1422 nititur.

292 1540 464 1672 Regula
507 1573 554 1663 4.
613 1559 661 1642 c.
688 1569 725 1641 6.
786 1488 1049 1638 Instinstus
1085 1469 1325 1653 naturalis
1370 1536 1550 1677 triplici
1591 1542 1648 1649 fi·

196 1712 294 1823 gno
326 1677 524 1819 agnosci
553 1675 738 1811 potest.
815 1701 1220 1786 t.1nstinciusnatutae
1242 1682 1412 1787 mentem
1433 1703 1648 1801 inscientia

197 1822 386 1937 proficere
402 1813 600 1902 volentem
616 1843 687 1927 pet
704 1811 825 1902 multa
845 1815 1114 1927 phantasmata
1139 1815 1330 1904 distrahitt
1363 1819 1560 1908 instinctus
1576 1853 1646 1911 au·

199 1963 270 2024 tem
292 1937 424 2051 gratiae
443 1960 529 2017 eam
545 1960 633 2016 curn
652 1936 745 2015 Deo
773 1935 867 2016 unit.
929 1959 965 2014 a.
995 1927 1399 2027 Instintiutmaturalis
1420 1937 1552 2037 inflat,
1583 1940 1645 2025 di·
1706 1979 1713 1993 ·

199 2060 300 2140 tinus
322 2048 421 2135 veto
444 2043 631 2133 humiliat.
695 2074 731 2146 3.
760 2045 830 2132 Ille
855 2047 992 2130 minuit
1017 2044 1156 2130 divina
1183 2025 1402 2132 ddecrionis
1423 2046 1645 2159 fervorem3

199 2170 257 2255 iic
273 2190 408 2282 auget.
467 2196 508 2268 4.
534 2163 731 2246 lustinum
757 2187 897 2246 naturae
921 2160 1086 2272 impedit
1106 2159 1309 2245 hominem
1326 2160 1350 2248 a
1368 2165 1646 2258 consecutione

200 2285 391 2371 donorum
413 2281 668 2395 gratuitorum
694 2277 948 2374 internorum,
973 2303 1060 2388 quae
1078 2282 1148 2359 tria
1166 2271 1262 2362 sunt.
1317 2282 1489 2367 Primum
1513 2309 1556 2369 ut
1572 2286 1649 2373 ho·

204 2427 261 2486 no
280 2392 478 2482 beneficia
505 2394 636 2478 divina
665 2390 735 2476 srbi
764 2395 904 2506 jugiter
927 2385 1103 2474 conccisa
1126 2390 1347 2479 meditetur.
1404 2398 1644 2507 Secundum,

205 2541 238 2600 ut
260 2517 300 2598 in
323 2508 502 2597 virtuosis
526 2510 714 2621 exercitiis
735 2504 898 2592 dulciter
924 2501 1150 2589 deledctur.
1208 2510 1396 2608 Tertium,
1414 2537 1456 2596 ut
1478 2516 1518 2598 in
1535 2544 1647 2603 men·

209 2624 331 2714 talibus
352 2619 495 2719 delitiis
513 2616 653 2710 affine
673 2616 1013 2734 contemplationis
1037 2624 1075 2703 δι
1096 2615 1240 2706 intimae
1263 2627 1416 2710 unionis
1437 2622 1648 2721 delectabi-

212 2738 280 2829 liter
302 2737 543 2852 voluptetut.
605 2768 640 2840 ς.
678 2738 876 2821 instinctus
904 2760 1047 2821 naturae
1091 2739 1295 2851 impugnat
1328 2745 1648 2838 exercitationem
1729 2767 1735 2777 ·

150 2860 157 2937 ’.
213 2865 372 2944 virtutum
400 2858 518 2940 ctiam
532 2852 676 2965 'quoad
705 2855 1110 2935 exercitia'exteriora.
1182 2854 1237 2937 Ea
1261 2857 1300 2936 in
1319 2856 1441 2941 tribus
1464 2862 1649 2955 confistit.

150 2994 159 3049 r
217 2973 323 3059 inmd
335 2978 375 3057 in
394 2971 567 3057 ferventi
581 2965 772 3053 defiderio
791 2965 996 3051 exercendi
1011 2993 1131 3052 omne
1146 2965 1296 3051 bonum
1313 2975 1509 3073 virtutum,
1560 2983 1645 3068 uod

150 3052 167 3197 Ῐζ
219 3084 302 3174 [itus
319 3089 487 3172 dederit.
544 3081 746 3167 Secundi)
756 3085 797 3166 in
821 3079 875 3167 sui
898 3081 1131 3186 dejectione,
1156 3108 1234 3194 qua
1255 3107 1380 3195 putat,
1393 3083 1432 3172 se
1453 3094 1492 3175 n'
1527 3095 1533 3108 '
1574 3096 1648 3182 ad.

149 3150 168 3241 ι
258 3203 324 3290 huc
340 3205 532 3317 adeptum
552 3225 704 3293 cotum,
726 3225 811 3311 quae
837 3193 1082 3308 adipiscenda
1102 3198 1250 3283 restant.
1290 3203 1426 3286 Tertio
1447 3207 1489 3290 in
1506 3198 1584 3295 fet·

418 3317 531 3404 venti
561 3310 753 3402 defiderio
768 3307 931 3395 'ferendi
962 3337 1082 3395 omne
1112 3305 1275 3401 malurn.
1294 3316 1411 3431 quod

545 3416 562 3435 ⁶
749 3420 1114 3539 Deusqimnusctit·

538 3770 541 3775 ,
708 3692 792 3836 ,14
840 3664 1000 3849 *ἡ*

451 3874 563 3933 ’Ἴ

1486 3556 1633 3651 '·t'}
