<?xml version="1.0" encoding="UTF-8"?>
<!DOCTYPE html PUBLIC "-//W3C//DTD XHTML 1.0 Transitional//EN"
    "http://www.w3.org/TR/xhtml1/DTD/xhtml1-transitional.dtd">
<html xmlns="http://www.w3.org/1999/xhtml" xml:lang="en" lang="en">
 <head>
  <title>
</title>
<meta http-equiv="Content-Type" content="text/html;charset=utf-8" />
  <meta name='ocr-system' content='tesseract 3.04.00' />
  <meta name='ocr-capabilities' content='ocr_page ocr_carea ocr_par ocr_line ocrx_word'/>
</head>
<body>
  <div class='ocr_page' id='page_1' title='image "./derevelationibu00amorgoog_0722.png"; bbox 0 0 3796 4994; ppageno 0'>
   <div class='ocr_carea' id='block_1_1' title="bbox 603 324 1665 470">
    <p class='ocr_par' dir='ltr' id='par_1_1' title="bbox 603 324 1665 493">
     <span class='ocr_line' id='line_1_1' title="bbox 603 324 1665 470; baseline 0.005 -39"><span class='ocrx_word' id='word_1_1' title='bbox 603 328 879 431; x_wconf 66' lang='lat' dir='ltr'>Remittat</span> <span class='ocrx_word' id='word_1_2' title='bbox 906 324 1093 465; x_wconf 47' lang='lat' dir='ltr'>Agredat</span> <span class='ocrx_word' id='word_1_3' title='bbox 1115 336 1227 431; x_wconf 79' lang='lat' dir='ltr'>Pars</span> <span class='ocrx_word' id='word_1_4' title='bbox 1239 335 1338 451; x_wconf 80' lang='lat' dir='ltr'>Ill.¹</span> <span class='ocrx_word' id='word_1_5' title='bbox 1561 359 1665 470; x_wconf 81' lang='lat'>419</span> 
     </span>
    </p>
   </div>
   <div class='ocr_carea' id='block_1_2' title="bbox 215 523 1832 1236">
    <p class='ocr_par' dir='ltr' id='par_1_2' title="bbox 215 523 1832 1105">
     <span class='ocr_line' id='line_1_2' title="bbox 344 523 1665 650; baseline 0.002 -31"><span class='ocrx_word' id='word_1_6' title='bbox 344 555 412 634; x_wconf 71' lang='lat' dir='ltr'>tr.</span> <span class='ocrx_word' id='word_1_7' title='bbox 456 538 606 620; x_wconf 80' lang='lat' dir='ltr'>Omnes</span> <span class='ocrx_word' id='word_1_8' title='bbox 631 531 813 647; x_wconf 83' lang='lat' dir='ltr'>Apostoli</span> <span class='ocrx_word' id='word_1_9' title='bbox 846 555 1032 649; x_wconf 84' lang='lat' dir='ltr'>rogarunt</span> <span class='ocrx_word' id='word_1_10' title='bbox 1053 536 1237 640; x_wconf 86' lang='lat' dir='ltr'>Mariam,</span> <span class='ocrx_word' id='word_1_11' title='bbox 1262 559 1305 623; x_wconf 92' lang='lat' dir='ltr'>ut</span> <span class='ocrx_word' id='word_1_12' title='bbox 1326 530 1407 650; x_wconf 84' lang='lat' dir='ltr'>ipsa</span> <span class='ocrx_word' id='word_1_13' title='bbox 1427 529 1522 620; x_wconf 89' lang='lat' dir='ltr'>loco</span> <span class='ocrx_word' id='word_1_14' title='bbox 1549 523 1665 639; x_wconf 80' lang='lat' dir='ltr'>&#39;Judae</span> 
     </span>
     <span class='ocr_line' id='line_1_3' title="bbox 225 644 1832 765; baseline 0.002 -34"><span class='ocrx_word' id='word_1_15' title='bbox 225 644 341 733; x_wconf 80' lang='lat' dir='ltr'>alium</span> <span class='ocrx_word' id='word_1_16' title='bbox 359 645 590 761; x_wconf 77' lang='lat' dir='ltr'>Apostolum</span> <span class='ocrx_word' id='word_1_17' title='bbox 612 649 838 765; x_wconf 75' lang='lat' dir='ltr'>deignaret.</span> <span class='ocrx_word' id='word_1_18' title='bbox 900 648 973 762; x_wconf 86' lang='lat' dir='ltr'>lpfi</span> <span class='ocrx_word' id='word_1_19' title='bbox 996 650 1158 762; x_wconf 86' lang='lat' dir='ltr'>quidem</span> <span class='ocrx_word' id='word_1_20' title='bbox 1179 676 1317 737; x_wconf 92' lang='lat' dir='ltr'>notum</span> <span class='ocrx_word' id='word_1_21' title='bbox 1343 676 1446 748; x_wconf 90' lang='lat' dir='ltr'>erat,</span> <span class='ocrx_word' id='word_1_22' title='bbox 1479 655 1567 763; x_wconf 86' lang='lat' dir='ltr'>quis</span> <span class='ocrx_word' id='word_1_23' title='bbox 1595 652 1663 735; x_wconf 90' lang='lat' dir='ltr'>de·</span> <span class='ocrx_word' id='word_1_24' title='bbox 1828 690 1832 696; x_wconf 49' lang='lat'>¹</span> 
     </span>
     <span class='ocr_line' id='line_1_4' title="bbox 222 758 1664 878; baseline 0.003 -34"><span class='ocrx_word' id='word_1_25' title='bbox 222 762 314 847; x_wconf 83' lang='lat' dir='ltr'>beat</span> <span class='ocrx_word' id='word_1_26' title='bbox 344 758 571 864; x_wconf 87' lang='lat' dir='ltr'>succedere,</span> <span class='ocrx_word' id='word_1_27' title='bbox 603 769 697 878; x_wconf 89' lang='lat' dir='ltr'>quia</span> <span class='ocrx_word' id='word_1_28' title='bbox 723 772 802 875; x_wconf 85' lang='lat' dir='ltr'>ejus</span> <span class='ocrx_word' id='word_1_29' title='bbox 826 790 972 848; x_wconf 89' lang='lat' dir='ltr'>nomen</span> <span class='ocrx_word' id='word_1_30' title='bbox 995 770 1072 867; x_wconf 78' lang='lat' dir='ltr'>jam</span> <span class='ocrx_word' id='word_1_31' title='bbox 1093 760 1312 878; x_wconf 85' lang='lat' dir='ltr'>inscriptum</span> <span class='ocrx_word' id='word_1_32' title='bbox 1339 762 1511 848; x_wconf 90' lang='lat' dir='ltr'>habebat</span> <span class='ocrx_word' id='word_1_33' title='bbox 1529 769 1570 848; x_wconf 95' lang='lat' dir='ltr'>in</span> <span class='ocrx_word' id='word_1_34' title='bbox 1594 760 1664 849; x_wconf 82' lang='lat' dir='ltr'>suo</span> 
     </span>
     <span class='ocr_line' id='line_1_5' title="bbox 222 873 1666 994; baseline 0.003 -34"><span class='ocrx_word' id='word_1_35' title='bbox 222 877 371 972; x_wconf 89' lang='lat' dir='ltr'>corde,</span> <span class='ocrx_word' id='word_1_36' title='bbox 404 874 530 962; x_wconf 90' lang='lat' dir='ltr'>voluit</span> <span class='ocrx_word' id='word_1_37' title='bbox 553 901 684 962; x_wconf 88' lang='lat' dir='ltr'>tamen</span> <span class='ocrx_word' id='word_1_38' title='bbox 708 880 790 964; x_wconf 90' lang='lat' dir='ltr'>hoc</span> <span class='ocrx_word' id='word_1_39' title='bbox 819 873 1020 963; x_wconf 71' lang='lat' dir='ltr'>electionis</span> <span class='ocrx_word' id='word_1_40' title='bbox 1047 903 1186 966; x_wconf 78' lang='lat' dir='ltr'>munuc</span> <span class='ocrx_word' id='word_1_41' title='bbox 1205 873 1428 994; x_wconf 87' lang='lat' dir='ltr'>relinquere</span> <span class='ocrx_word' id='word_1_42' title='bbox 1451 883 1592 979; x_wconf 70' lang='lat' dir='ltr'>Petrot</span> <span class='ocrx_word' id='word_1_43' title='bbox 1623 899 1666 964; x_wconf 90' lang='lat' dir='ltr'>ut</span> 
     </span>
     <span class='ocr_line' id='line_1_6' title="bbox 215 986 1543 1105; baseline 0.002 -30"><span class='ocrx_word' id='word_1_44' title='bbox 215 994 403 1104; x_wconf 82' lang='lat' dir='ltr'>inciperet</span> <span class='ocrx_word' id='word_1_45' title='bbox 426 1017 542 1105; x_wconf 85' lang='lat' dir='ltr'>agere</span> <span class='ocrx_word' id='word_1_46' title='bbox 564 986 767 1104; x_wconf 83' lang='lat' dir='ltr'>personam</span> <span class='ocrx_word' id='word_1_47' title='bbox 786 995 926 1079; x_wconf 83' lang='lat' dir='ltr'>vicarii</span> <span class='ocrx_word' id='word_1_48' title='bbox 947 991 1101 1078; x_wconf 84' lang='lat' dir='ltr'>Christi.</span> <span class='ocrx_word' id='word_1_49' title='bbox 1535 1083 1543 1094; x_wconf 32' lang='lat' dir='ltr'><strong><em>J</em></strong></span> 
     </span>
    </p>

    <p class='ocr_par' dir='ltr' id='par_1_3' title="bbox 339 1100 1663 1236">
     <span class='ocr_line' id='line_1_7' title="bbox 339 1100 1663 1236; baseline 0.001 -48"><span class='ocrx_word' id='word_1_50' title='bbox 339 1129 404 1216; x_wconf 80' lang='lat'>54.</span> <span class='ocrx_word' id='word_1_51' title='bbox 443 1108 581 1207; x_wconf 84' lang='lat' dir='ltr'>ltaque</span> <span class='ocrx_word' id='word_1_52' title='bbox 597 1101 809 1191; x_wconf 90' lang='lat' dir='ltr'>scribuntur</span> <span class='ocrx_word' id='word_1_53' title='bbox 841 1109 1002 1236; x_wconf 78' lang='lat' dir='ltr'>nqprina</span> <span class='ocrx_word' id='word_1_54' title='bbox 1019 1104 1188 1202; x_wconf 74' lang='lat' dir='ltr'>Mathia,</span> <span class='ocrx_word' id='word_1_55' title='bbox 1216 1108 1256 1188; x_wconf 75' lang='lat' dir='ltr'>br</span> <span class='ocrx_word' id='word_1_56' title='bbox 1277 1100 1437 1220; x_wconf 85' lang='lat' dir='ltr'>Jolephi</span> <span class='ocrx_word' id='word_1_57' title='bbox 1460 1108 1663 1218; x_wconf 83' lang='lat' dir='ltr'>cognomi-</span> 
     </span>
    </p>
   </div>
   <div class='ocr_carea' id='block_1_3' title="bbox 218 1213 1790 1332">
    <p class='ocr_par' dir='ltr' id='par_1_4' title="bbox 218 1213 1790 1332">
     <span class='ocr_line' id='line_1_8' title="bbox 218 1213 1790 1332; baseline -0.004 -28"><span class='ocrx_word' id='word_1_58' title='bbox 218 1222 299 1304; x_wconf 83' lang='lat' dir='ltr'>nati</span> <span class='ocrx_word' id='word_1_59' title='bbox 310 1221 407 1329; x_wconf 82' lang='lat' dir='ltr'>justi,</span> <span class='ocrx_word' id='word_1_60' title='bbox 424 1221 467 1305; x_wconf 91' lang='lat' dir='ltr'>in</span> <span class='ocrx_word' id='word_1_61' title='bbox 484 1218 634 1305; x_wconf 82' lang='lat' dir='ltr'>duabus</span> <span class='ocrx_word' id='word_1_62' title='bbox 653 1214 815 1320; x_wconf 87' lang='lat' dir='ltr'>schedis,</span> <span class='ocrx_word' id='word_1_63' title='bbox 834 1245 923 1304; x_wconf 89' lang='lat' dir='ltr'>eum</span> <span class='ocrx_word' id='word_1_64' title='bbox 941 1213 1073 1303; x_wconf 88' lang='lat' dir='ltr'>officio</span> <span class='ocrx_word' id='word_1_65' title='bbox 1093 1216 1359 1332; x_wconf 87' lang='lat' dir='ltr'>Apostolatur.</span> <span class='ocrx_word' id='word_1_66' title='bbox 1412 1219 1574 1305; x_wconf 80' lang='lat' dir='ltr'>Schedae</span> <span class='ocrx_word' id='word_1_67' title='bbox 1589 1245 1662 1329; x_wconf 89' lang='lat' dir='ltr'>po·</span> <span class='ocrx_word' id='word_1_68' title='bbox 1766 1226 1790 1297; x_wconf 69' lang='lat' dir='ltr'>‘f</span> 
     </span>
    </p>
   </div>
   <div class='ocr_carea' id='block_1_4' title="bbox 194 1327 1664 2921">
    <p class='ocr_par' dir='ltr' id='par_1_5' title="bbox 194 1327 1664 2921">
     <span class='ocr_line' id='line_1_9' title="bbox 218 1327 1663 1436; baseline 0.002 -21"><span class='ocrx_word' id='word_1_69' title='bbox 218 1357 362 1418; x_wconf 91' lang='lat' dir='ltr'>nuntur</span> <span class='ocrx_word' id='word_1_70' title='bbox 380 1337 420 1419; x_wconf 89' lang='lat' dir='ltr'>in</span> <span class='ocrx_word' id='word_1_71' title='bbox 443 1327 563 1423; x_wconf 81' lang='lat' dir='ltr'>Vtser</span> <span class='ocrx_word' id='word_1_72' title='bbox 588 1333 784 1419; x_wconf 86' lang='lat' dir='ltr'>Schedam</span> <span class='ocrx_word' id='word_1_73' title='bbox 805 1332 970 1418; x_wconf 85' lang='lat' dir='ltr'>extrahit</span> <span class='ocrx_word' id='word_1_74' title='bbox 987 1334 1122 1418; x_wconf 86' lang='lat' dir='ltr'>Petrus</span> <span class='ocrx_word' id='word_1_75' title='bbox 1136 1361 1157 1436; x_wconf 63' lang='lat' dir='ltr'>r,</span> <span class='ocrx_word' id='word_1_76' title='bbox 1176 1337 1219 1417; x_wconf 78' lang='lat' dir='ltr'>ht</span> <span class='ocrx_word' id='word_1_77' title='bbox 1242 1334 1399 1420; x_wconf 89' lang='lat' dir='ltr'>obtinet</span> <span class='ocrx_word' id='word_1_78' title='bbox 1420 1358 1506 1417; x_wconf 86' lang='lat' dir='ltr'>eam</span> <span class='ocrx_word' id='word_1_79' title='bbox 1523 1335 1564 1417; x_wconf 92' lang='lat' dir='ltr'>in</span> <span class='ocrx_word' id='word_1_80' title='bbox 1615 1356 1663 1418; x_wconf 87' lang='lat' dir='ltr'>ua</span> 
     </span>
     <span class='ocr_line' id='line_1_10' title="bbox 215 1439 1664 1562; baseline 0 -28"><span class='ocrx_word' id='word_1_81' title='bbox 215 1441 416 1561; x_wconf 72' lang='lat' dir='ltr'>scriptume</span> <span class='ocrx_word' id='word_1_82' title='bbox 444 1439 630 1534; x_wconf 81' lang='lat' dir='ltr'>Malhlas</span> <span class='ocrx_word' id='word_1_83' title='bbox 650 1443 871 1562; x_wconf 74' lang='lat' dir='ltr'>Discipulos</span> <span class='ocrx_word' id='word_1_84' title='bbox 895 1442 955 1541; x_wconf 66' lang='grc' dir='ltr'>Θ*</span> <span class='ocrx_word' id='word_1_85' title='bbox 974 1441 1177 1558; x_wconf 74' lang='lat' dir='ltr'>Apostolus</span> <span class='ocrx_word' id='word_1_86' title='bbox 1199 1445 1333 1560; x_wconf 74' lang='lat' dir='ltr'>lusu</span> <span class='ocrx_word' id='word_1_87' title='bbox 1359 1440 1593 1536; x_wconf 80' lang='lat' dir='ltr'>CHRlS‘H.</span> <span class='ocrx_word' id='word_1_88' title='bbox 1660 1490 1664 1496; x_wconf 91' lang='lat'><em>·</em></span> 
     </span>
     <span class='ocr_line' id='line_1_11' title="bbox 346 1557 1662 1677; baseline -0.001 -33"><span class='ocrx_word' id='word_1_89' title='bbox 346 1590 410 1664; x_wconf 77' lang='lat'>59.</span> <span class='ocrx_word' id='word_1_90' title='bbox 436 1575 502 1644; x_wconf 83' lang='lat'>60.</span> <span class='ocrx_word' id='word_1_91' title='bbox 544 1558 720 1671; x_wconf 84' lang='lat' dir='ltr'><strong>Quando</strong></span> <span class='ocrx_word' id='word_1_92' title='bbox 742 1562 916 1645; x_wconf 79' lang='lat' dir='ltr'>Christus</span> <span class='ocrx_word' id='word_1_93' title='bbox 939 1562 980 1644; x_wconf 90' lang='lat' dir='ltr'>in</span> <span class='ocrx_word' id='word_1_94' title='bbox 1004 1561 1111 1645; x_wconf 85' lang='lat' dir='ltr'>coelo</span> <span class='ocrx_word' id='word_1_95' title='bbox 1138 1561 1294 1646; x_wconf 57' lang='lat' dir='ltr'>{Patre</span> <span class='ocrx_word' id='word_1_96' title='bbox 1313 1566 1424 1677; x_wconf 89' lang='lat' dir='ltr'>petiit</span> <span class='ocrx_word' id='word_1_97' title='bbox 1446 1557 1662 1646; x_wconf 86' lang='lat' dir='ltr'>milfionem</span> 
     </span>
     <span class='ocr_line' id='line_1_12' title="bbox 217 1671 1196 1790; baseline -0.001 -31"><span class='ocrx_word' id='word_1_98' title='bbox 217 1671 379 1790; x_wconf 81' lang='lat' dir='ltr'>Spiritus</span> <span class='ocrx_word' id='word_1_99' title='bbox 396 1678 538 1775; x_wconf 76' lang='lat' dir='ltr'>Sancti,</span> <span class='ocrx_word' id='word_1_100' title='bbox 558 1675 665 1759; x_wconf 90' lang='lat' dir='ltr'>idem</span> <span class='ocrx_word' id='word_1_101' title='bbox 682 1678 794 1786; x_wconf 92' lang='lat' dir='ltr'>petiit</span> <span class='ocrx_word' id='word_1_102' title='bbox 817 1680 862 1759; x_wconf 88' lang='grc' dir='ltr'>Β.</span> <span class='ocrx_word' id='word_1_103' title='bbox 879 1677 1003 1786; x_wconf 85' lang='lat' dir='ltr'>Virgo</span> <span class='ocrx_word' id='word_1_104' title='bbox 1026 1675 1064 1756; x_wconf 92' lang='lat' dir='ltr'>in</span> <span class='ocrx_word' id='word_1_105' title='bbox 1084 1696 1196 1758; x_wconf 88' lang='lat' dir='ltr'>terra.</span> 
     </span>
     <span class='ocr_line' id='line_1_13' title="bbox 265 1785 1661 1989; baseline -0.001 -116"><span class='ocrx_word' id='word_1_106' title='bbox 265 1897 268 1900; x_wconf 5' lang='grc' dir='ltr'><strong>ἱ</strong></span> <span class='ocrx_word' id='word_1_107' title='bbox 286 1803 405 1989; x_wconf 61' lang='lat' dir='ltr'>1&gt;tm</span> <span class='ocrx_word' id='word_1_108' title='bbox 434 1798 547 1874; x_wconf 91' lang='lat' dir='ltr'>Tunc</span> <span class='ocrx_word' id='word_1_109' title='bbox 567 1789 713 1875; x_wconf 85' lang='lat' dir='ltr'>vifione</span> <span class='ocrx_word' id='word_1_110' title='bbox 730 1791 906 1875; x_wconf 85' lang='lat' dir='ltr'>intuitiva</span> <span class='ocrx_word' id='word_1_111' title='bbox 918 1785 1142 1873; x_wconf 88' lang='lat' dir='ltr'>immediata</span> <span class='ocrx_word' id='word_1_112' title='bbox 1160 1785 1258 1872; x_wconf 85' lang='lat' dir='ltr'>vidit</span> <span class='ocrx_word' id='word_1_113' title='bbox 1270 1787 1452 1901; x_wconf 88' lang='lat' dir='ltr'>Spiritum</span> <span class='ocrx_word' id='word_1_114' title='bbox 1465 1785 1661 1888; x_wconf 73' lang='lat' dir='ltr'>Sentium,</span> 
     </span>
     <span class='ocr_line' id='line_1_14' title="bbox 215 1905 497 1988; baseline 0.004 -1"><span class='ocrx_word' id='word_1_115' title='bbox 215 1905 258 1987; x_wconf 71' lang='grc' dir='ltr'>δι</span> <span class='ocrx_word' id='word_1_116' title='bbox 330 1907 497 1988; x_wconf 85' lang='lat' dir='ltr'>citarem.</span> 
     </span>
     <span class='ocr_line' id='line_1_15' title="bbox 335 2003 1660 2128; baseline -0.004 -28"><span class='ocrx_word' id='word_1_117' title='bbox 335 2030 401 2116; x_wconf 83' lang='lat'>65.</span> <span class='ocrx_word' id='word_1_118' title='bbox 428 2022 594 2102; x_wconf 79' lang='lat' dir='ltr'>Fuerunt</span> <span class='ocrx_word' id='word_1_119' title='bbox 610 2009 802 2101; x_wconf 77' lang='lat' dir='ltr'>mirabiles</span> <span class='ocrx_word' id='word_1_120' title='bbox 819 2007 978 2099; x_wconf 78' lang='lat' dir='ltr'>effecius</span> <span class='ocrx_word' id='word_1_121' title='bbox 999 2039 1104 2127; x_wconf 83' lang='lat' dir='ltr'>quos</span> <span class='ocrx_word' id='word_1_122' title='bbox 1120 2036 1303 2127; x_wconf 84' lang='lat' dir='ltr'>operatus</span> <span class='ocrx_word' id='word_1_123' title='bbox 1316 2015 1371 2108; x_wconf 87' lang='lat' dir='ltr'>est</span> <span class='ocrx_word' id='word_1_124' title='bbox 1387 2003 1545 2128; x_wconf 86' lang='lat' dir='ltr'>Spiritus</span> <span class='ocrx_word' id='word_1_125' title='bbox 1566 2013 1660 2096; x_wconf 81' lang='lat' dir='ltr'>San·</span> 
     </span>
     <span class='ocr_line' id='line_1_16' title="bbox 194 2125 1659 2241; baseline -0.001 -28"><span class='ocrx_word' id='word_1_126' title='bbox 194 2132 302 2213; x_wconf 65' lang='lat' dir='ltr'>ilus</span> <span class='ocrx_word' id='word_1_127' title='bbox 327 2135 368 2214; x_wconf 91' lang='lat' dir='ltr'>in</span> <span class='ocrx_word' id='word_1_128' title='bbox 393 2132 448 2214; x_wconf 91' lang='lat' dir='ltr'>lui</span> <span class='ocrx_word' id='word_1_129' title='bbox 470 2131 640 2215; x_wconf 89' lang='lat' dir='ltr'>adventu</span> <span class='ocrx_word' id='word_1_130' title='bbox 666 2125 914 2233; x_wconf 89' lang='lat' dir='ltr'>Jerosolimis.</span> <span class='ocrx_word' id='word_1_131' title='bbox 967 2132 1087 2235; x_wconf 74' lang='lat' dir='ltr'>Nato,</span> <span class='ocrx_word' id='word_1_132' title='bbox 1109 2129 1271 2241; x_wconf 89' lang='lat' dir='ltr'>quando</span> <span class='ocrx_word' id='word_1_133' title='bbox 1291 2128 1659 2226; x_wconf 54' lang='lat' dir='ltr'>venit‚omnes1ini·</span> 
     </span>
     <span class='ocr_line' id='line_1_17' title="bbox 217 2238 1659 2356; baseline -0.001 -31"><span class='ocrx_word' id='word_1_134' title='bbox 217 2247 308 2326; x_wconf 88' lang='lat' dir='ltr'>mici</span> <span class='ocrx_word' id='word_1_135' title='bbox 327 2247 490 2327; x_wconf 89' lang='lat' dir='ltr'>Domini</span> <span class='ocrx_word' id='word_1_136' title='bbox 511 2271 580 2354; x_wconf 90' lang='lat' dir='ltr'>per</span> <span class='ocrx_word' id='word_1_137' title='bbox 604 2241 757 2356; x_wconf 84' lang='lat' dir='ltr'>fulgura</span> <span class='ocrx_word' id='word_1_138' title='bbox 781 2245 1008 2327; x_wconf 89' lang='lat' dir='ltr'>&amp;tonitrua</span> <span class='ocrx_word' id='word_1_139' title='bbox 1028 2238 1211 2326; x_wconf 88' lang='lat' dir='ltr'>terribilia</span> <span class='ocrx_word' id='word_1_140' title='bbox 1232 2243 1481 2328; x_wconf 88' lang='lat' dir='ltr'>vehementer</span> <span class='ocrx_word' id='word_1_141' title='bbox 1503 2265 1659 2327; x_wconf 88' lang='lat' dir='ltr'>conter-</span> 
     </span>
     <span class='ocr_line' id='line_1_18' title="bbox 218 2350 1661 2471; baseline -0.003 -31"><span class='ocrx_word' id='word_1_142' title='bbox 218 2359 280 2440; x_wconf 87' lang='lat' dir='ltr'>riti</span> <span class='ocrx_word' id='word_1_143' title='bbox 294 2354 390 2455; x_wconf 81' lang='lat' dir='ltr'>sunt,</span> <span class='ocrx_word' id='word_1_144' title='bbox 412 2353 576 2469; x_wconf 88' lang='lat' dir='ltr'>quilibet</span> <span class='ocrx_word' id='word_1_145' title='bbox 595 2366 715 2471; x_wconf 84' lang='lat' dir='ltr'>magis</span> <span class='ocrx_word' id='word_1_146' title='bbox 733 2354 795 2443; x_wconf 89' lang='lat' dir='ltr'>vel</span> <span class='ocrx_word' id='word_1_147' title='bbox 814 2363 937 2443; x_wconf 83' lang='lat' dir='ltr'>minus</span> <span class='ocrx_word' id='word_1_148' title='bbox 959 2361 1064 2466; x_wconf 82' lang='lat' dir='ltr'>juxta</span> <span class='ocrx_word' id='word_1_149' title='bbox 1112 2361 1389 2468; x_wconf 90' lang='lat' dir='ltr'>roportionem</span> <span class='ocrx_word' id='word_1_150' title='bbox 1406 2350 1477 2439; x_wconf 82' lang='lat' dir='ltr'>suae</span> <span class='ocrx_word' id='word_1_151' title='bbox 1499 2352 1661 2439; x_wconf 71' lang='lat' dir='ltr'>malitie.</span> 
     </span>
     <span class='ocr_line' id='line_1_19' title="bbox 216 2385 1660 2588; baseline -0.002 -36"><span class='ocrx_word' id='word_1_152' title='bbox 216 2473 296 2556; x_wconf 85' lang='lat' dir='ltr'>l’rae</span> <span class='ocrx_word' id='word_1_153' title='bbox 322 2477 464 2556; x_wconf 82' lang='lat' dir='ltr'>caereris</span> <span class='ocrx_word' id='word_1_154' title='bbox 495 2497 655 2581; x_wconf 82' lang='lat' dir='ltr'>poenam</span> <span class='ocrx_word' id='word_1_155' title='bbox 679 2385 1453 2588; x_wconf 43' lang='lat' dir='ltr'>senlibilius1expertilltnt,·quifuerunt</span> <span class='ocrx_word' id='word_1_156' title='bbox 1479 2470 1660 2552; x_wconf 79' lang='lat' dir='ltr'>authores</span> 
     </span>
     <span class='ocr_line' id='line_1_20' title="bbox 215 2582 1660 2686; baseline -0.003 -18"><span class='ocrx_word' id='word_1_157' title='bbox 215 2591 355 2672; x_wconf 87' lang='lat' dir='ltr'>mortis</span> <span class='ocrx_word' id='word_1_158' title='bbox 384 2584 549 2683; x_wconf 87' lang='lat' dir='ltr'>Christi,</span> <span class='ocrx_word' id='word_1_159' title='bbox 574 2590 615 2669; x_wconf 78' lang='grc' dir='ltr'>δι</span> <span class='ocrx_word' id='word_1_160' title='bbox 641 2587 681 2669; x_wconf 94' lang='lat' dir='ltr'>in</span> <span class='ocrx_word' id='word_1_161' title='bbox 709 2610 756 2669; x_wconf 84' lang='lat' dir='ltr'>ea</span> <span class='ocrx_word' id='word_1_162' title='bbox 779 2589 963 2686; x_wconf 83' lang='lat' dir='ltr'>majorem</span> <span class='ocrx_word' id='word_1_163' title='bbox 983 2582 1157 2668; x_wconf 85' lang='lat' dir='ltr'>furorem</span> <span class='ocrx_word' id='word_1_164' title='bbox 1177 2585 1540 2671; x_wconf 77' lang='lat' dir='ltr'>commonstraruntt</span> <span class='ocrx_word' id='word_1_165' title='bbox 1568 2605 1660 2664; x_wconf 87' lang='lat' dir='ltr'>nam</span> 
     </span>
     <span class='ocr_line' id='line_1_21' title="bbox 215 2694 1659 2810; baseline -0.004 -28"><span class='ocrx_word' id='word_1_166' title='bbox 215 2697 259 2782; x_wconf 93' lang='lat' dir='ltr'>hi</span> <span class='ocrx_word' id='word_1_167' title='bbox 281 2699 503 2784; x_wconf 89' lang='lat' dir='ltr'>ceciderunt</span> <span class='ocrx_word' id='word_1_168' title='bbox 522 2699 626 2785; x_wconf 83' lang='lat' dir='ltr'>retrb</span> <span class='ocrx_word' id='word_1_169' title='bbox 647 2702 857 2794; x_wconf 89' lang='lat' dir='ltr'>interram,</span> <span class='ocrx_word' id='word_1_170' title='bbox 879 2701 920 2780; x_wconf 79' lang='grc' dir='ltr'>δι</span> <span class='ocrx_word' id='word_1_171' title='bbox 942 2699 1130 2782; x_wconf 81' lang='lat' dir='ltr'>cervicem</span> <span class='ocrx_word' id='word_1_172' title='bbox 1150 2699 1408 2810; x_wconf 84' lang='lat' dir='ltr'>impegerunt,</span> <span class='ocrx_word' id='word_1_173' title='bbox 1435 2694 1566 2808; x_wconf 84' lang='lat' dir='ltr'>fitque</span> <span class='ocrx_word' id='word_1_174' title='bbox 1589 2718 1659 2805; x_wconf 89' lang='lat' dir='ltr'>pet</span> 
     </span>
     <span class='ocr_line' id='line_1_22' title="bbox 214 2804 1658 2921; baseline -0.004 -25"><span class='ocrx_word' id='word_1_175' title='bbox 214 2835 293 2896; x_wconf 86' lang='lat' dir='ltr'>tres</span> <span class='ocrx_word' id='word_1_176' title='bbox 314 2817 460 2898; x_wconf 85' lang='lat' dir='ltr'>circiter</span> <span class='ocrx_word' id='word_1_177' title='bbox 477 2815 592 2898; x_wconf 85' lang='lat' dir='ltr'>horas</span> <span class='ocrx_word' id='word_1_178' title='bbox 614 2817 654 2897; x_wconf 93' lang='lat' dir='ltr'>in</span> <span class='ocrx_word' id='word_1_179' title='bbox 677 2837 776 2898; x_wconf 79' lang='lat' dir='ltr'>terra</span> <span class='ocrx_word' id='word_1_180' title='bbox 796 2817 1003 2919; x_wconf 86' lang='lat' dir='ltr'>jacuerunt.</span> <span class='ocrx_word' id='word_1_181' title='bbox 1059 2805 1132 2911; x_wconf 78' lang='lat' dir='ltr'>llll,</span> <span class='ocrx_word' id='word_1_182' title='bbox 1154 2814 1223 2921; x_wconf 92' lang='lat' dir='ltr'>qui</span> <span class='ocrx_word' id='word_1_183' title='bbox 1249 2804 1498 2895; x_wconf 84' lang='lat' dir='ltr'>offenderunt</span> <span class='ocrx_word' id='word_1_184' title='bbox 1519 2810 1658 2892; x_wconf 90' lang='lat' dir='ltr'>Domi-</span> 
     </span>
    </p>
   </div>
   <div class='ocr_carea' id='block_1_5' title="bbox 215 2918 1820 3040">
    <p class='ocr_par' dir='ltr' id='par_1_6' title="bbox 215 2918 1820 3040">
     <span class='ocr_line' id='line_1_23' title="bbox 215 2918 1820 3040; baseline -0.002 -32"><span class='ocrx_word' id='word_1_185' title='bbox 215 2952 325 3024; x_wconf 90' lang='lat' dir='ltr'>num,</span> <span class='ocrx_word' id='word_1_186' title='bbox 352 2925 615 3010; x_wconf 86' lang='lat' dir='ltr'>moriebantur</span> <span class='ocrx_word' id='word_1_187' title='bbox 640 2950 825 3040; x_wconf 88' lang='lat' dir='ltr'>repente,</span> <span class='ocrx_word' id='word_1_188' title='bbox 856 2930 894 3008; x_wconf 74' lang='grc' dir='ltr'>ἃ</span> <span class='ocrx_word' id='word_1_189' title='bbox 929 2930 971 3009; x_wconf 94' lang='lat' dir='ltr'>in</span> <span class='ocrx_word' id='word_1_190' title='bbox 996 2920 1066 3009; x_wconf 87' lang='lat' dir='ltr'>suo</span> <span class='ocrx_word' id='word_1_191' title='bbox 1084 2919 1264 3037; x_wconf 84' lang='lat' dir='ltr'>sanguine</span> <span class='ocrx_word' id='word_1_192' title='bbox 1280 2918 1577 3019; x_wconf 82' lang='lat' dir='ltr'>suffocabantur,</span> <span class='ocrx_word' id='word_1_193' title='bbox 1607 2919 1659 3005; x_wconf 77' lang='lat' dir='ltr'>eb</span> <span class='ocrx_word' id='word_1_194' title='bbox 1814 3030 1820 3039; x_wconf 94' lang='lat'>.</span> 
     </span>
    </p>
   </div>
   <div class='ocr_carea' id='block_1_6' title="bbox 199 3033 1679 4177">
    <p class='ocr_par' dir='ltr' id='par_1_7' title="bbox 199 3033 1679 4177">
     <span class='ocr_line' id='line_1_24' title="bbox 248 3033 1660 3174; baseline -0.004 -51"><span class='ocrx_word' id='word_1_195' title='bbox 248 3040 333 3123; x_wconf 91' lang='lat' dir='ltr'>uod</span> <span class='ocrx_word' id='word_1_196' title='bbox 366 3033 725 3174; x_wconf 35' lang='lat' dir='ltr'>innoeehtillimunr·</span> <span class='ocrx_word' id='word_1_197' title='bbox 746 3035 967 3159; x_wconf 81' lang='lat' dir='ltr'>sanguinem</span> <span class='ocrx_word' id='word_1_198' title='bbox 1002 3036 1176 3172; x_wconf 70' lang='lat' dir='ltr'>inaudita</span> <span class='ocrx_word' id='word_1_199' title='bbox 1217 3033 1442 3124; x_wconf 86' lang='lat' dir='ltr'>crudelitate</span> <span class='ocrx_word' id='word_1_200' title='bbox 1474 3035 1660 3169; x_wconf 66' lang='lat' dir='ltr'>fuderint.</span> 
     </span>
     <span class='ocr_line' id='line_1_25' title="bbox 215 3144 1661 3380; baseline -0.005 -29"><span class='ocrx_word' id='word_1_201' title='bbox 215 3179 310 3352; x_wconf 64' lang='lat'>„023</span> <span class='ocrx_word' id='word_1_202' title='bbox 325 3144 1661 3380; x_wconf 56' lang='lat' dir='ltr'>{lilith.¹¹¹⁸&#39;&#39;lh-lh&#39;urfflhzllhhlhz</span> 
     </span>
     <span class='ocr_line' id='line_1_26' title="bbox 215 3371 1658 3493; baseline -0.004 -29"><span class='ocrx_word' id='word_1_203' title='bbox 215 3385 374 3480; x_wconf 89' lang='lat' dir='ltr'>mortui,</span> <span class='ocrx_word' id='word_1_204' title='bbox 398 3383 523 3493; x_wconf 87' lang='lat' dir='ltr'>puniti</span> <span class='ocrx_word' id='word_1_205' title='bbox 540 3402 669 3464; x_wconf 89' lang='lat' dir='ltr'>tamen</span> <span class='ocrx_word' id='word_1_206' title='bbox 688 3381 843 3467; x_wconf 87' lang='lat' dir='ltr'>fuerunt</span> <span class='ocrx_word' id='word_1_207' title='bbox 857 3378 1072 3464; x_wconf 76' lang='lat' dir='ltr'>acutiffimir</span> <span class='ocrx_word' id='word_1_208' title='bbox 1096 3371 1322 3480; x_wconf 78' lang='lat' dir='ltr'>doloribus,</span> <span class='ocrx_word' id='word_1_209' title='bbox 1351 3382 1391 3464; x_wconf 79' lang='grc' dir='ltr'>δι</span> <span class='ocrx_word' id='word_1_210' title='bbox 1409 3379 1520 3462; x_wconf 81' lang='lat' dir='ltr'>variis</span> <span class='ocrx_word' id='word_1_211' title='bbox 1539 3371 1658 3460; x_wconf 78' lang='lat' dir='ltr'>foedir</span> 
     </span>
     <span class='ocr_line' id='line_1_27' title="bbox 199 3489 1656 3608; baseline -0.003 -30"><span class='ocrx_word' id='word_1_212' title='bbox 199 3493 528 3592; x_wconf 83' lang='lat' dir='ltr'>infirmitatibus,</span> <span class='ocrx_word' id='word_1_213' title='bbox 560 3520 648 3607; x_wconf 86' lang='lat' dir='ltr'>quae</span> <span class='ocrx_word' id='word_1_214' title='bbox 668 3521 805 3578; x_wconf 90' lang='lat' dir='ltr'>eorum</span> <span class='ocrx_word' id='word_1_215' title='bbox 833 3493 1045 3605; x_wconf 85' lang='lat' dir='ltr'>posteritati</span> <span class='ocrx_word' id='word_1_216' title='bbox 1067 3497 1109 3577; x_wconf 90' lang='lat' dir='ltr'>in</span> <span class='ocrx_word' id='word_1_217' title='bbox 1135 3493 1242 3577; x_wconf 90' lang='lat' dir='ltr'>hunc</span> <span class='ocrx_word' id='word_1_218' title='bbox 1265 3519 1391 3608; x_wconf 80' lang='lat' dir='ltr'>usque</span> <span class='ocrx_word' id='word_1_219' title='bbox 1415 3492 1520 3576; x_wconf 86' lang='lat' dir='ltr'>diem</span> <span class='ocrx_word' id='word_1_220' title='bbox 1540 3489 1656 3574; x_wconf 78' lang='lat' dir='ltr'>inhte·</span> 
     </span>
     <span class='ocr_line' id='line_1_28' title="bbox 214 3601 1679 3722; baseline -0.003 -32"><span class='ocrx_word' id='word_1_221' title='bbox 214 3632 313 3691; x_wconf 88' lang='lat' dir='ltr'>rent.</span> <span class='ocrx_word' id='word_1_222' title='bbox 369 3613 461 3693; x_wconf 83' lang='lat' dir='ltr'>Haec</span> <span class='ocrx_word' id='word_1_223' title='bbox 486 3611 618 3691; x_wconf 88' lang='lat' dir='ltr'>omnia</span> <span class='ocrx_word' id='word_1_224' title='bbox 643 3631 751 3693; x_wconf 86' lang='lat' dir='ltr'>erant</span> <span class='ocrx_word' id='word_1_225' title='bbox 771 3610 925 3691; x_wconf 86' lang='lat' dir='ltr'>notoria</span> <span class='ocrx_word' id='word_1_226' title='bbox 945 3602 1205 3711; x_wconf 87' lang='lat' dir='ltr'>Jerosolimir,</span> <span class='ocrx_word' id='word_1_227' title='bbox 1225 3613 1403 3722; x_wconf 75' lang='lat' dir='ltr'>quamne</span> <span class='ocrx_word' id='word_1_228' title='bbox 1421 3607 1570 3692; x_wconf 82' lang='lat' dir='ltr'>Summi</span> <span class='ocrx_word' id='word_1_229' title='bbox 1592 3601 1679 3686; x_wconf 64' lang='lat' dir='ltr'>Sa·</span> 
     </span>
     <span class='ocr_line' id='line_1_29' title="bbox 215 3714 1662 3833; baseline -0.003 -31"><span class='ocrx_word' id='word_1_230' title='bbox 215 3720 396 3806; x_wconf 86' lang='lat' dir='ltr'>cerdotes</span> <span class='ocrx_word' id='word_1_231' title='bbox 419 3727 461 3805; x_wconf 79' lang='grc' dir='ltr'>δι</span> <span class='ocrx_word' id='word_1_232' title='bbox 483 3721 625 3806; x_wconf 80' lang='lat' dir='ltr'>Scriba</span> <span class='ocrx_word' id='word_1_233' title='bbox 648 3723 780 3806; x_wconf 91' lang='lat' dir='ltr'>conati</span> <span class='ocrx_word' id='word_1_234' title='bbox 806 3716 963 3817; x_wconf 88' lang='lat' dir='ltr'>fuerint,</span> <span class='ocrx_word' id='word_1_235' title='bbox 985 3725 1117 3806; x_wconf 87' lang='lat' dir='ltr'>omnia</span> <span class='ocrx_word' id='word_1_236' title='bbox 1131 3743 1275 3833; x_wconf 83' lang='lat' dir='ltr'>tegere.</span> <span class='ocrx_word' id='word_1_237' title='bbox 1332 3714 1576 3833; x_wconf 81' lang='lat' dir='ltr'>Evangelillae</span> <span class='ocrx_word' id='word_1_238' title='bbox 1593 3739 1662 3798; x_wconf 88' lang='lat' dir='ltr'>au-</span> 
     </span>
     <span class='ocr_line' id='line_1_30' title="bbox 216 3822 1657 3947; baseline -0.003 -31"><span class='ocrx_word' id='word_1_239' title='bbox 216 3854 301 3917; x_wconf 90' lang='lat' dir='ltr'>tem</span> <span class='ocrx_word' id='word_1_240' title='bbox 318 3839 358 3918; x_wconf 76' lang='grc' dir='ltr'>δε</span> <span class='ocrx_word' id='word_1_241' title='bbox 375 3831 556 3947; x_wconf 77' lang='lat' dir='ltr'>Apostoli</span> <span class='ocrx_word' id='word_1_242' title='bbox 573 3835 654 3920; x_wconf 86' lang='lat' dir='ltr'>haec</span> <span class='ocrx_word' id='word_1_243' title='bbox 669 3838 801 3920; x_wconf 88' lang='lat' dir='ltr'>omnia</span> <span class='ocrx_word' id='word_1_244' title='bbox 817 3856 1002 3946; x_wconf 70' lang='lat' dir='ltr'>tanquam</span> <span class='ocrx_word' id='word_1_245' title='bbox 1018 3861 1101 3919; x_wconf 88' lang='lat' dir='ltr'>rem</span> <span class='ocrx_word' id='word_1_246' title='bbox 1112 3830 1203 3918; x_wconf 77' lang='lat' dir='ltr'>¹non</span> <span class='ocrx_word' id='word_1_247' title='bbox 1223 3835 1327 3920; x_wconf 89' lang='lat' dir='ltr'>adeo</span> <span class='ocrx_word' id='word_1_248' title='bbox 1345 3825 1559 3918; x_wconf 87' lang='lat' dir='ltr'>notabilem</span> <span class='ocrx_word' id='word_1_249' title='bbox 1571 3822 1657 3913; x_wconf 90' lang='lat' dir='ltr'>scri·</span> 
     </span>
     <span class='ocr_line' id='line_1_31' title="bbox 215 3942 1661 4063; baseline -0.003 -34"><span class='ocrx_word' id='word_1_250' title='bbox 215 3944 312 4032; x_wconf 90' lang='lat' dir='ltr'>bere</span> <span class='ocrx_word' id='word_1_251' title='bbox 341 3947 621 4062; x_wconf 80' lang='lat' dir='ltr'>neglexerunt3</span> <span class='ocrx_word' id='word_1_252' title='bbox 663 3947 970 4063; x_wconf 86' lang='lat' dir='ltr'>&amp;perturbatio</span> <span class='ocrx_word' id='word_1_253' title='bbox 996 3947 1125 4050; x_wconf 79' lang='lat' dir='ltr'>urbis,</span> <span class='ocrx_word' id='word_1_254' title='bbox 1152 3973 1200 4034; x_wconf 87' lang='lat' dir='ltr'>ac</span> <span class='ocrx_word' id='word_1_255' title='bbox 1222 3942 1434 4035; x_wconf 88' lang='lat' dir='ltr'>multitudo</span> <span class='ocrx_word' id='word_1_256' title='bbox 1453 3968 1581 4032; x_wconf 90' lang='lat' dir='ltr'>rerum</span> <span class='ocrx_word' id='word_1_257' title='bbox 1613 3964 1661 4025; x_wconf 81' lang='lat' dir='ltr'>ea</span> 
     </span>
     <span class='ocr_line' id='line_1_32' title="bbox 216 4058 1420 4177; baseline 0.003 -32"><span class='ocrx_word' id='word_1_258' title='bbox 216 4065 352 4147; x_wconf 85' lang='lat' dir='ltr'>omnia</span> <span class='ocrx_word' id='word_1_259' title='bbox 371 4063 529 4149; x_wconf 89' lang='lat' dir='ltr'>tandem</span> <span class='ocrx_word' id='word_1_260' title='bbox 546 4061 750 4153; x_wconf 89' lang='lat' dir='ltr'>oblivione</span> <span class='ocrx_word' id='word_1_261' title='bbox 770 4058 955 4177; x_wconf 82' lang='lat' dir='ltr'>sepelivit.</span> <span class='ocrx_word' id='word_1_262' title='bbox 1417 4083 1420 4087; x_wconf 86' lang='grc'><strong><em>·</em></strong></span> 
     </span>
    </p>
   </div>
   <div class='ocr_carea' id='block_1_7' title="bbox 0 0 1902 4994">
    <p class='ocr_par' dir='ltr' id='par_1_8' title="bbox 0 0 1902 4994">
     <span class='ocr_line' id='line_1_33' title="bbox 0 0 1902 4994; baseline 0 0"><span class='ocrx_word' id='word_1_263' title='bbox 0 0 1902 4994; x_wconf 95' lang='lat' dir='ltr'> </span> 
     </span>
    </p>
   </div>
  </div>
 </body>
</html>
