3796 4994
677 244 849 379 Regula
867 192 925 345 ear
944 249 991 349 S.
1017 240 1236 386 Theirfiaa·
1576 280 1663 369 181

291 448 489 548 etudinis,
515 447 827 561 perturbationis.
847 453 923 536 &n
952 443 1035 535 vult
1062 456 1176 537 etiam
1204 457 1415 567 experiari,
1432 481 1480 543 an
1500 453 1565 543 illa
1585 488 1678 573 ptr·

241 592 332 663 ona,
359 593 450 667 qua
479 564 601 649 babet
628 563 813 662 vinones,
842 559 1056 676 aliquando
1087 567 1231 652 habeat
1258 569 1423 654 visiones
1451 573 1673 663 indubitato

227 682 390 775 divinas,
410 686 516 784 cujus
542 683 596 761 rei
620 674 723 762 aliud
756 676 902 787 signum
925 704 1072 761 certum
1096 681 1271 777 nonest,
1300 682 1368 765 nisi
1394 693 1573 794 operatio
1598 693 1673 772 mi·

225 790 459 887 iaculorum,
490 793 818 876 &vaticiniorum
843 792 1020 875 constans
1052 819 1234 882 eventuss
1273 794 1299 877 si
1332 799 1434 877 enim
1456 793 1670 910 aliquando

226 932 385 1018 experta
407 908 463 989 cst
493 930 601 989 veras
630 903 809 999 visiones,
831 901 908 1014 ipsi
939 904 1172 1014 experientis
1197 902 1384 1001 discernet
1411 903 1556 1007 lumen,
1582 907 1671 1022 glo·

223 1025 329 1116 riam,
358 1017 545 1130 figuram,
575 1022 614 1100 ἃ
643 1012 867 1101 affeciiones
907 1020 1024 1105 animi
1051 1018 1150 1101 dari
1166 1015 1293 1104 solitas
1321 1024 1361 1103 in
1389 1019 1536 1105 visione
1564 1051 1669 1124 vera,
1730 1108 1734 1113 .

225 1125 393 1228 &salsa,
421 1158 509 1213 cuin
528 1130 715 1231 doemon,
742 1154 809 1213 aut
828 1133 1052 1241 imaginatio
1077 1158 1159 1213 non
1185 1132 1309 1243 poffit,
1335 1157 1401 1217 aut
1424 1139 1666 1243 permittatur

222 1250 361 1329 imitari
382 1246 528 1328 omnia.
587 1247 689 1327 Hinc
712 1238 903 1353 persona,
929 1268 1015 1353 qua
1037 1238 1129 1326 alias
1156 1271 1357 1356 nunquam
1392 1271 1555 1355 experta
1578 1246 1665 1334 sunt

221 1358 389 1453 visiones
407 1383 529 1456 veras,
548 1381 627 1439 non
645 1352 799 1466 poliunt
821 1351 912 1438 scire
929 1351 1068 1438 limites
1086 1360 1283 1465 potestatis
1305 1356 1468 1452 diaboli,
1490 1386 1564 1442 nec
1578 1389 1666 1443 mo·

220 1473 311 1559 dum
340 1466 454 1554 illum
479 1464 681 1581 specialem
707 1472 884 1564 liminis,
914 1469 1064 1578 gloriae,
1102 1473 1141 1550 dc
1170 1470 1297 1580 gustus
1325 1474 1489 1566 interni,
1519 1477 1559 1552 &
1585 1469 1664 1555 ala·

221 1589 361 1670 critatis
386 1587 583 1678 virtutum,
605 1586 644 1665 bt
660 1585 803 1694 quietis
820 1585 859 1665 in
876 1579 962 1692 ipsis
984 1582 1237 1665 anxietatibus
1257 1608 1302 1664 ac
1319 1582 1495 1667 crucibus
1521 1583 1545 1667 a
1567 1587 1660 1669 Deo

220 1694 388 1791 conferri
419 1691 573 1803 sol'vnm
599 1698 638 1777 in
675 1694 880 1779 visionibus
903 1695 1013 1777 veris.
1082 1699 1226 1777 Verum
1251 1696 1426 1809 quidem·
1443 1699 1519 1792 est,
1544 1696 1661 1809 quod

218 1812 252 1896 S.
266 1807 458 1895 rnerefii
477 1804 573 1921 hpc
592 1832 726 1921 putet,
753 1811 842 1901 trito
863 1806 932 1890 fidi
949 1802 1056 1918 posse
1080 1806 1307 1903 vifionibus,
1330 1807 1357 1890 si
1379 1804 1602 1920 relinquant
1619 1813 1661 1894 in

218 1930 348 2009 animo
377 1914 604 2013 affediones
628 1922 766 2022 bonas,
796 1924 983 2033 quietem,
1011 1920 1209 2032 gaudium,
1238 1947 1411 2004 amorem
1440 1923 1533 2016 Dei,
1561 1947 1662 2006 cori·

219 2062 410 2151 temptum
431 2032 499 2136 sui,
521 2032 749 2121 desideriunt
795 2035 953 2118 atiendi.
976 2039 1053 2118 &c
1110 2041 1291 2119 Attamen
1313 2028 1404 2117 alibi
1430 2036 1594 2145 apponit
1610 2030 1659 2117 li-
1822 2106 1830 2119 .

221 2154 454 2245 mirationes,
480 2142 676 2245 videlicet,
697 2146 725 2233 si
745 2063 817 2235 'lla
837 2144 1062 2233 affectiones
1083 2145 1155 2232 sint
1182 2148 1410 2245 constantes,
1438 2148 1466 2232 si
1487 2146 1559 2232 sint
1575 2145 1658 2233 sine

221 2260 448 2351 ininiiflione
473 2258 730 2347 violentarum
758 2264 1030 2354 tentationum,
1051 2265 1174 2343 immo
1193 2264 1309 2345 etiam
1332 2266 1543 2371 primorum
1567 2288 1656 2345 mo·

222 2400 325 2463 tuum
352 2380 397 2461 in
424 2372 716 2486 oppofitum,fi
742 2374 914 2569 deniippe
938 2373 1108 2459 babeant
1134 2374 1334 2487 quendam
1351 2369 1553 2485 specialem
1570 2400 1658 2459 mo·

226 2488 328 2592 dnm,
352 2487 508 2572 tantiam
532 2491 573 2571 in
597 2495 696 2571 veris
716 2487 851 2570 visioni
882 2515 925 2572 us
946 2483 1201 2599 reperibilem,
1231 2493 1271 2569 δι
1297 2488 1425 2571 verbis
1445 2481 1654 2598 inexplica-

224 2596 360 2701 bilem,
385 2600 455 2685 sed
483 2596 563 2685 sola
590 2603 821 2713 experientia
842 2627 978 2684 eorum
999 2596 1320 2712 cognoscibilem,
1342 2605 1411 2713 qui
1434 2598 1654 2685 habuerunt

226 2711 431 2831 aliquando
455 2712 618 2798 visiones
645 2740 765 2799 veras.
818 2717 957 2826 ltaque
976 2687 1138 2810 saterur,
1164 2709 1366 2825 prasertim
1393 2717 1434 2796 in
1450 2708 1556 2798 libris
1579 2707 1654 2797 suis

225 2828 507 2938 posterioribus,
529 2823 571 2913 se
598 2827 760 2940 quidem
781 2827 1031 2923 credituram,
1056 2826 1248 2932 ejusmodi
1276 2824 1461 2911 visionem
1488 2823 1563 2910 esse
1591 2827 1650 2910 di·

227 2943 368 3038 vinam,
395 2966 479 3024 non
508 2965 638 3025 tamen
666 2938 785 3025 audet
815 2936 1008 3051 spondere
1034 2939 1302 3024 certitudinem
1334 2936 1572 3036 absolutam,
1596 2940 1648 3025 eb

227 3055 328 3166 quod
348 3078 451 3141 artes
469 3056 665 3139 doemonis
685 3047 1125 3164 sintimperscrutabiles,
1154 3056 1222 3164 qui
1238 3048 1453 3249 alipuando
1468 3077 1543 3163 pto
1566 3046 1650 3134 sua-

224 3168 590 3279 tumclcctptionum
607 3160 719 3251 luem
744 3188 952 3255 contentus
967 3166 1021 3249 est
1042 3170 1280 3276 cogitatione
1314 3163 1480 3275 uperbiae
1499 3167 1651 3246 immix-

224 3304 257 3365 ti
278 3274 389 3367 mille
414 3275 684 3367 artemonibus
712 3279 840 3363 bonis.
897 3277 1182 3364 certitudinem
1209 3304 1339 3364 autem
1366 3273 1577 3359 absolutam
1606 3300 1652 3358 u·

222 3395 300 3481 uici
320 3390 464 3485 fundet
490 3397 531 3478 in
559 3396 803 3505 experientia,
833 3397 872 3474 dc
902 3388 1043 3477 effectu
1068 3391 1231 3475 indubie
1252 3382 1532 3503 supematuiali,
1552 3413 1649 3501 qua·

219 3502 313 3601 liv.
335 3534 376 3621 g.
400 3502 524 3599 essent
541 3504 739 3617 repemina
764 3508 994 3590 immutatio'
1013 3509 1133 3589 totius
1155 3506 1325 3586 hominis
1353 3502 1406 3585 ad
1427 3501 1578 3586 bonum
1604 3527 1653 3585 ac

217 3618 349 3711 filulis
365 3616 575 3709 eradicatis
602 3621 644 3703 in
669 3643 876 3705 momento
907 3616 1087 3703 omnibus
1113 3613 1345 3726 paffionibus
1372 3642 1419 3700 ac
1444 3621 1569 3727 pravis
1590 3618 1653 3697 iri·

218 3728 496 3834 chamaam,
511 3756 580 3817 aut
601 3755 763 3825 eventus
794 3732 1061 3815 vaticiniorum
1094 3732 1324 3824 constantes,
1338 3725 1553 3812 sanationes
1577 3731 1651 3809 mi·

213 3844 378 3961 ransom
404 3854 491 3935 dic.
549 3850 642 3929 Hoc
665 3840 744 3939 eise
769 3846 797 3928 S
825 3846 941 3927 stema
974 3845 1015 3927 S.
1055 3840 1241 3926 Thertsiae
1274 3840 1413 3952 quoad
1436 3840 1650 3923 criterium

210 3958 489 4055 menusanum
521 3956 672 4070 piebis
695 3985 746 4044 ex
794 3954 1029 4071 equentibus
1051 3961 1134 4060 ejus
1166 3952 1348 4040 textibus.
1401 3955 1454 4037 ln
1467 3954 1558 4146 Vitca
1583 3947 1654 4047 sun

1018 4073 1050 4151 Z
1079 4097 1101 4169 ³
1555 4082 1646 4144 ‚200
