3796 4994
209 294 310 429 296
417 290 427 305 ⁸
584 297 783 398 nevela.
801 290 854 394 ase
875 294 1060 429 Agreda
1088 298 1200 391 Pars
1221 298 1275 390 ss.

210 523 416 607 tantopere
432 496 707 586 desideratum!
735 544 750 566 ·
807 504 895 614 quis
918 501 1012 584 mihi
1035 498 1102 581 det
1127 498 1259 582 videre
1285 520 1325 577 re
1352 491 1402 576 ad
1432 519 1504 575 cor
1527 493 1654 575 matris

211 638 299 708 tuae,
321 616 499 696 numanae
522 623 689 701 naturae!
728 664 744 682 ·
803 642 831 698 o
869 620 1011 699 utinam
1045 609 1295 694 descenderes
1328 613 1367 690 δι
1405 602 1659 718 disrumperet

214 722 354 822 cassos,
386 732 424 806 δι
440 723 688 828 illuminares,
716 734 785 844 qui
806 729 1035 812 intenebris
1055 727 1155 808 sunt!
1183 772 1202 791 ·
1256 728 1457 813 mutinam
1481 742 1658 802 contere-

215 865 276 922 res
297 833 500 948 superbum
518 843 660 940 Aman,
678 838 882 928 satanam!
912 837 1125 952 Respondit
1148 840 1286 920 DEus:
1313 835 1413 918 Veni
1432 831 1549 917 esessa
1565 857 1659 936 mea,·

213 954 256 1037 iu
280 963 465 1037 momento
490 959 740 1066 conceptionis
756 955 865 1068 posui
878 954 990 1066 super
1013 963 1050 1039 te
1057 952 1413 1063 sceptrum'nreum,
1432 944 1491 1043 65
1504 943 1658 1061 preser-

208 1069 317 1151 oavi
336 1075 373 1150 te
394 1065 668 1154 immaculatam
693 1066 718 1155 i
741 1067 817 1187 lege
833 1070 994 1181 peccari.
1380 1070 1383 1075 “
1411 1094 1414 1099 ’

333 1226 400 1292 90.
436 1206 591 1286 Octavo
613 1203 679 1287 die
704 1205 911 1286 Novennar
942 1195 992 1282 ab
1026 1189 1171 1306 angelis
1200 1193 1330 1277 denuo
1360 1191 1594 1302 deportatur
1622 1194 1662 1276 in

218 1305 379 1408 coelum,
401 1312 492 1399 sicot
516 1315 583 1399 die
610 1314 865 1429 praecedente,
887 1310 1021 1425 aliquo
1046 1302 1189 1421 angelo
1215 1313 1361 1391 interea
1386 1309 1425 1387 in
1451 1329 1553 1389 terra
1582 1300 1621 1389 su

162 1452 164 1456 ⁴
215 1424 352 1537 'plente
370 1432 449 1534 ejus
474 1434 592 1513 vices.
675 1422 819 1540 Angeli
841 1453 934 1511 tunc
955 1432 995 1509 in
1016 1418 1123 1505 coelo
1149 1422 1344 1503 dixerunt:
1430 1334 1662 1532 uaeejlsss

220 1563 300 1648 quae
323 1536 490 1747 gerardii
510 1539 556 1626 de
576 1538 734 1656 deserto,
759 1552 835 1626 sam
854 1548 993 1626 ornata
1014 1533 1071 1631 Θ*
1098 1528 1251 1620 'ditatas
1286 1559 1365 1643 que
1387 1559 1406 1615 e
1453 1528 1541 1643 lissa,
1568 1536 1662 1620 inni·

219 1664 303 1746 aca‚'
409 1660 491 1738 vim
515 1658 681 1766 inferens
702 1651 856 1752 disesia,
884 1660 928 1738 us
949 1676 1031 1737 eum
1048 1646 1176 1762 secum
1201 1652 1240 1732 in
1266 1658 1408 1731 terram
1435 1642 1664 1758 pertrahar!

222 1763 320 1887 Qaae
333 1761 383 1876 cst
401 1763 482 1872 issa,
499 1776 578 1879 'qua
594 1764 757 1883 ascendis
769 1767 869 1878 ficut
895 1789 1052 1862 aurora,
1069 1755 1228 1872 pulchra
1247 1768 1292 1846 us
1314 1754 1402 1846 luna
1431 1767 1508 1845 &c
1584 1780 1589 1788 ·

341 1925 408 1993 9ι.
437 1900 554 1983 DEus
573 1904 718 2010 recepit
740 1895 918 1984 dilestam
936 1901 974 1980 in
996 1893 1100 1979 suam
1119 1893 1373 2003 praesentiam,
1396 1898 1435 1976 δι
1457 1917 1500 1976 ut
1516 1920 1667 2004 pro-ca

223 2031 295 2120 ptu
332 2004 578 2123 loquamur,
624 2012 883 2097 admirabatur
938 2015 1017 2112 ejus
1063 2004 1415 2117 pulchritudinemr
1471 2013 1512 2090 δι
1564 2006 1668 2122 quafi

225 2120 384 2204 amasius
413 2124 465 2206 ad
491 2138 575 2207 eam
606 2125 730 2209 dixit:
783 2128 1015 2225 Reverere,
1051 2148 1244 2206 revertere
1274 2122 1477 2206 Sunamitis
1491 2179 1508 2221 ,
1536 2147 1581 2207 ιιι
1614 2131 1669 2210 in

222 2254 401 2317 tueamur
425 2258 479 2318 te.
888 2250 893 2255 '

231 2354 236 2361 ’
280 2454 286 2463 .
341 2392 364 2461 9
372 2390 407 2467 3.
433 2369 546 2448 Tunc
567 2362 685 2448 DEus
710 2359 849 2448 iteratd
872 2320 995 2467 iussit,
1019 2386 1061 2446 ut
1074 2383 1234 2559 peteret
1254 2364 1411 2463 omnia,
1430 2389 1673 2498 quartamque

228 2466 370 2570 uellets'
392 2479 525 2562 omnia
540 2482 644 2562 enim
668 2473 758 2561 sore
776 2474 846 2590 ipsi
870 2478 1072 2562 conceden
1102 2501 1138 2570 a,
1161 2474 1308 2587 etiamsi
1327 2501 1473 2587 partem
1495 2484 1608 2591 regni
1622 2474 1672 2563 sur

232 2585 325 2675 esset
351 2594 529 2702 petitura.
611 2599 653 2677 B.
678 2595 800 2706 Virgo
816 2588 1037 2704 respondit:
1065 2592 1162 2674 Non
1184 2614 1278 2701 peto
1296 2615 1443 2698 partem
1461 2618 1594 2704 regni,
1611 2591 1673 2677 sed

231 2727 276 2786 ut
296 2708 422 2789 mittas
446 2708 710 2815 Unigenitum,
733 2730 776 2787 ut
797 2733 869 2814 pro
894 2705 1007 2788 nobis
1031 2696 1240 2787 satisfaciat.
1266 2707 1340 2786 &e

352 2856 447 2912 100.
476 2827 624 2915 Ultimo
642 2831 707 2914 die
727 2835 933 2913 Novennn
954 2835 994 2913 in
1019 2834 1145 2915 nostis
1159 2826 1308 2915 filentio
1330 2829 1463 2913 denuo
1489 2829 1540 2925 ab
1561 2859 1673 2946 ange·

101 2945 108 2957 '
233 2934 281 3025 sit
307 2937 561 3054 corporaliter
583 2940 657 3027 suit
677 2967 829 3056 portata
844 2947 885 3027 in
909 2940 1068 3040 coelum,
1094 2948 1132 3026 dc
1154 2943 1277 3053 posita
1294 2949 1335 3026 in
1361 2941 1557 3053 praesentia
1580 2950 1674 3033 divi·

235 3057 442 3167 nithroni.
490 3057 609 3141 DEus
633 3083 719 3140 eam
739 3050 946 3140 collocavit
964 3057 1013 3141 ad
1033 3054 1139 3159 suum
1164 3052 1277 3155 latus,
1295 3061 1333 3140 dc
1357 3059 1527 3143 oslendit
1544 3055 1645 3145 illis

237 3169 331 3254 dem
346 3174 386 3254 in
403 3194 584 3256 aetemum
598 3167 666 3280 ipfi
678 3193 859 3280 paratam.
917 3174 970 3254 Ea
991 3166 1098 3257 sedes
1120 3195 1199 3254 erat
1219 3175 1395 3282 proxima
1411 3174 1528 3264 Deos
1555 3169 1676 3261 solum

239 3309 406 3399 excepto
426 3287 573 3385 throno
593 3284 837 3385 humanitatis
858 3284 1013 3370 Christi.

102 3430 113 3461 ·’
254 3488 258 3495 .
361 3444 455 3511 ιο,ι.
482 3422 546 3502 Ex.
565 3419 638 3502 hac
663 3412 754 3502 sede
781 3418 879 3502 vidit
905 3420 1044 3501 DEum
1073 3414 1219 3501 visione
1257 3419 1493 3503 abstrasiiva.
1573 3422 1679 3506 Vidit

241 3532 357 3619 etiam
381 3529 433 3615 de
453 3557 565 3615 novo
584 3537 717 3616 omnia
738 3555 862 3615 creata
891 3557 984 3635 cu·
1006 3527 1133 3614 multis
1159 3531 1273 3614 rebus
1295 3529 1536 3644 possibilibus
1556 3537 1598 3618 δι
1621 3534 1680 3619 su-

241 3649 346 3726 turis.
428 3647 503 3728 Res
523 3639 747 3756 corporales
768 3644 865 3729 vidit
884 3648 923 3728 in
942 3640 1066 3756 specie
1086 3671 1289 3755 corporea,
1317 3645 1421 3752 quasi
1448 3646 1568 3731 essent
1593 3677 1680 3760 pra·

241 3751 524 3865 sentuoculo.
588 3759 794 3869 Cognovit
816 3762 937 3842 ‘etiam
972 3780 1096 3842 totam
1125 3759 1339 3842 machmam
1370 3761 1533 3861 mundi,
1566 3790 1681 3877 quam

244 3873 350 3985 pritu
368 3865 498 3958 solum
521 3897 763 3987 cognoverat
780 3900 849 3985 pet
868 3898 1009 3986 partes.
1079 3880 1084 3887 '

1502 4188 1508 4202 -
1597 4154 1684 4232 ¹03·
