3796 4994
596 243 902 341 R'evelaetiones
935 246 979 338 S.
1019 240 1262 376 Gertrudis,
1324 211 1328 220 ⁵
1557 272 1653 366 113

281 512 287 519 -
325 447 425 533 XVI.
482 447 524 532 1.
551 472 591 544 4.
621 446 673 531 C.
702 473 768 530 t-t.
821 446 864 528 in
905 439 999 541 iliu,
1027 447 1098 559 qui
1125 464 1436 543 commemorant
1458 438 1653 531 salutatio·

213 586 303 646 nem
326 555 550 671 angelicam,
575 558 774 643 recitando
805 568 890 642 Ave
921 563 1074 655 Mutia,
1104 585 1314 647 tenouatut
1343 584 1462 642 omne
1488 558 1651 659 bonum,

213 675 329 786 quod
357 700 528 784 unquam
562 700 631 782 per
661 666 903 757 salutiferam·
926 676 1229 757 intimationem
1264 666 1344 755 titi
1384 673 1459 752 Dei
1496 668 1581 755 sunt
1614 699 1652 756 a·

214 792 338 896 depti.
429 784 541 895 Quid
566 787 620 867 est
648 786 728 867 hoc
752 781 970 869 reno-uari?
999 786 1081 875 Sed
1098 787 1175 868 dici
1196 786 1335 895 potest,
1364 785 1470 879 idem
1497 780 1585 883 effe,
1609 809 1655 870 ec

211 904 350 985 reduci
372 901 413 982 in
435 901 665 985 memoriam
690 896 797 1009 quaii
816 898 908 981 Deo
927 893 989 983 vel
1010 905 1049 983 u.
1071 898 1230 1010 Virgini.

333 1080 458 1164 XVIL
514 1079 557 1162 1.
588 1108 626 1178 4.
654 1078 706 1163 C.
738 1102 803 1162 η’.
860 1079 900 1162 S.
928 1074 1145 1169 omnus
1170 1074 1389 1161 uenderent
1414 1078 1652 1191 inuestigare,

214 1190 315 1304 quid
350 1194 538 1275 orationis
567 1197 611 1275 B.
641 1195 765 1302 Virgo
801 1194 841 1274 in
869 1186 985 1276 ft'ii'o'
1009 1190 1326 1275 Annuntiutionis
1364 1184 1560 1302 specialius
1592 1217 1655 1275 tc·

214 1328 413 1416 ceptatet„
439 1304 580 1395 edocit
609 1307 683 1402 est,
715 1305 827 1416 quod
853 1303 965 1415 siquis
987 1331 1057 1413 per
1085 1309 1277 1393 ouavam
1299 1301 1658 1415 quotidieiegeret

247 1417 469 1531 utdmginta
502 1426 676 1531 quinque
708 1418 803 1502 Av‘e
831 1416 973 1502 Maria
999 1418 1085 1500 c'um
1117 1416 1394 1500 devotionem
1427 1423 1653 1500 memoriam
1728 1472 1732 1481 -

213 1446 370 1615 iliorum
394 1531 557 1625 dierum,
577 1531 717 1641 quibus
736 1530 932 1613 Dominus
952 1528 1098 1633 JESUS
1115 1534 1234 1612 creuit
1259 1533 1300 1612 in
1331 1553 1441 1613 utero
1471 1525 1563 1627 suo,
1591 1525 1656 1617 iile

213 1670 295 1729 tam
324 1666 523 1757 acceptum
552 1639 776 1757 famulatum
810 1642 1035 1753 exhiberet,
1066 1639 1160 1726 ficut
1186 1632 1213 1726 fi
1243 1668 1293 1726 eo
1324 1641 1408 1738 die,
1444 1650 1537 1757 'quo
1566 1646 1655 1727 Do·-

215 1759 363 1842 miuum
385 1759 547 1866 accepit,
568 1754 636 1839 fibi
655 1750 844 1852 adfuiffet,
873 1758 913 1838 δι
938 1782 1008 1866 pet
1035 1754 1088 1839 fin
1119 1746 1204 1837 ulos
1234 1754 1315 1837 dies
1347 1755 1543 1875 usquead
1567 1782 1654 1867 put·
1738 1774 1745 1787 “

215 1894 301 1954 tum
330 1866 606 1982 diiigentiffima
632 1868 700 1952 fibi
733 1866 919 1981 obsequia
945 1785 1206 1980 immugiret,
1238 1873 1275 1950 δι
1306 1866 1425 1979 quim
1455 1872 1573 1952 invite
1601 1865 1655 1952 iiii

217 2008 312 2065 tunc
331 2010 403 2092 pto
435 1979 586 2064 servitio
611 1976 680 2063 suo
710 1987 832 2093 Virgo
869 1977 1111 2095 denegasset,
1144 1981 1339 2093 quidquid
1362 1982 1411 2063 ab
1436 2007 1480 2062 ea
1505 1979 1650 2065 defide-

215 2090 346 2190 miset,
379 2118 458 2177 tam
486 2094 605 2178 invite
635 2089 749 2176 vellet
790 2100 846 2178 isti
883 2095 1075 2206 denegate
1102 2099 1328 2203 petitionem
1356 2091 1470 2177 sunm.
1578 2094 1655 2180 Hic

218 2202 324 2291 nulia
344 2203 539 2320 aequuiitas
559 2214 659 2291 inter
686 2207 917 2320 obsequium
937 2204 1034 2292 iliud
1059 2202 1222 2318 speciale
1256 2232 1303 2305 et
1332 2202 1437 2291 reale
1468 2234 1554 2290 cum
1580 2212 1653 2294 isto
1800 2284 1802 2289 ,
1891 2196 1895 2205 ’

216 2317 384 2435 generali
416 2316 663 2417 nummuli,
696 2347 738 2402 ut
764 2349 834 2431 per
856 2317 895 2405 se
914 2348 1034 2433 patet.
1135 2319 1214 2410 Sed
1254 2310 1477 2432 responderi
1511 2325 1653 2431 potest.
1751 2422 1764 2431 ,

216 2461 300 2516 nnn
327 2429 501 2516 affirmari
530 2430 594 2516 hic
621 2432 854 2519 omnimodi
871 2428 1060 2548 aequalem
1081 2432 1380 2547 propensionem
1407 2430 1654 2521 benefacien-

213 2546 270 2644 di.
292 2540 359 2629 sed
381 2543 729 2656 proportionalem.
1774 2556 1783 2565 “

292 2808 297 2815 ,
330 2713 470 2795 xvm.
521 2713 568 2799 i..
599 2744 637 2807 4·
665 2711 716 2793 C.
748 2739 809 2804 ¹4·
863 2707 1035 2789 Christus
1073 2708 1126 2791 ad
1153 2712 1192 2791 S.
1222 2708 1456 2794 Gettrudem
1482 2717 1557 2798 aitt
1595 2715 1653 2798 Si·

216 2851 283 2913 cut
309 2852 381 2937 pet
406 2820 672 2933 memetipsum
698 2823 818 2927 juravi
852 2817 963 2901 servo
997 2822 1124 2919 Νοὲ,
1158 2819 1273 2934 quod
1300 2849 1384 2927 non
1419 2826 1653 2913 adducerem

216 2935 320 3026 ultra
337 2930 460 3051 aqua's
481 2931 742 3046 diluviiiuper
764 2958 902 3017 terram
921 2930 973 3014 ad
999 2929 1209 3019 delendum
1236 2961 1347 3027 etms
1388 2935 1438 3022 fic
1464 2946 1550 3046 juro
1580 2940 1652 3024 tibi

218 3080 290 3165 pet
313 3051 550 3134 divinitatem
576 3074 716 3145 meam,
741 3043 854 3157 quod
878 3041 1004 3128 nullus
1030 3074 1189 3145 eorum,
1209 3053 1280 3162 qui
1303 3050 1413 3135 audit
1441 3054 1558 3137 uerba
1584 3078 1652 3143 tut

217 3192 308 3250 cum
338 3157 551 3246 humilitate
578 3167 616 3243 &
648 3159 820 3270 diiigztut
839 3157 1046 3242 iecundum
1076 3186 1122 3243 ea
1144 3168 1208 3274 pia
1226 3169 1462 3262 intentione,
1479 3191 1653 3279 unquam

216 3285 361 3392 poterit
387 3279 538 3388 perite,--
555 3272 620 3358 sed
648 3278 708 3357 vit
736 3271 1076 3385 momentoque
1102 3278 1253 3373 tramite
1279 3275 1430 3387 absque
1458 3287 1567 3363 omni
1594 3307 1654 3361 et-

217 3416 309 3477 rote
330 3387 480 3475 securus
506 3395 706 3499 perveniet
730 3385 782 3468 ud
807 3381 884 3469 me.
951 3388 1100 3481 Etnoc
1121 3394 1377 3493 juramentum
1405 3416 1536 3477 meum
1557 3420 1652 3479 con.

215 3501 336 3589 firmo
359 3530 446 3586 eum
467 3494 589 3611 sigillo
611 3527 706 3584 meae
723 3494 947 3583 suumiffimae
968 3484 1225 3597 hummitatis,
1251 3528 1335 3615 quo
1357 3528 1452 3587 tunc
1474 3512 1577 3592 cetui
1601 3512 1652 3592 eo
1759 3515 1765 3555 ³
1835 3515 1840 3522 '

219 3614 339 3728 quod
361 3614 541 3705 nondum
566 3609 679 3696 effem
706 3612 833 3693 homo
856 3602 992 3695 fuitus.
1078 3618 1171 3697 flaec
1193 3613 1407 3726 promitio,
1429 3616 1460 3703 ti
1489 3616 1570 3705 vuit
1595 3621 1654 3707 di·

219 3753 335 3822 cete,
372 3754 460 3819 eum
500 3722 722 3810 salvandum
766 3721 883 3822 fore,
924 3726 1154 3838 quinique
1189 3727 1242 3811 ad
1276 3724 1453 3813 ultimum
1491 3732 1652 3821 halitum

218 3839 396 3925 obietuat
426 3845 576 3924 monita
610 3837 833 3937 Gernudis,
859 3836 963 3920 haud
993 3835 1123 3929 dubie¹
1144 3847 1339 3924 monentis
1373 3847 1488 3926 etiam
1524 3846 1653 3931 obsen-

215 3955 415 4063 vationem
444 3952 712 4037 mandatotum
756 3949 856 4049 Dei,
894 3949 949 4035 eii
977 3951 1139 4065 quidem
1173 3953 1383 4056 tumtunm
1423 3953 1570 4047 sedile
1602 3956 1656 4042 nil

342 4063 396 4149 D.
418 4064 464 4151 Ε.
480 4070 534 4151 Α.
553 4062 598 4152 de
616 4058 796 4150 Reueiai.
816 4063 918 4148 Pars
939 4062 994 4149 11.
1159 4070 1188 4150 P
1559 4096 1656 4153 con-
