3690 4988
488 234 508 411 ,Ι
600 304 704 437 neg.
734 293 884 414 Prass„
909 334 968 401 ex
993 296 1198 434 Gersone'
1550 336 1618 428 ῃ
1735 380 1739 389 ,

197 500 331 623 pertalia
351 504 493 620 palam
518 505 675 621 decepti
693 534 760 592 aut
778 511 844 592 vix
868 532 934 593 aut
955 535 1153 623 nunquam
1179 506 1336 623 possunt
1363 515 1413 600 ad
1435 521 1533 602 uiam
1552 551 1631 612 νς,
1693 605 1696 615 ,

196 629 281 709 nnus
297 625 454 718 reduci,
477 630 670 736 quoniam
686 651 770 725 nec
796 623 959 708 audiunt
988 622 1188 726 Clericus,
1210 653 1315 740 quos
1333 631 1540 743 hypocrifi‚
1561 645 1620 724 in.

195 740 298 840 vidia,
322 745 362 821 dr
383 733 635 849 malignitate
660 733 848 822 laborare
869 739 1069 851 credunt3
1105 765 1239 852 neque
1269 745 1523 832 emendantur
1548 784 1619 869 per

191 845 298 949 licor,
321 880 429 966 quos
449 855 674 964 ignorantes
696 877 738 935 ut
759 849 897 966 seipsos
918 849 992 936 eise
1011 851 1262 967 cognoscunt.

145 1084 148 1093 .
273 995 444 1123 Regula
477 1029 519 1090 2.
567 984 762 1090 Nullius
801 988 1022 1124 persona
1048 987 1381 1097 revelationes
1405 996 1513 1101 -fiue
1544 1009 1616 1127 in·

190 1127 304 1233 ditiis
340 1127 540 1236 aliunde
571 1139 715 1235 certis
751 1149 1012 1266 tanquam
1039 1128 1342 1234 indubitata
1376 1148 1614 1274 recipien-

190 1271 249 1375 da
284 1275 421 1390 sunt,
456 1272 543 1376 nifi
580 1280 719 1410 prius
742 1280 1045 1376 examinatis
1072 1272 1453 1401 ejusomnibus
1474 1283 1612 1400 adis,

190 1413 335 1533 diuis,
371 1410 425 1520 ἅ
461 1415 648 1552 scriptis
685 1447 846 1553 usque
884 1412 947 1539 ad
984 1436 1227 1519 mortem.
1312 1442 1614 1528 praetexite·
1736 1410 1759 1435 ”

191 1549 260 1666 gula
278 1555 538 1667 precedentet
567 1560 660 1670 quia
678 1556 856 1647 doemon
866 1554 1113 1670 quandoque
1135 1552 1260 1670 lungo
1288 1578 1467 1666 tentpore
1490 1553 1614 1643 incul-

192 1693 235 1753 cat
249 1697 348 1771 veta,
378 1695 420 1754 ut
442 1666 657 1783 aliquando
678 1667 904 1782 persuadeat
925 1663 1030 1755 falsa.

272 1827 441 1957 Regula
478 1856 522 1945 3·
573 1815 930 1922 Revelationes
977 1849 1109 1921 vetae
1145 1814 1175 1920 ὲ
1208 1811 1339 1924 falses
1376 1849 1492 1924 non
1522 1822 1613 1926 nist

194 1996 261 2100 per
287 1971 532 2070 notitiam
570 1959 832 2099 quandam
862 1958 1319 2100 experimentalem
1342 1972 1612 2099 propriam

196 2104 306 2212 certd
340 2104 561 2245 dignosci
595 2099 816 2238 possunt.
1408 2190 1411 2195 ,

144 2282 148 2315 “
271 2276 439 2409 Regula
475 2309 523 2401 4.
562 2270 738 2404 ltaque
765 2266 801 2367 fi
827 2264 929 2399 ipsa
959 2264 1189 2404 persona,
1219 2297 1335 2405 quae
1363 2262 1519 2378 habet
1539 2274 1610 2377 re·

147 2538 150 2547 Ι
197 2405 471 2519 velationes,
508 2407 569 2512 de
604 2407 694 2513 illis
727 2407 960 2525 dubitat,
1001 2430 1093 2513 aut
1128 2416 1278 2514 timet
1311 2441 1376 2514 ne
1412 2407 1637 2530 fallatur
1785 2512 1798 2533 x

195 2552 500 2686 ldoe'mone,
544 2561 723 2657 veritas
767 2581 948 2655 earum
988 2549 1364 2659 revelationum
1383 2548 1469 2657 'ab
1500 2556 1606 2664 'aliie

194 2697 267 2802 sne
307 2695 499 2802 indiciis
556 2689 754 2799 aliunde
814 2702 960 2797 certis
1003 2714 1063 2797 ut
1101 2717 1237 2798 certa
1279 2695 1626 2832 comprobari·

191 2870 273 2945 non
308 2839 493 2978 potest.
583 2852 832 2972 Haec‘regula
852 2856 1071 2943 ostenditur
1098 2855 1120 2944 l
1146 2856 1323 2945 Gcrsone
1350 2888 1400 2946 ex
1429 2890 1494 2961 eo,
1515 2873 1610 2980 qula

190 2976 259 3065 seut
274 2976 423 3064 somnia
450 2981 646 3061 imitantur
669 2979 710 3058 in
735 2972 917 3056 omnibus
948 2978 1120 3058 aulones
1145 2971 1410 3086 vigilantium,
1432 3006 1508 3065 nee
1540 2980 1610 3067 nili

257 3099 433 3180 notitiam
465 3084 803 3201 experimentalem
837 3083 1021 3200 vigilien
1052 3083 1297 3199 vigilantibus
1329 3089 1490 3177 discerni
1510 3122 1610 3204 pos·
1645 3168 1649 3175 ,

145 3228 153 3247 ·
196 3235 259 3309 unt,
286 3214 339 3294 ita
360 3213 475 3292 etiam
489 3206 656 3290 visiones
679 3198 777 3288 falsae
799 3204 995 3284 imitantur
1011 3229 1143 3299 veras,
1174 3231 1247 3286 nec
1271 3202 1342 3288 nist
1363 3203 1513 3317 speciali
1536 3203 1610 3293 illo
1697 3286 1701 3293 .

187 3316 308 3407 lunine
335 3317 509 3435 dignosci
529 3314 694 3432 possunt.
753 3317 796 3400 L.
821 3316 893 3427 CC.
912 3315 1018 3432 figere
1044 3347 1084 3417 4·
1109 3316 1160 3401 stc
1177 3317 1316 3402 leder:
1345 3321 1387 3402 ln
1408 3319 1506 3419 casu,
1521 3351 1611 3436 quo

187 3433 349 3522 revelatio
374 3439 493 3523 botris
515 3433 692 3539 moribus
710 3430 900 3527 obviaret,
920 3427 988 3514 nni
1006 3431 1139 3549 divina
1154 3428 1384 3546 dispensatio
1400 3439 1612 3524 interveni·

186 3575 247 3649 ret,
273 3547 461 3637 revelatio
495 3543 667 3661 angelica
710 3542 788 3635 seve
809 3544 1053 3659 neophetila
1081 3539 1207 3631 taliter
1238 3550 1614 3639 circumstantionata

189 3662 244 3748 elle
270 3667 403 3766 debet,
433 3662 548 3778 quod
573 3656 852 3746 revelationem
881 3658 1082 3772 accipienti
1107 3658 1170 3744 vel
1200 3667 1273 3759 cis,
1302 3690 1376 3774 pro
1398 3667 1544 3778 quibus
1560 3667 1614 3752 die

188 3775 361 3876 revelatio,
394 3781 446 3863 de
470 3805 516 3862 ea
540 3777 719 3861 dubitare
739 3800 822 3857 non
850 3769 976 3857 liceat.
1035 3781 1207 3887 Oportet
1230 3782 1348 3872 enim,
1371 3803 1413 3862 ut
1434 3805 1512 3865 tam
1537 3778 1613 3865 clt-

189 3890 486 4010 recognoscatur
519 3885 707 3980 revelatio
734 3887 809 3972 csse
833 3886 856 3972 al
882 3890 1000 3984 Deo,
1025 3890 1145 4002 quam
1172 3885 1278 3975 clare
1307 3888 1438 3990 scitur,
1461 3893 1613 4009 aliquid

150 4031 153 4035 ·
189 4003 245 4093 else
263 4007 443 4122 scripturae
464 4007 578 4093 sacrae
598 4029 664 4088 aut
691 4007 834 4088 rationi
858 3999 1076 4086 consonne.
1126 4007 1196 4101 „Et
1216 4009 1255 4087 in
1283 4007 1364 4090 hoe
1387 4005 1472 4092 casu
1495 4015 1616 4103 maxi·

190 4124 238 4207 ni
262 4121 498 4211 necessatium
538 4122 593 4204 est
622 4119 796 4218 donum,
835 4117 952 4231 quod
984 4114 1256 4207 discretionem
1274 4117 1469 4235 spirituum
1495 4114 1618 4212 voca·
1794 4161 1811 4191 ι

282 4234 339 4327 D.
359 4230 736 4331 E.·A.chevelat.
761 4233 864 4324 Pars
883 4231 919 4318 1.
1161 4234 1195 4324 1.
1513 4260 1615 4325 mus.
