3796 4994
238 286 308 392 66
616 205 922 381 numerationes
954 285 1001 379 S.
1039 283 1284 388 Gertrndis.

241 517 376 583 verum
396 482 471 571 ene
494 486 729 598 cor.,..3gium,
747 485 862 598 quod
880 486 1054 571 Christus
1073 482 1284 588 sacraverit,
1305 447 1482 595 ouamnir
1504 507 1694 600 conjuges

242 635 292 694 ert
317 597 500 688 consensu
527 597 722 678 voluerint
740 619 966 704 permanere
986 603 1166 703 virgines,
1182 617 1226 676 ut
1242 598 1280 678 8.
1294 598 1496 708 josephus,
1521 603 1561 684 S.
1583 604 1694 688 Hen-

241 719 357 808 ticus,
382 715 422 791 δι
441 705 570 819 plures
590 710 666 795 alii.

384 956 455 1068 Vss
497 966 556 1070 ln
600 961 1014 1072 Revelationibus
1063 961 1124 1071 G.
1171 963 1224 1070 L.
1263 1005 1312 1097 4.
1351 965 1412 1082 C.
1455 1008 1532 1100 25.
1577 971 1693 1078 dici·

243 1135 360 1221 tur:
435 1103 706 1213 Gertrudes
741 1108 991 1243 requisivit
1026 1105 1057 1210 al
1091 1104 1359 1213 Domino:
1430 1135 1506 1224 Eia
1550 1135 1692 1225 Doni.

244 1280 306 1350 nt,
334 1278 408 1362 qno
431 1249 578 1335 nomine
606 1247 763 1334 Patrem
791 1273 908 1332 omns
937 1250 978 1333 in
1014 1252 1153 1364 agonia
1186 1246 1432 1334 invocabas?
1489 1249 1693 1449 Repondit

244 1367 453 1457 Dominus.
540 1358 575 1445 E
597 1364 877 1472 ofreqnentins
903 1353 973 1444 loc
998 1365 1148 1447 nomine
1178 1360 1404 1448 invocabam
1428 1389 1510 1447 tum
1566 1359 1690 1452 icens?

217 1479 287 1599 ·.⁰
317 1479 515 1595 integritas
531 1388 747 1671 fitglplnntiae
773 1499 869 1558 meae.
952 1474 1156 1590 integritas
1184 1469 1378 1586 duplicem
1412 1479 1598 1561 duntaxat
1619 1481 1688 1562 ha·

244 1593 513 1720 betqsenlumr
569 1587 783 1701 aiquando
814 1584 996 1700 fignificat
1021 1586 1273 1684 'totalitatem
1298 1583 1513 1701 aliquando
1540 1617 1689 1702 partem

242 1704 497 1820 integraltmr
531 1699 597 1787 std
623 1710 737 1786 Patet
762 1728 836 1785 nec
863 1704 917 1785 est
943 1696 1112 1787 totalitas
1145 1697 1238 1797 fili,
1264 1730 1337 1787 nec
1365 1730 1451 1814 pars
1479 1700 1687 1818 integralis.

243 1823 349 1909 Dein
375 1819 517 1906 fiistud
547 1844 692 1900 nomen
716 1818 770 1899 est
789 1814 893 1899 adeo
915 1840 1064 1928 patum
1083 1819 1194 1927 patri,
1221 1842 1287 1900 cur
1313 1818 1485 1901 Christus
1507 1822 1586 1901 hoc
1604 1848 1686 1906 non

242 1933 426 2024 revelavit
451 1926 667 2042 discipulis?
704 1957 771 2013 cur
789 1924 1033 2040 Evangelistae
1061 1932 1102 2011 id
1127 1955 1206 2010 non
1234 1955 1488 2025 annotarunt,
1514 1932 1599 2015 cum
1621 1960 1687 2015 an-

241 2054 460 2143 notaverint
489 2041 561 2127 alia
582 2043 702 2127 verba
723 2048 866 2125 orantis
889 2048 928 2125 in
960 2044 1145 2153 Agonia?
1173 2045 1347 2139 accedit,
1380 2047 1493 2156 quod
1515 2049 1687 2130 Christus

231 2188 320 2251 vnec
340 2167 381 2244 in
409 2163 562 2272 agonia,
582 2184 654 2239 nec
678 2160 716 2238 in
739 2151 817 2238 alio
846 2150 939 2238 loco
965 2151 1113 2266 legatur
1140 2152 1223 2238 usus
1248 2153 1326 2239 alio
1348 2164 1533 2256 nomine,
1567 2158 1685 2272 quim

242 2280 364 2364 Patris
388 2302 426 2358 v.
449 2302 486 2386 g.
546 2269 678 2364 Pater,
700 2268 733 2377 fi
753 2265 910 2379 poffibile
932 2265 993 2376 eli,
1019 2267 1189 2381 transeat
1214 2267 1238 2354 ia
1264 2295 1320 2354 me
1342 2268 1445 2355 calix
1466 2268 1541 2382 iste.
1608 2274 1684 2360 lte·

239 2385 321 2481 riam
335 2384 503 2501 semndo
526 2386 682 2489 oravit3
714 2381 914 2480 Paterni,
933 2382 967 2492 fi
984 2409 1060 2468 non
1080 2378 1200 2495 puleii
1214 2378 1275 2469 bic
1299 2382 1403 2468 calin
1420 2385 1593 2495 lranfire.
1634 2387 1685 2472 Et

241 2507 376 2594 oravit
392 2497 504 2588 teriid
533 2494 688 2583 eundem
705 2495 926 2608 sermonem.
1013 2497 1090 2581 Ubi
1130 2480 1216 2591 hic,
1246 2499 1451 2612 integritas
1459 2494 1682 2694 stellantia

242 2614 369 2705 mea?
397 2621 436 2699 in
463 2607 627 2726 Epistola
651 2614 700 2694 ad
722 2610 906 2694 Hebraeos
929 2613 979 2694 C.
1005 2640 1037 2694 r.
1062 2611 1200 2693 dicitur
1222 2613 1393 2694 Christus
1414 2610 1592 2727 spendor
1603 2611 1684 2731 glo·

241 2736 318 2829 rin,
339 2727 397 2826 65
407 2727 534 2845 figura
543 2720 759 2838 substantia
782 2723 873 2837 ejns,
902 2726 943 2806 id
968 2728 1033 2819 est,
1058 2728 1199 2811 Patrisr
1227 2725 1304 2807 hoc
1325 2729 1451 2808 modo
1472 2731 1601 2836 potius
1621 2754 1684 2839 pa·

242 2869 303 2932 ter
322 2844 468 2928 diceret
485 2842 534 2923 ad
549 2835 685 2938 filium,
712 2842 911 2946 iniepriius
930 2832 1135 2944 mbsluntia
1161 2864 1259 2931 meae,
1282 2838 1402 2949 quim
1424 2834 1523 2921 iilius
1543 2844 1594 2922 ad
1620 2868 1684 2952 pa-

241 2985 354 3054 trem,
376 2958 572 3066 integritas
595 2950 657 3035 seu
679 2947 892 3061 completio
917 2954 954 3030 δι
982 2945 1312 3059 complementum
1343 2979 1438 3035 mea
1464 2947 1684 3038 substantiae.

232 3073 322 3161 -Sed
341 3069 443 3155 forte
469 3061 761 3178 respondebitur
791 3063 876 3150 dS.
902 3066 1098 3147 Gertrude
1124 3092 1193 3177 per
1217 3067 1471 3183 integritatem
1495 3065 1603 3150 idem
1630 3074 1685 3153 in·

98 3258 104 3265 .
225 3183 375 3302 telligi,
397 3209 443 3268 ac
463 3183 716 3267 identitatem.

353 3414 435 3517 Vl.
473 3411 531 3513 In
565 3402 982 3511 Revelationibus
1006 3401 1079 3518 ,G.
1118 3400 1172 3508 l.ss
1208 3449 1256 3532 4.
1294 3403 1353 3510 C
1393 3444 1440 3540 9,
1478 3406 1681 3516 dicitu„

240 3552 389 3646 Simeon
417 3545 545 3634 dixit:
583 3549 724 3634 Lumen
761 3541 815 3631 ad
841 3542 1111 3631 revelationem
1139 3547 1332 3658 genlinm3
1369 3547 1493 3656 fitque
1521 3547 1687 3639 reddidit

237 3695 321 3757 enm
345 3666 485 3750 Matri
511 3658 663 3747 dicens:
706 3659 758 3744 Et
784 3667 888 3745 lnam
915 3657 1024 3769 ipssns
1052 3660 1214 3742 animam
1246 3657 1489 3768 pertrnnfibil
1521 3661 1683 3779 gladius.

212 3830 219 3859 ,ι
237 3786 385 3872 Mater
411 3773 507 3864 neri
536 3776 711 3892 uirginea
749 3776 941 3883 imponens
977 3797 1059 3855 enm
1105 3767 1223 3855 altari
1259 3768 1391 3858 obtulit
1414 3797 1487 3884 pro
1518 3803 1561 3860 en
1589 3774 1681 3862 dnos

232 3894 361 4015 pullos
401 3885 652 3978 columbarum
693 3881 993 3999 candidiscimm,
1031 3909 1122 3994 qnos
1145 3906 1240 3990 puer
1264 3890 1387 4002 regins
1406 3915 1521 3972 mann
1549 3899 1679 3976 tenera

234 4009 339 4126 (παῤ
371 4003 529 4094 nltmns
562 3994 819 4114 protmdelmi.
915 3997 1012 4083 Item
1046 3994 1170 4083 eodem
1197 3995 1296 4083 loco:
1340 3998 1488 4088 Simeon
1507 4000 1676 4087 elevavit

764 4178 768 4185 -
1518 4139 1673 4227 puerum
