<?xml version="1.0" encoding="UTF-8"?>
<!DOCTYPE html PUBLIC "-//W3C//DTD XHTML 1.0 Transitional//EN"
    "http://www.w3.org/TR/xhtml1/DTD/xhtml1-transitional.dtd">
<html xmlns="http://www.w3.org/1999/xhtml" xml:lang="en" lang="en">
 <head>
  <title>
</title>
<meta http-equiv="Content-Type" content="text/html;charset=utf-8" />
  <meta name='ocr-system' content='tesseract 3.04.00' />
  <meta name='ocr-capabilities' content='ocr_page ocr_carea ocr_par ocr_line ocrx_word'/>
</head>
<body>
  <div class='ocr_page' id='page_1' title='image "./derevelationibu00amorgoog_0274.png"; bbox 0 0 3796 4994; ppageno 0'>
   <div class='ocr_carea' id='block_1_1' title="bbox 216 306 1400 452">
    <p class='ocr_par' dir='ltr' id='par_1_1' title="bbox 216 306 1400 452">
     <span class='ocr_line' id='line_1_1' title="bbox 216 306 1400 452; baseline -0.014 -23"><span class='ocrx_word' id='word_1_1' title='bbox 216 342 326 443; x_wconf 80' lang='lat'>²54·</span> <span class='ocrx_word' id='word_1_2' title='bbox 481 308 726 452; x_wconf 60' lang='lat' dir='ltr'>judicium</span> <span class='ocrx_word' id='word_1_3' title='bbox 756 306 1005 448; x_wconf 77' lang='lat' dir='ltr'>Bollaudifl.</span> <span class='ocrx_word' id='word_1_4' title='bbox 1028 310 1082 412; x_wconf 79' lang='lat' dir='ltr'>de</span> <span class='ocrx_word' id='word_1_5' title='bbox 1102 315 1256 412; x_wconf 77' lang='lat' dir='ltr'>Renes.</span> <span class='ocrx_word' id='word_1_6' title='bbox 1279 314 1400 415; x_wconf 74' lang='lat' dir='ltr'>dsul.</span> 
     </span>
    </p>
   </div>
   <div class='ocr_carea' id='block_1_2' title="bbox 156 515 1682 1784">
    <p class='ocr_par' dir='ltr' id='par_1_2' title="bbox 156 515 1682 1784">
     <span class='ocr_line' id='line_1_2' title="bbox 211 515 1672 633; baseline -0.001 -27"><span class='ocrx_word' id='word_1_7' title='bbox 211 524 509 607; x_wconf 75' lang='lat' dir='ltr'>immoderato</span> <span class='ocrx_word' id='word_1_8' title='bbox 535 515 636 603; x_wconf 91' lang='lat' dir='ltr'>libro</span> <span class='ocrx_word' id='word_1_9' title='bbox 673 520 824 623; x_wconf 68' lang='lat' dir='ltr'>obiecit</span> <span class='ocrx_word' id='word_1_10' title='bbox 851 524 1052 605; x_wconf 83' lang='lat' dir='ltr'>Veronicae</span> <span class='ocrx_word' id='word_1_11' title='bbox 1078 544 1303 619; x_wconf 90' lang='lat' dir='ltr'>narrantur,</span> <span class='ocrx_word' id='word_1_12' title='bbox 1325 547 1413 633; x_wconf 83' lang='lat' dir='ltr'>quae</span> <span class='ocrx_word' id='word_1_13' title='bbox 1440 518 1562 604; x_wconf 87' lang='lat' dir='ltr'>fidem</span> <span class='ocrx_word' id='word_1_14' title='bbox 1589 547 1672 604; x_wconf 91' lang='lat' dir='ltr'>non</span> 
     </span>
     <span class='ocr_line' id='line_1_3' title="bbox 219 632 1676 751; baseline -0.002 -29"><span class='ocrx_word' id='word_1_15' title='bbox 219 644 423 749; x_wconf 87' lang='lat' dir='ltr'>reperient.</span> <span class='ocrx_word' id='word_1_16' title='bbox 504 632 687 719; x_wconf 85' lang='lat' dir='ltr'>Fortassis.</span> <span class='ocrx_word' id='word_1_17' title='bbox 701 633 763 720; x_wconf 88' lang='lat' dir='ltr'>vel</span> <span class='ocrx_word' id='word_1_18' title='bbox 785 638 954 736; x_wconf 85' lang='lat' dir='ltr'>Author,</span> <span class='ocrx_word' id='word_1_19' title='bbox 978 634 1042 720; x_wconf 84' lang='lat' dir='ltr'>vel</span> <span class='ocrx_word' id='word_1_20' title='bbox 1063 664 1151 749; x_wconf 85' lang='lat' dir='ltr'>quat</span> <span class='ocrx_word' id='word_1_21' title='bbox 1170 638 1299 751; x_wconf 82' lang='lat' dir='ltr'>primb</span> <span class='ocrx_word' id='word_1_22' title='bbox 1331 641 1530 720; x_wconf 87' lang='lat' dir='ltr'>Veronicae</span> <span class='ocrx_word' id='word_1_23' title='bbox 1558 640 1676 719; x_wconf 87' lang='lat' dir='ltr'>vitam</span> 
     </span>
     <span class='ocr_line' id='line_1_4' title="bbox 224 742 1679 864; baseline -0.001 -29"><span class='ocrx_word' id='word_1_24' title='bbox 224 749 430 862; x_wconf 89' lang='lat' dir='ltr'>complexa</span> <span class='ocrx_word' id='word_1_25' title='bbox 448 752 500 832; x_wconf 86' lang='lat' dir='ltr'>est</span> <span class='ocrx_word' id='word_1_26' title='bbox 518 742 721 837; x_wconf 79' lang='lat' dir='ltr'>Benedissa</span> <span class='ocrx_word' id='word_1_27' title='bbox 743 752 956 847; x_wconf 86' lang='lat' dir='ltr'>Monacha,</span> <span class='ocrx_word' id='word_1_28' title='bbox 975 778 1055 834; x_wconf 89' lang='lat' dir='ltr'>non</span> <span class='ocrx_word' id='word_1_29' title='bbox 1078 748 1245 846; x_wconf 85' lang='lat' dir='ltr'>assecuti,</span> <span class='ocrx_word' id='word_1_30' title='bbox 1267 778 1354 864; x_wconf 84' lang='lat' dir='ltr'>quar</span> <span class='ocrx_word' id='word_1_31' title='bbox 1380 747 1578 834; x_wconf 86' lang='lat' dir='ltr'><strong>obscurius</strong></span> <span class='ocrx_word' id='word_1_32' title='bbox 1594 776 1679 834; x_wconf 90' lang='lat' dir='ltr'>nar·</span> 
     </span>
     <span class='ocr_line' id='line_1_5' title="bbox 220 861 1681 981; baseline -0.003 -28"><span class='ocrx_word' id='word_1_33' title='bbox 220 866 418 965; x_wconf 81' lang='lat' dir='ltr'>tabsntur,</span> <span class='ocrx_word' id='word_1_34' title='bbox 437 871 691 950; x_wconf 89' lang='lat' dir='ltr'>immutavere</span> <span class='ocrx_word' id='word_1_35' title='bbox 710 867 904 964; x_wconf 90' lang='lat' dir='ltr'>ornando,</span> <span class='ocrx_word' id='word_1_36' title='bbox 927 861 989 949; x_wconf 91' lang='lat' dir='ltr'>vel</span> <span class='ocrx_word' id='word_1_37' title='bbox 1012 864 1208 950; x_wconf 69' lang='lat' dir='ltr'>attexustre</span> <span class='ocrx_word' id='word_1_38' title='bbox 1226 893 1273 948; x_wconf 89' lang='lat' dir='ltr'>ex</span> <span class='ocrx_word' id='word_1_39' title='bbox 1293 871 1453 981; x_wconf 89' lang='lat' dir='ltr'>propria</span> <span class='ocrx_word' id='word_1_40' title='bbox 1476 862 1681 949; x_wconf 79' lang='lat' dir='ltr'>ratiocina-</span> 
     </span>
     <span class='ocr_line' id='line_1_6' title="bbox 221 977 1680 1091; baseline -0.001 -27"><span class='ocrx_word' id='word_1_41' title='bbox 221 985 350 1069; x_wconf 79' lang='lat' dir='ltr'>tiones</span> <span class='ocrx_word' id='word_1_42' title='bbox 379 1006 443 1064; x_wconf 91' lang='lat' dir='ltr'>aut</span> <span class='ocrx_word' id='word_1_43' title='bbox 457 985 609 1090; x_wconf 84' lang='lat' dir='ltr'>potius,</span> <span class='ocrx_word' id='word_1_44' title='bbox 636 1008 723 1064; x_wconf 92' lang='lat' dir='ltr'>cum</span> <span class='ocrx_word' id='word_1_45' title='bbox 741 1007 849 1091; x_wconf 86' lang='lat' dir='ltr'>rapta</span> <span class='ocrx_word' id='word_1_46' title='bbox 870 983 922 1064; x_wconf 88' lang='lat' dir='ltr'>cst</span> <span class='ocrx_word' id='word_1_47' title='bbox 948 984 1139 1065; x_wconf 88' lang='lat' dir='ltr'>Veronica</span> <span class='ocrx_word' id='word_1_48' title='bbox 1149 1037 1163 1077; x_wconf 87' lang='lat'>,</span> <span class='ocrx_word' id='word_1_49' title='bbox 1193 985 1358 1063; x_wconf 88' lang='lat' dir='ltr'>externis</span> <span class='ocrx_word' id='word_1_50' title='bbox 1390 977 1558 1064; x_wconf 82' lang='lat' dir='ltr'>senfibus</span> <span class='ocrx_word' id='word_1_51' title='bbox 1596 986 1680 1062; x_wconf 89' lang='lat' dir='ltr'>vio·</span> 
     </span>
     <span class='ocr_line' id='line_1_7' title="bbox 222 1091 1682 1208; baseline -0.002 -29"><span class='ocrx_word' id='word_1_52' title='bbox 222 1094 340 1180; x_wconf 76' lang='lat' dir='ltr'>letitia</span> <span class='ocrx_word' id='word_1_53' title='bbox 362 1093 602 1179; x_wconf 87' lang='lat' dir='ltr'>infundentis</span> <span class='ocrx_word' id='word_1_54' title='bbox 631 1091 669 1179; x_wconf 92' lang='lat' dir='ltr'>se</span> <span class='ocrx_word' id='word_1_55' title='bbox 694 1098 815 1179; x_wconf 86' lang='lat' dir='ltr'>divini</span> <span class='ocrx_word' id='word_1_56' title='bbox 830 1091 984 1180; x_wconf 89' lang='lat' dir='ltr'>luminis</span> <span class='ocrx_word' id='word_1_57' title='bbox 1010 1121 1075 1179; x_wconf 91' lang='lat' dir='ltr'>aut</span> <span class='ocrx_word' id='word_1_58' title='bbox 1102 1091 1377 1178; x_wconf 80' lang='lat' dir='ltr'>consolationis</span> <span class='ocrx_word' id='word_1_59' title='bbox 1405 1092 1590 1208; x_wconf 82' lang='lat' dir='ltr'>oppressis</span> <span class='ocrx_word' id='word_1_60' title='bbox 1618 1091 1682 1185; x_wconf 89' lang='lat' dir='ltr'>so·</span> 
     </span>
     <span class='ocr_line' id='line_1_8' title="bbox 220 1203 1682 1325; baseline 0 -30"><span class='ocrx_word' id='word_1_61' title='bbox 220 1215 406 1325; x_wconf 72' lang='lat' dir='ltr'>piisque,</span> <span class='ocrx_word' id='word_1_62' title='bbox 429 1214 588 1294; x_wconf 87' lang='lat' dir='ltr'>internis</span> <span class='ocrx_word' id='word_1_63' title='bbox 609 1207 846 1295; x_wconf 75' lang='lat' dir='ltr'>intellessum</span> <span class='ocrx_word' id='word_1_64' title='bbox 869 1210 920 1293; x_wconf 93' lang='lat' dir='ltr'>ad</span> <span class='ocrx_word' id='word_1_65' title='bbox 944 1207 1111 1296; x_wconf 84' lang='lat' dir='ltr'>eoelestia</span> <span class='ocrx_word' id='word_1_66' title='bbox 1133 1209 1284 1322; x_wconf 87' lang='lat' dir='ltr'>absque</span> <span class='ocrx_word' id='word_1_67' title='bbox 1305 1203 1391 1295; x_wconf 86' lang='lat' dir='ltr'>ullis</span> <span class='ocrx_word' id='word_1_68' title='bbox 1409 1206 1682 1322; x_wconf 81' lang='lat' dir='ltr'>phantasmatis</span> 
     </span>
     <span class='ocr_line' id='line_1_9' title="bbox 221 1321 1682 1440; baseline -0.005 -23"><span class='ocrx_word' id='word_1_69' title='bbox 221 1321 453 1440; x_wconf 71' lang='lat' dir='ltr'>speculanda</span> <span class='ocrx_word' id='word_1_70' title='bbox 482 1349 632 1438; x_wconf 89' lang='lat' dir='ltr'>raptum</span> <span class='ocrx_word' id='word_1_71' title='bbox 665 1353 840 1440; x_wconf 86' lang='lat' dir='ltr'>quoquo</span> <span class='ocrx_word' id='word_1_72' title='bbox 872 1326 999 1410; x_wconf 92' lang='lat' dir='ltr'>modo</span> <span class='ocrx_word' id='word_1_73' title='bbox 1034 1323 1376 1436; x_wconf 81' lang='lat' dir='ltr'>subsequentibus,</span> <span class='ocrx_word' id='word_1_74' title='bbox 1396 1323 1592 1437; x_wconf 83' lang='lat' dir='ltr'>phantafia</span> <span class='ocrx_word' id='word_1_75' title='bbox 1617 1351 1682 1410; x_wconf 85' lang='lat' dir='ltr'>ea·</span> 
     </span>
     <span class='ocr_line' id='line_1_10' title="bbox 223 1438 1681 1557; baseline -0.001 -31"><span class='ocrx_word' id='word_1_76' title='bbox 223 1469 309 1557; x_wconf 82' lang='lat' dir='ltr'>rum</span> <span class='ocrx_word' id='word_1_77' title='bbox 333 1469 459 1525; x_wconf 90' lang='lat' dir='ltr'>rerum</span> <span class='ocrx_word' id='word_1_78' title='bbox 484 1446 638 1552; x_wconf 87' lang='lat' dir='ltr'>propria</span> <span class='ocrx_word' id='word_1_79' title='bbox 659 1447 811 1539; x_wconf 84' lang='lat' dir='ltr'>ratione</span> <span class='ocrx_word' id='word_1_80' title='bbox 828 1441 1001 1555; x_wconf 87' lang='lat' dir='ltr'>quadam</span> <span class='ocrx_word' id='word_1_81' title='bbox 1023 1438 1198 1552; x_wconf 77' lang='lat' dir='ltr'>expressit</span> <span class='ocrx_word' id='word_1_82' title='bbox 1217 1443 1418 1552; x_wconf 83' lang='lat' dir='ltr'>imagines,</span> <span class='ocrx_word' id='word_1_83' title='bbox 1442 1466 1607 1554; x_wconf 89' lang='lat' dir='ltr'>quatum</span> <span class='ocrx_word' id='word_1_84' title='bbox 1624 1445 1681 1524; x_wconf 89' lang='lat' dir='ltr'>itt·</span> 
     </span>
     <span class='ocr_line' id='line_1_11' title="bbox 156 1546 1681 1667; baseline -0.001 -26"><span class='ocrx_word' id='word_1_85' title='bbox 156 1646 161 1653; x_wconf 65' lang='grc'><em>,</em></span> <span class='ocrx_word' id='word_1_86' title='bbox 225 1554 311 1642; x_wconf 84' lang='lat' dir='ltr'>sitas</span> <span class='ocrx_word' id='word_1_87' title='bbox 338 1581 450 1639; x_wconf 89' lang='lat' dir='ltr'>antea</span> <span class='ocrx_word' id='word_1_88' title='bbox 468 1553 609 1667; x_wconf 89' lang='lat' dir='ltr'>species</span> <span class='ocrx_word' id='word_1_89' title='bbox 628 1555 822 1640; x_wconf 60' lang='lat' dir='ltr'>babebat,</span> <span class='ocrx_word' id='word_1_90' title='bbox 887 1556 1001 1641; x_wconf 90' lang='lat' dir='ltr'>Unde</span> <span class='ocrx_word' id='word_1_91' title='bbox 1023 1554 1091 1638; x_wconf 84' lang='lat' dir='ltr'>fibi</span> <span class='ocrx_word' id='word_1_92' title='bbox 1116 1554 1280 1650; x_wconf 87' lang='lat' dir='ltr'>reddita,</span> <span class='ocrx_word' id='word_1_93' title='bbox 1304 1581 1393 1637; x_wconf 89' lang='lat' dir='ltr'>curn</span> <span class='ocrx_word' id='word_1_94' title='bbox 1419 1546 1542 1653; x_wconf 92' lang='lat' dir='ltr'>sciret,</span> <span class='ocrx_word' id='word_1_95' title='bbox 1566 1553 1605 1638; x_wconf 89' lang='lat' dir='ltr'>se</span> <span class='ocrx_word' id='word_1_96' title='bbox 1623 1557 1681 1639; x_wconf 91' lang='lat' dir='ltr'>di·</span> 
     </span>
     <span class='ocr_line' id='line_1_12' title="bbox 224 1664 1681 1784; baseline -0.001 -28"><span class='ocrx_word' id='word_1_97' title='bbox 224 1670 368 1756; x_wconf 83' lang='lat' dir='ltr'>vinitsts</span> <span class='ocrx_word' id='word_1_98' title='bbox 400 1671 625 1753; x_wconf 87' lang='lat' dir='ltr'>admiranda</span> <span class='ocrx_word' id='word_1_99' title='bbox 647 1670 790 1782; x_wconf 86' lang='lat' dir='ltr'>pallam</span> <span class='ocrx_word' id='word_1_100' title='bbox 816 1664 904 1765; x_wconf 87' lang='lat' dir='ltr'>esse,</span> <span class='ocrx_word' id='word_1_101' title='bbox 933 1698 1065 1784; x_wconf 89' lang='lat' dir='ltr'>neque</span> <span class='ocrx_word' id='word_1_102' title='bbox 1083 1677 1161 1774; x_wconf 77' lang='lat' dir='ltr'>iam</span> <span class='ocrx_word' id='word_1_103' title='bbox 1197 1670 1378 1753; x_wconf 89' lang='lat' dir='ltr'>obnoxio</span> <span class='ocrx_word' id='word_1_104' title='bbox 1409 1665 1681 1782; x_wconf 83' lang='lat' dir='ltr'>phantasmatis</span> 
     </span>
    </p>
   </div>
   <div class='ocr_carea' id='block_1_3' title="bbox 91 1779 1682 1898">
    <p class='ocr_par' dir='ltr' id='par_1_3' title="bbox 91 1779 1682 1898">
     <span class='ocr_line' id='line_1_13' title="bbox 91 1779 1682 1898; baseline 0.001 -28"><span class='ocrx_word' id='word_1_105' title='bbox 91 1800 94 1806; x_wconf 86' lang='grc'><strong>’</strong></span> <span class='ocrx_word' id='word_1_106' title='bbox 225 1782 426 1870; x_wconf 77' lang='lat' dir='ltr'>iutelleslu</span> <span class='ocrx_word' id='word_1_107' title='bbox 446 1813 492 1870; x_wconf 89' lang='lat' dir='ltr'>ea</span> <span class='ocrx_word' id='word_1_108' title='bbox 508 1779 632 1896; x_wconf 88' lang='lat' dir='ltr'>posset</span> <span class='ocrx_word' id='word_1_109' title='bbox 657 1809 723 1869; x_wconf 92' lang='lat' dir='ltr'>aut</span> <span class='ocrx_word' id='word_1_110' title='bbox 743 1811 954 1898; x_wconf 83' lang='lat' dir='ltr'>exponere,</span> <span class='ocrx_word' id='word_1_111' title='bbox 977 1811 1042 1870; x_wconf 90' lang='lat' dir='ltr'>aut</span> <span class='ocrx_word' id='word_1_112' title='bbox 1060 1782 1243 1896; x_wconf 72' lang='lat' dir='ltr'>explicite</span> <span class='ocrx_word' id='word_1_113' title='bbox 1264 1781 1489 1881; x_wconf 82' lang='lat' dir='ltr'>meminisse,</span> <span class='ocrx_word' id='word_1_114' title='bbox 1508 1813 1682 1898; x_wconf 90' lang='lat' dir='ltr'>quorum</span> 
     </span>
    </p>
   </div>
   <div class='ocr_carea' id='block_1_4' title="bbox 205 1895 1682 2128">
    <p class='ocr_par' dir='ltr' id='par_1_4' title="bbox 205 1895 1682 2128">
     <span class='ocr_line' id='line_1_14' title="bbox 222 1895 1682 2012; baseline 0.001 -25"><span class='ocrx_word' id='word_1_115' title='bbox 222 1897 541 1987; x_wconf 83' lang='lat' dir='ltr'>reminiscentiam</span> <span class='ocrx_word' id='word_1_116' title='bbox 566 1899 761 2012; x_wconf 82' lang='lat' dir='ltr'>phantasia</span> <span class='ocrx_word' id='word_1_117' title='bbox 789 1901 1021 2012; x_wconf 84' lang='lat' dir='ltr'>ingerebat,</span> <span class='ocrx_word' id='word_1_118' title='bbox 1068 1895 1209 1984; x_wconf 89' lang='lat' dir='ltr'>tetulit.</span> <span class='ocrx_word' id='word_1_119' title='bbox 1240 1944 1258 1964; x_wconf 92' lang='lat'><strong>·</strong></span> <span class='ocrx_word' id='word_1_120' title='bbox 1314 1900 1382 1984; x_wconf 87' lang='lat' dir='ltr'>De</span> <span class='ocrx_word' id='word_1_121' title='bbox 1421 1906 1615 2012; x_wconf 87' lang='lat' dir='ltr'>portentis</span> <span class='ocrx_word' id='word_1_122' title='bbox 1643 1905 1682 1988; x_wconf 92' lang='lat' dir='ltr'>in</span> 
     </span>
     <span class='ocr_line' id='line_1_15' title="bbox 205 2010 1680 2128; baseline 0.003 -32"><span class='ocrx_word' id='word_1_123' title='bbox 205 2019 441 2104; x_wconf 79' lang='lat' dir='ltr'>Nativitate</span> <span class='ocrx_word' id='word_1_124' title='bbox 462 2017 604 2101; x_wconf 89' lang='lat' dir='ltr'>Christi</span> <span class='ocrx_word' id='word_1_125' title='bbox 625 2021 779 2126; x_wconf 85' lang='lat' dir='ltr'>patratis</span> <span class='ocrx_word' id='word_1_126' title='bbox 803 2012 891 2127; x_wconf 85' lang='lat' dir='ltr'>lege</span> <span class='ocrx_word' id='word_1_127' title='bbox 914 2018 1124 2099; x_wconf 77' lang='lat' dir='ltr'>baronium</span> <span class='ocrx_word' id='word_1_128' title='bbox 1148 2041 1254 2098; x_wconf 90' lang='lat' dir='ltr'>anno</span> <span class='ocrx_word' id='word_1_129' title='bbox 1281 2042 1313 2097; x_wconf 89' lang='lat'>1.</span> <span class='ocrx_word' id='word_1_130' title='bbox 1346 2015 1527 2128; x_wconf 81' lang='lat' dir='ltr'>quaedam</span> <span class='ocrx_word' id='word_1_131' title='bbox 1557 2010 1680 2100; x_wconf 63' lang='lat' dir='ltr'>solidi</span> 
     </span>
    </p>
   </div>
   <div class='ocr_carea' id='block_1_5' title="bbox 78 2129 1682 2231">
    <p class='ocr_par' dir='ltr' id='par_1_5' title="bbox 78 2129 1682 2231">
     <span class='ocr_line' id='line_1_16' title="bbox 78 2129 1682 2231; baseline -0.003 -12"><span class='ocrx_word' id='word_1_132' title='bbox 78 2144 81 2149; x_wconf 77' lang='grc'>’</span> <span class='ocrx_word' id='word_1_133' title='bbox 225 2129 471 2219; x_wconf 85' lang='lat' dir='ltr'>refutantem.</span> <span class='ocrx_word' id='word_1_134' title='bbox 527 2130 635 2213; x_wconf 89' lang='lat' dir='ltr'>Idem</span> <span class='ocrx_word' id='word_1_135' title='bbox 665 2131 715 2212; x_wconf 92' lang='lat' dir='ltr'>ad</span> <span class='ocrx_word' id='word_1_136' title='bbox 751 2132 801 2214; x_wconf 90' lang='lat' dir='ltr'>C.</span> <span class='ocrx_word' id='word_1_137' title='bbox 824 2160 859 2212; x_wconf 84' lang='lat' dir='ltr'>a.</span> <span class='ocrx_word' id='word_1_138' title='bbox 885 2133 927 2213; x_wconf 91' lang='lat' dir='ltr'>L.</span> <span class='ocrx_word' id='word_1_139' title='bbox 947 2163 988 2231; x_wconf 87' lang='lat'>4.</span> <span class='ocrx_word' id='word_1_140' title='bbox 1018 2132 1112 2213; x_wconf 90' lang='lat' dir='ltr'>dum</span> <span class='ocrx_word' id='word_1_141' title='bbox 1140 2135 1180 2212; x_wconf 84' lang='lat' dir='ltr'>B:</span> <span class='ocrx_word' id='word_1_142' title='bbox 1213 2133 1409 2214; x_wconf 87' lang='lat' dir='ltr'>Veronica</span> <span class='ocrx_word' id='word_1_143' title='bbox 1439 2130 1539 2214; x_wconf 92' lang='lat' dir='ltr'>vidit</span> <span class='ocrx_word' id='word_1_144' title='bbox 1568 2132 1682 2215; x_wconf 90' lang='lat' dir='ltr'>Chri·</span> 
     </span>
    </p>
   </div>
   <div class='ocr_carea' id='block_1_6' title="bbox 154 2238 1682 3733">
    <p class='ocr_par' dir='ltr' id='par_1_6' title="bbox 154 2238 1682 3733">
     <span class='ocr_line' id='line_1_17' title="bbox 184 2238 1682 2355; baseline 0.003 -30"><span class='ocrx_word' id='word_1_145' title='bbox 184 2318 188 2325; x_wconf 90' lang='lat'>.</span> <span class='ocrx_word' id='word_1_146' title='bbox 228 2247 327 2332; x_wconf 89' lang='lat' dir='ltr'>stum</span> <span class='ocrx_word' id='word_1_147' title='bbox 351 2239 461 2327; x_wconf 90' lang='lat' dir='ltr'>fuisse</span> <span class='ocrx_word' id='word_1_148' title='bbox 478 2239 736 2327; x_wconf 88' lang='lat' dir='ltr'>circumcisum</span> <span class='ocrx_word' id='word_1_149' title='bbox 755 2247 795 2327; x_wconf 91' lang='lat' dir='ltr'>in</span> <span class='ocrx_word' id='word_1_150' title='bbox 825 2240 993 2355; x_wconf 89' lang='lat' dir='ltr'>Templo</span> <span class='ocrx_word' id='word_1_151' title='bbox 1018 2243 1042 2329; x_wconf 74' lang='lat' dir='ltr'>a</span> <span class='ocrx_word' id='word_1_152' title='bbox 1063 2247 1188 2342; x_wconf 88' lang='lat' dir='ltr'>Sene,</span> <span class='ocrx_word' id='word_1_153' title='bbox 1223 2249 1261 2326; x_wconf 77' lang='lat' dir='ltr'>oc</span> <span class='ocrx_word' id='word_1_154' title='bbox 1292 2244 1419 2328; x_wconf 89' lang='lat' dir='ltr'>eidem</span> <span class='ocrx_word' id='word_1_155' title='bbox 1449 2242 1585 2329; x_wconf 88' lang='lat' dir='ltr'>oblata</span> <span class='ocrx_word' id='word_1_156' title='bbox 1612 2238 1682 2336; x_wconf 84' lang='lat' dir='ltr'>esse</span> 
     </span>
     <span class='ocr_line' id='line_1_18' title="bbox 230 2351 1680 2472; baseline -0.001 -28"><span class='ocrx_word' id='word_1_157' title='bbox 230 2359 314 2444; x_wconf 92' lang='lat' dir='ltr'>duo</span> <span class='ocrx_word' id='word_1_158' title='bbox 335 2363 438 2471; x_wconf 89' lang='lat' dir='ltr'>paria</span> <span class='ocrx_word' id='word_1_159' title='bbox 463 2351 745 2454; x_wconf 89' lang='lat' dir='ltr'>columbarum,</span> <span class='ocrx_word' id='word_1_160' title='bbox 772 2358 937 2472; x_wconf 91' lang='lat' dir='ltr'>duoque</span> <span class='ocrx_word' id='word_1_161' title='bbox 960 2384 1175 2455; x_wconf 89' lang='lat' dir='ltr'>turturum,</span> <span class='ocrx_word' id='word_1_162' title='bbox 1196 2358 1334 2443; x_wconf 71' lang='lat' dir='ltr'>addit.r</span> <span class='ocrx_word' id='word_1_163' title='bbox 1352 2356 1601 2444; x_wconf 89' lang='lat' dir='ltr'>Probabilius</span> <span class='ocrx_word' id='word_1_164' title='bbox 1621 2361 1680 2456; x_wconf 81' lang='lat' dir='ltr'>est,</span> 
     </span>
     <span class='ocr_line' id='line_1_19' title="bbox 177 2469 1680 2588; baseline -0.003 -26"><span class='ocrx_word' id='word_1_165' title='bbox 177 2473 182 2479; x_wconf 71' lang='grc'><em>’</em></span> <span class='ocrx_word' id='word_1_166' title='bbox 230 2477 427 2566; x_wconf 90' lang='lat' dir='ltr'>Christum</span> <span class='ocrx_word' id='word_1_167' title='bbox 471 2471 580 2569; x_wconf 84' lang='lat' dir='ltr'>fusile</span> <span class='ocrx_word' id='word_1_168' title='bbox 617 2469 880 2557; x_wconf 89' lang='lat' dir='ltr'>circumcisum</span> <span class='ocrx_word' id='word_1_169' title='bbox 912 2478 954 2557; x_wconf 90' lang='lat' dir='ltr'>in</span> <span class='ocrx_word' id='word_1_170' title='bbox 980 2472 1058 2583; x_wconf 87' lang='lat' dir='ltr'>ipsa</span> <span class='ocrx_word' id='word_1_171' title='bbox 1083 2469 1283 2585; x_wconf 77' lang='lat' dir='ltr'>spelunca,</span> <span class='ocrx_word' id='word_1_172' title='bbox 1310 2474 1423 2587; x_wconf 91' lang='lat' dir='ltr'>quod</span> <span class='ocrx_word' id='word_1_173' title='bbox 1450 2475 1496 2557; x_wconf 64' lang='lat' dir='ltr'>S,</span> <span class='ocrx_word' id='word_1_174' title='bbox 1518 2477 1680 2588; x_wconf 84' lang='lat' dir='ltr'>Epipha·</span> 
     </span>
     <span class='ocr_line' id='line_1_20' title="bbox 231 2586 1680 2702; baseline -0.003 -26"><span class='ocrx_word' id='word_1_175' title='bbox 231 2595 318 2677; x_wconf 85' lang='lat' dir='ltr'>nius</span> <span class='ocrx_word' id='word_1_176' title='bbox 336 2589 452 2675; x_wconf 91' lang='lat' dir='ltr'>tradit</span> <span class='ocrx_word' id='word_1_177' title='bbox 476 2592 520 2675; x_wconf 86' lang='lat' dir='ltr'>L.</span> <span class='ocrx_word' id='word_1_178' title='bbox 547 2617 583 2673; x_wconf 91' lang='lat'>1·.</span> <span class='ocrx_word' id='word_1_179' title='bbox 603 2586 755 2673; x_wconf 80' lang='lat' dir='ltr'>Haerest.</span> <span class='ocrx_word' id='word_1_180' title='bbox 779 2618 845 2674; x_wconf 89' lang='lat'>20.</span> <span class='ocrx_word' id='word_1_181' title='bbox 898 2587 1177 2673; x_wconf 86' lang='lat' dir='ltr'>Purificationis</span> <span class='ocrx_word' id='word_1_182' title='bbox 1209 2592 1248 2672; x_wconf 83' lang='grc' dir='ltr'>δι</span> <span class='ocrx_word' id='word_1_183' title='bbox 1280 2587 1577 2675; x_wconf 78' lang='lat' dir='ltr'>circumcisionis</span> <span class='ocrx_word' id='word_1_184' title='bbox 1606 2617 1680 2702; x_wconf 86' lang='lat' dir='ltr'>my·</span> 
     </span>
     <span class='ocr_line' id='line_1_21' title="bbox 229 2701 1679 2816; baseline -0.001 -26"><span class='ocrx_word' id='word_1_185' title='bbox 229 2706 340 2790; x_wconf 86' lang='lat' dir='ltr'>steria</span> <span class='ocrx_word' id='word_1_186' title='bbox 358 2702 540 2787; x_wconf 90' lang='lat' dir='ltr'>confudit</span> <span class='ocrx_word' id='word_1_187' title='bbox 567 2727 632 2786; x_wconf 93' lang='lat' dir='ltr'>aut</span> <span class='ocrx_word' id='word_1_188' title='bbox 653 2707 774 2813; x_wconf 90' lang='lat' dir='ltr'>prima</span> <span class='ocrx_word' id='word_1_189' title='bbox 793 2701 981 2816; x_wconf 86' lang='lat' dir='ltr'>scriptrix,</span> <span class='ocrx_word' id='word_1_190' title='bbox 1019 2728 1085 2787; x_wconf 92' lang='lat' dir='ltr'>aut</span> <span class='ocrx_word' id='word_1_191' title='bbox 1105 2709 1310 2789; x_wconf 88' lang='lat' dir='ltr'>Veronica.</span> <span class='ocrx_word' id='word_1_192' title='bbox 1367 2707 1475 2786; x_wconf 91' lang='lat' dir='ltr'>Idem</span> <span class='ocrx_word' id='word_1_193' title='bbox 1495 2705 1549 2788; x_wconf 90' lang='lat' dir='ltr'>ad</span> <span class='ocrx_word' id='word_1_194' title='bbox 1568 2707 1621 2788; x_wconf 88' lang='lat' dir='ltr'>C.</span> <span class='ocrx_word' id='word_1_195' title='bbox 1644 2703 1679 2800; x_wconf 65' lang='lat' dir='ltr'>x7.</span> 
     </span>
     <span class='ocr_line' id='line_1_22' title="bbox 232 2813 1679 2915; baseline -0.001 -12"><span class='ocrx_word' id='word_1_196' title='bbox 232 2820 302 2903; x_wconf 92' lang='lat' dir='ltr'>ubi</span> <span class='ocrx_word' id='word_1_197' title='bbox 321 2823 363 2901; x_wconf 83' lang='lat' dir='ltr'>B.</span> <span class='ocrx_word' id='word_1_198' title='bbox 379 2821 574 2904; x_wconf 91' lang='lat' dir='ltr'>Veronica</span> <span class='ocrx_word' id='word_1_199' title='bbox 595 2820 705 2915; x_wconf 88' lang='lat' dir='ltr'>vidit,</span> <span class='ocrx_word' id='word_1_200' title='bbox 721 2821 760 2902; x_wconf 80' lang='lat' dir='ltr'>S.</span> <span class='ocrx_word' id='word_1_201' title='bbox 784 2814 1039 2903; x_wconf 83' lang='lat' dir='ltr'>Elisabetham</span> <span class='ocrx_word' id='word_1_202' title='bbox 1058 2813 1166 2902; x_wconf 89' lang='lat' dir='ltr'>srmul</span> <span class='ocrx_word' id='word_1_203' title='bbox 1183 2846 1270 2902; x_wconf 90' lang='lat' dir='ltr'>cum</span> <span class='ocrx_word' id='word_1_204' title='bbox 1289 2820 1327 2904; x_wconf 84' lang='lat' dir='ltr'>S.</span> <span class='ocrx_word' id='word_1_205' title='bbox 1344 2819 1460 2902; x_wconf 85' lang='lat' dir='ltr'>Anna</span> <span class='ocrx_word' id='word_1_206' title='bbox 1479 2825 1518 2902; x_wconf 66' lang='grc' dir='ltr'>ἃ</span> <span class='ocrx_word' id='word_1_207' title='bbox 1540 2825 1585 2904; x_wconf 85' lang='grc' dir='ltr'>Β.</span> <span class='ocrx_word' id='word_1_208' title='bbox 1602 2824 1679 2903; x_wconf 91' lang='lat' dir='ltr'>Vir·</span> 
     </span>
     <span class='ocr_line' id='line_1_23' title="bbox 154 2928 1680 3162; baseline -0.002 -28"><span class='ocrx_word' id='word_1_209' title='bbox 154 3082 166 3091; x_wconf 90' lang='lat'>--</span> <span class='ocrx_word' id='word_1_210' title='bbox 232 2928 1680 3162; x_wconf 57' lang='lat' dir='ltr'>sss‘slsissl‘hh‘sslssssl‘shtsdsiuis‘slsis&#39;</span> 
     </span>
     <span class='ocr_line' id='line_1_24' title="bbox 172 3159 1682 3276; baseline -0.001 -27"><span class='ocrx_word' id='word_1_211' title='bbox 172 3214 178 3221; x_wconf 94' lang='lat'>-</span> <span class='ocrx_word' id='word_1_212' title='bbox 232 3189 338 3249; x_wconf 89' lang='lat' dir='ltr'>tuam</span> <span class='ocrx_word' id='word_1_213' title='bbox 361 3159 567 3276; x_wconf 84' lang='lat' dir='ltr'>probabile</span> <span class='ocrx_word' id='word_1_214' title='bbox 589 3163 654 3248; x_wconf 84' lang='lat' dir='ltr'>est.</span> <span class='ocrx_word' id='word_1_215' title='bbox 742 3160 809 3248; x_wconf 88' lang='lat' dir='ltr'>Ad</span> <span class='ocrx_word' id='word_1_216' title='bbox 834 3166 883 3249; x_wconf 88' lang='lat' dir='ltr'>C.</span> <span class='ocrx_word' id='word_1_217' title='bbox 907 3183 944 3256; x_wconf 74' lang='grc' dir='ltr'>Β.</span> <span class='ocrx_word' id='word_1_218' title='bbox 967 3163 1036 3246; x_wconf 89' lang='lat' dir='ltr'>ubi</span> <span class='ocrx_word' id='word_1_219' title='bbox 1055 3167 1098 3246; x_wconf 88' lang='grc' dir='ltr'>Β.</span> <span class='ocrx_word' id='word_1_220' title='bbox 1119 3168 1314 3249; x_wconf 89' lang='lat' dir='ltr'>Veronica</span> <span class='ocrx_word' id='word_1_221' title='bbox 1330 3165 1500 3260; x_wconf 87' lang='lat' dir='ltr'>testatur,</span> <span class='ocrx_word' id='word_1_222' title='bbox 1518 3160 1682 3248; x_wconf 88' lang='lat' dir='ltr'>Colum·</span> 
     </span>
     <span class='ocr_line' id='line_1_25' title="bbox 232 3271 1682 3388; baseline -0.003 -24"><span class='ocrx_word' id='word_1_223' title='bbox 232 3279 325 3364; x_wconf 89' lang='lat' dir='ltr'>bam</span> <span class='ocrx_word' id='word_1_224' title='bbox 336 3279 530 3364; x_wconf 88' lang='lat' dir='ltr'>Christum</span> <span class='ocrx_word' id='word_1_225' title='bbox 547 3283 587 3363; x_wconf 90' lang='lat' dir='ltr'>in</span> <span class='ocrx_word' id='word_1_226' title='bbox 602 3271 794 3388; x_wconf 88' lang='lat' dir='ltr'>baptismo</span> <span class='ocrx_word' id='word_1_227' title='bbox 813 3272 921 3363; x_wconf 89' lang='lat' dir='ltr'>claris</span> <span class='ocrx_word' id='word_1_228' title='bbox 940 3278 1067 3361; x_wconf 89' lang='lat' dir='ltr'>verbis</span> <span class='ocrx_word' id='word_1_229' title='bbox 1085 3272 1294 3362; x_wconf 90' lang='lat' dir='ltr'>allocutam</span> <span class='ocrx_word' id='word_1_230' title='bbox 1313 3271 1401 3374; x_wconf 88' lang='lat' dir='ltr'>esse,</span> <span class='ocrx_word' id='word_1_231' title='bbox 1419 3278 1552 3362; x_wconf 85' lang='lat' dir='ltr'>addit:</span> <span class='ocrx_word' id='word_1_232' title='bbox 1580 3285 1682 3363; x_wconf 86' lang='lat' dir='ltr'>Hanc</span> 
     </span>
     <span class='ocr_line' id='line_1_26' title="bbox 234 3387 1682 3505; baseline -0.001 -27"><span class='ocrx_word' id='word_1_233' title='bbox 234 3388 425 3494; x_wconf 80' lang='lat' dir='ltr'>columba</span> <span class='ocrx_word' id='word_1_234' title='bbox 453 3389 694 3478; x_wconf 88' lang='lat' dir='ltr'>locutionem</span> <span class='ocrx_word' id='word_1_235' title='bbox 724 3393 828 3475; x_wconf 92' lang='lat' dir='ltr'>haud</span> <span class='ocrx_word' id='word_1_236' title='bbox 858 3417 1036 3504; x_wconf 87' lang='lat' dir='ltr'>putamus</span> <span class='ocrx_word' id='word_1_237' title='bbox 1065 3392 1260 3495; x_wconf 85' lang='lat' dir='ltr'>ejusmodi</span> <span class='ocrx_word' id='word_1_238' title='bbox 1286 3387 1417 3489; x_wconf 82' lang='lat' dir='ltr'>fuisse,</span> <span class='ocrx_word' id='word_1_239' title='bbox 1449 3420 1538 3505; x_wconf 87' lang='lat' dir='ltr'>quae</span> <span class='ocrx_word' id='word_1_240' title='bbox 1567 3393 1682 3479; x_wconf 84' lang='lat' dir='ltr'>auditi</span> 
     </span>
     <span class='ocr_line' id='line_1_27' title="bbox 232 3504 1682 3620; baseline 0.001 -27"><span class='ocrx_word' id='word_1_241' title='bbox 232 3508 283 3593; x_wconf 87' lang='lat' dir='ltr'>ab</span> <span class='ocrx_word' id='word_1_242' title='bbox 308 3510 556 3605; x_wconf 90' lang='lat' dir='ltr'>bominibus,</span> <span class='ocrx_word' id='word_1_243' title='bbox 581 3509 728 3591; x_wconf 91' lang='lat' dir='ltr'>nedum</span> <span class='ocrx_word' id='word_1_244' title='bbox 758 3504 921 3620; x_wconf 74' lang='lat' dir='ltr'>intelligi</span> <span class='ocrx_word' id='word_1_245' title='bbox 949 3505 1087 3620; x_wconf 80' lang='lat' dir='ltr'>posset.</span> <span class='ocrx_word' id='word_1_246' title='bbox 1198 3507 1266 3594; x_wconf 88' lang='lat' dir='ltr'>Ad</span> <span class='ocrx_word' id='word_1_247' title='bbox 1290 3510 1347 3596; x_wconf 61' lang='lat' dir='ltr'>C,</span> <span class='ocrx_word' id='word_1_248' title='bbox 1371 3535 1385 3589; x_wconf 88' lang='lat'>1</span> <span class='ocrx_word' id='word_1_249' title='bbox 1399 3536 1433 3609; x_wconf 86' lang='lat'>3.</span> <span class='ocrx_word' id='word_1_250' title='bbox 1450 3509 1520 3591; x_wconf 91' lang='lat' dir='ltr'>ubi</span> <span class='ocrx_word' id='word_1_251' title='bbox 1542 3514 1587 3594; x_wconf 89' lang='lat' dir='ltr'>B.</span> <span class='ocrx_word' id='word_1_252' title='bbox 1611 3513 1682 3610; x_wconf 73' lang='lat' dir='ltr'>lle·</span> 
     </span>
     <span class='ocr_line' id='line_1_28' title="bbox 232 3615 1682 3733; baseline 0 -25"><span class='ocrx_word' id='word_1_253' title='bbox 232 3627 366 3708; x_wconf 87' lang='lat' dir='ltr'>runica</span> <span class='ocrx_word' id='word_1_254' title='bbox 386 3623 493 3720; x_wconf 89' lang='lat' dir='ltr'>dicit,</span> <span class='ocrx_word' id='word_1_255' title='bbox 518 3624 675 3707; x_wconf 92' lang='lat' dir='ltr'>Christo</span> <span class='ocrx_word' id='word_1_256' title='bbox 694 3648 874 3708; x_wconf 85' lang='lat' dir='ltr'>coenante</span> <span class='ocrx_word' id='word_1_257' title='bbox 902 3649 950 3706; x_wconf 90' lang='lat' dir='ltr'>ex</span> <span class='ocrx_word' id='word_1_258' title='bbox 976 3615 1177 3733; x_wconf 83' lang='lat' dir='ltr'>Apostolis</span> <span class='ocrx_word' id='word_1_259' title='bbox 1200 3616 1325 3706; x_wconf 89' lang='lat' dir='ltr'>solum</span> <span class='ocrx_word' id='word_1_260' title='bbox 1352 3626 1550 3726; x_wconf 87' lang='lat' dir='ltr'>Joannem</span> <span class='ocrx_word' id='word_1_261' title='bbox 1582 3648 1682 3708; x_wconf 85' lang='lat' dir='ltr'>recu·</span> 
     </span>
    </p>
   </div>
   <div class='ocr_carea' id='block_1_7' title="bbox 95 3733 1682 3850">
    <p class='ocr_par' dir='ltr' id='par_1_7' title="bbox 95 3733 1682 3850">
     <span class='ocr_line' id='line_1_29' title="bbox 95 3733 1682 3850; baseline -0.001 -28"><span class='ocrx_word' id='word_1_262' title='bbox 95 3771 104 3787; x_wconf 62' lang='lat'><strong><em>‘</em></strong></span> <span class='ocrx_word' id='word_1_263' title='bbox 234 3733 380 3836; x_wconf 85' lang='lat' dir='ltr'>buisse,</span> <span class='ocrx_word' id='word_1_264' title='bbox 407 3739 536 3821; x_wconf 86' lang='lat' dir='ltr'>addit:</span> <span class='ocrx_word' id='word_1_265' title='bbox 564 3737 609 3824; x_wconf 92' lang='lat' dir='ltr'>ld</span> <span class='ocrx_word' id='word_1_266' title='bbox 627 3736 696 3822; x_wconf 84' lang='lat' dir='ltr'>sibi</span> <span class='ocrx_word' id='word_1_267' title='bbox 716 3741 922 3850; x_wconf 85' lang='lat' dir='ltr'>imaginata</span> <span class='ocrx_word' id='word_1_268' title='bbox 938 3760 1018 3820; x_wconf 91' lang='lat' dir='ltr'>erat</span> <span class='ocrx_word' id='word_1_269' title='bbox 1039 3739 1163 3848; x_wconf 85' lang='lat' dir='ltr'>Virgo</span> <span class='ocrx_word' id='word_1_270' title='bbox 1191 3763 1239 3820; x_wconf 90' lang='lat' dir='ltr'>ex</span> <span class='ocrx_word' id='word_1_271' title='bbox 1257 3733 1441 3846; x_wconf 89' lang='lat' dir='ltr'>peculiari</span> <span class='ocrx_word' id='word_1_272' title='bbox 1463 3734 1628 3823; x_wconf 81' lang='lat' dir='ltr'>fortassis</span> <span class='ocrx_word' id='word_1_273' title='bbox 1649 3740 1682 3821; x_wconf 91' lang='lat' dir='ltr'>iu</span> 
     </span>
    </p>
   </div>
   <div class='ocr_carea' id='block_1_8' title="bbox 95 3844 1682 4082">
    <p class='ocr_par' dir='ltr' id='par_1_8' title="bbox 95 3844 1682 4082">
     <span class='ocr_line' id='line_1_30' title="bbox 95 3844 1682 3966; baseline -0.004 -26"><span class='ocrx_word' id='word_1_274' title='bbox 95 3844 115 3940; x_wconf 61' lang='lat' dir='ltr'><strong>s</strong></span> <span class='ocrx_word' id='word_1_275' title='bbox 231 3857 424 3956; x_wconf 87' lang='lat' dir='ltr'>Joannem</span> <span class='ocrx_word' id='word_1_276' title='bbox 453 3855 609 3964; x_wconf 88' lang='lat' dir='ltr'>pietate.</span> <span class='ocrx_word' id='word_1_277' title='bbox 693 3853 764 3937; x_wconf 87' lang='lat' dir='ltr'>Ad</span> <span class='ocrx_word' id='word_1_278' title='bbox 789 3857 838 3937; x_wconf 88' lang='lat' dir='ltr'>C.</span> <span class='ocrx_word' id='word_1_279' title='bbox 867 3861 930 3938; x_wconf 83' lang='lat' dir='ltr'>ra.</span> <span class='ocrx_word' id='word_1_280' title='bbox 955 3850 1022 3939; x_wconf 90' lang='lat' dir='ltr'>ubi</span> <span class='ocrx_word' id='word_1_281' title='bbox 1042 3855 1082 3932; x_wconf 89' lang='lat' dir='ltr'>B.</span> <span class='ocrx_word' id='word_1_282' title='bbox 1102 3854 1297 3935; x_wconf 80' lang='lat' dir='ltr'>veronica</span> <span class='ocrx_word' id='word_1_283' title='bbox 1319 3851 1443 3949; x_wconf 91' lang='lat' dir='ltr'>dicit,</span> <span class='ocrx_word' id='word_1_284' title='bbox 1466 3852 1682 3966; x_wconf 87' lang='lat' dir='ltr'>Longinum</span> 
     </span>
     <span class='ocr_line' id='line_1_31' title="bbox 150 3959 1682 4082; baseline -0.002 -32"><span class='ocrx_word' id='word_1_285' title='bbox 150 4064 152 4071; x_wconf 23' lang='lat'><strong>¹</strong></span> <span class='ocrx_word' id='word_1_286' title='bbox 230 3971 273 4050; x_wconf 92' lang='lat' dir='ltr'>in</span> <span class='ocrx_word' id='word_1_287' title='bbox 295 3972 497 4077; x_wconf 90' lang='lat' dir='ltr'>apertione</span> <span class='ocrx_word' id='word_1_288' title='bbox 529 3963 657 4051; x_wconf 90' lang='lat' dir='ltr'>lateris</span> <span class='ocrx_word' id='word_1_289' title='bbox 686 3968 828 4052; x_wconf 87' lang='lat' dir='ltr'>Christi</span> <span class='ocrx_word' id='word_1_290' title='bbox 853 3962 982 4048; x_wconf 89' lang='lat' dir='ltr'>lumen</span> <span class='ocrx_word' id='word_1_291' title='bbox 1012 3959 1218 4049; x_wconf 87' lang='lat' dir='ltr'>oculorum</span> <span class='ocrx_word' id='word_1_292' title='bbox 1241 3961 1448 4077; x_wconf 88' lang='lat' dir='ltr'>recepisse,</span> <span class='ocrx_word' id='word_1_293' title='bbox 1477 3961 1682 4082; x_wconf 85' lang='lat' dir='ltr'>subjungit:</span> 
     </span>
    </p>
   </div>
   <div class='ocr_carea' id='block_1_9' title="bbox 232 4068 1682 4282">
    <p class='ocr_par' dir='ltr' id='par_1_9' title="bbox 232 4068 1682 4282">
     <span class='ocr_line' id='line_1_32' title="bbox 232 4068 1682 4208; baseline -0.006 -35"><span class='ocrx_word' id='word_1_294' title='bbox 232 4080 301 4173; x_wconf 85' lang='lat' dir='ltr'>An</span> <span class='ocrx_word' id='word_1_295' title='bbox 332 4078 548 4174; x_wconf 80' lang='lat' dir='ltr'>verosimile</span> <span class='ocrx_word' id='word_1_296' title='bbox 575 4078 633 4184; x_wconf 89' lang='lat' dir='ltr'>fit,</span> <span class='ocrx_word' id='word_1_297' title='bbox 664 4083 887 4195; x_wconf 84' lang='lat' dir='ltr'>Longinum</span> <span class='ocrx_word' id='word_1_298' title='bbox 917 4104 1070 4167; x_wconf 88' lang='lat' dir='ltr'>eoecum</span> <span class='ocrx_word' id='word_1_299' title='bbox 1095 4068 1268 4167; x_wconf 84' lang='lat' dir='ltr'>militasse</span> <span class='ocrx_word' id='word_1_300' title='bbox 1293 4080 1587 4208; x_wconf 66' lang='lat' dir='ltr'>dadeshnatum</span> <span class='ocrx_word' id='word_1_301' title='bbox 1611 4075 1682 4165; x_wconf 87' lang='lat' dir='ltr'>vul·</span> 
     </span>
     <span class='ocr_line' id='line_1_33' title="bbox 1621 4221 1682 4282; baseline 0.033 -2"><span class='ocrx_word' id='word_1_302' title='bbox 1621 4221 1682 4282; x_wconf 85' lang='lat' dir='ltr'>mu</span> 
     </span>
    </p>
   </div>
   <div class='ocr_carea' id='block_1_10' title="bbox 0 0 1910 4994">
    <p class='ocr_par' dir='ltr' id='par_1_10' title="bbox 0 0 1910 4994">
     <span class='ocr_line' id='line_1_34' title="bbox 0 0 1910 4994; baseline 0 0"><span class='ocrx_word' id='word_1_303' title='bbox 0 0 1910 4994; x_wconf 95' lang='lat' dir='ltr'> </span> 
     </span>
    </p>
   </div>
  </div>
 </body>
</html>
