3796 4994
683 224 1265 336 PRAEFATIO.

105 416 111 429 ¹
245 484 346 595 que
368 450 417 554 in
443 443 670 551 ordinem
702 438 1023 546 summarium
1059 438 1263 589 digestas
1287 437 1351 545 fic
1375 438 1611 586 disposui,
1647 483 1699 555 ut

225 591 328 699 -vel
362 631 417 697 er
439 586 722 695 Authorum
750 582 984 690 consensu
1017 585 1266 705 unanimi,
1304 583 1379 691 vel
1416 591 1702 729 exptaestan-

250 755 441 861 tiorum
457 749 687 859 sententia
700 743 996 854 haberentur
1006 754 1239 853 Canones
1253 749 1552 873 constantes,
1572 790 1701 898 quos

251 920 386 1071 sequi
401 954 587 1038 tutum,
624 909 891 1060 transgredi
910 912 1045 1019 nefas
1072 911 1215 1019 soret.

397 1128 442 1212 a.
483 1101 550 1198 Ex
582 1085 817 1198 omnium
834 1080 1117 1192 Authotum
1142 1079 1706 1231 regulisinnucleohaec

249 1261 462 1371 demum
515 1253 695 1359 Lector
732 1239 1000 1351 benevolus
1057 1238 1288 1392 colligere
1339 1248 1518 1388 poterit
1550 1245 1706 1354 docu-

246 1451 430 1535 menta

188 1650 193 1661 ¹
247 1660 288 1775 Ἰ.
326 1658 578 1801 Plerasqur
625 1643 943 1756 revelationes
973 1643 1210 1791 privatas,
1244 1648 1294 1754 in
1331 1647 1602 1794 particulari
1630 1692 1706 1760 ac-

323 1846 511 1974 cept‘as‚
546 1823 749 1929 incertas
784 1815 887 1924 esse.

252 2014 312 2118 ll.
348 1999 508 2110 Etiam
544 1992 594 2098 in
626 1986 837 2132 personis
855 1983 1044 2119 ,sanetis
1082 2020 1448 2133 nonnunquam
1482 2028 1604 2100 cum
1632 2036 1708 2109 ac.

325 2162 476 2310 ceptis
507 2149 537 2265 i
566 2160 708 2261 DEO
735 2147 1005 2255 luminibus
1026 2145 1212 2256 misceri
1234 2151 1542 2294 operationes
1557 2157 1709 2301 phan.

324 2330 481 2451 rasae,
519 2354 603 2431 aut
619 2316 862 2426 illusiones
882 2314 1132 2422 doemonis
1150 2397 1164 2438 ,
1181 2354 1286 2423 non
1315 2319 1475 2444 aliter,
1512 2362 1569 2432 ac
1589 2369 1708 2440 cum

325 2481 720 2640 inspirationibus
743 2481 915 2590 divinis
947 2476 1164 2585 humana
1187 2480 1440 2590 ratiocinia
1469 2519 1554 2594 aut
1589 2529 1708 2600 con.

325 2655 481 2767 trariae
504 2646 833 2790 inspirationes
850 2643 1104 2751 doemonis
1122 2646 1357 2793 conjungi
1379 2644 1545 2755 solent.

260 2894 341 2998 Ill.
392 2880 525 2987 Hinc
559 2908 724 3020 neque
755 2910 813 2978 cx
843 2870 1089 2976 sanetitatc
1123 2868 1476 3010 personarum,
1534 2908 1618 2981 aut
1653 2917 1709 2984 er

329 3051 471 3160 dotto
492 3040 850 3155 revelationum
884 3039 974 3148 illis
988 3041 1201 3183 personis
1221 3037 1406 3146 collato
1429 3042 1590 3149 inserti
1605 3051 1711 3187 pos-

330 3216 377 3324 se
413 3210 647 3349 omnium
678 3206 871 3351 prorsus
909 3244 965 3313 ac
1003 3203 1303 3354 singularum
1332 3204 1709 3333 revelationum,

331 3417 441 3527 quar
480 3368 731 3516 ejusmodi
762 3368 974 3515 personis
1001 3369 1170 3476 sanctis
1196 3366 1555 3494 adscribuntur,
1593 3376 1715 3480 veti--

333 3573 538 3658 tatem3
608 3565 772 3672 neque
818 3524 1022 3636 vicissim
1056 3566 1114 3632 ex
1150 3524 1479 3632 demonstrata
1518 3527 1711 3676 aliquot

334 3701 509 3812 talium
532 3687 899 3836 particularium
914 3687 1270 3843 revelationum
1293 3682 1491 3794 salsitate
1505 3685 1712 3835 deroga-

333 3867 372 3976 ri
410 3856 603 3967 illarum
638 3856 957 3993 personarum
993 3849 1268 3974 sanetum,
1331 3844 1492 3955 srhaec
1517 3846 1712 3954 aliunde

334 4059 465 4140 certa
501 4056 559 4128 ac
593 4048 849 4161 comperta
883 4010 951 4122 fit
1101 4080 1109 4093 ›
1459 4158 1627 4297 [νᾳ

261 4186 269 4201 ’
1526 4235 1537 4258 .
1598 4190 1715 4261 uan-
