3796 4994
90 240 97 264 Ι
186 344 244 442 15
259 347 293 414 a·
631 312 806 453 Regula
825 346 882 414 ex
903 310 954 418 P.
974 261 1176 453 Calidio.

178 529 239 608 rio
262 520 363 604 Xlll.
390 520 722 608 commendatam:
772 527 855 620 Eo,
886 527 1037 638 inquit,
1073 524 1154 605 hae'c
1177 513 1352 635 religiosa
1382 513 1548 606 foemina
1575 514 1641 607 sua

182 632 338 722 consilia
365 634 580 833 ditigepp
611 639 704 723 urh
734 642 786 723 ad
818 644 965 724 exitum
997 640 1251 750 perduceret,
1277 635 1359 720 sieri
1389 664 1472 720 non
1495 633 1639 748 posset,

183 757 280 866 quin
304 746 482 861 Hispania
551 755 818 863 perturbarets
853 755 959 841 Cum
979 759 1081 837 enim
1105 749 1190 836 satis
1213 754 1516 839 authoritatis&
1545 749 1641 837 fidei

182 861 355 952 simulata
379 864 573 951 sanctitate
594 867 663 954 sibi
690 866 968 980 comparillet,
996 862 1257 966 moliebatur,
1288 865 1509 963 Lufitanum
1537 870 1640 980 Reg-

182 1009 293 1079 num,
312 979 426 1094 quod
445 987 484 1063 in
508 977 677 1096 Philippi
696 978 851 1069 secundi
879 985 1109 1096 potestatem
1127 983 1351 1078 devenerat,
1376 986 1415 1066 in
1438 984 1639 1094 pristinum

35 1208 39 1213 Ι
182 1100 319 1182 statum
346 1122 544 1183 revocate.

299 1249 363 1336 nd
391 1252 494 1335 hanc
529 1248 699 1337 castaldi
728 1247 916 1366 Regulam
951 1254 1141 1362 pertinet,
1173 1252 1290 1364 quod
1317 1244 1458 1363 legitur
1483 1256 1525 1335 in
1547 1258 1641 1342 Vita

188 1364 237 1455 P.
256 1362 455 1453 *ludovici
484 1361 530 1452 de
557 1368 794 1489 Pontemffli
820 1394 912 1452 erat<
927 1368 1111 1453 Direcior
1130 1370 1260 1473 Mariae
1284 1366 1336 1450 de
1361 1362 1540 1465 Escobar,
1565 1373 1641 1458 Re-

184 1479 446 1569 velationibus
476 1477 595 1566 tlarae.
648 1480 753 1593 ‚ciffi
777 1487 879 1567 enim
901 1485 983 1566 haec
1001 1480 1098 1593 saepe
1116 1482 1232 1564 abeo
1251 1507 1418 1592 peteret,
1442 1508 1485 1564 ut
1509 1478 1643 1597 aliqua

184 1602 381 1683 intimaret
408 1601 507 1709 Regi
531 1601 684 1687 ratione
703 1592 932 1697 aulicorum,
956 1598 1007 1680 eh
1032 1597 1147 1710 qu6d
1169 1594 1341 1692 diceres,
1365 1595 1435 1681 sibi
1455 1596 1642 1712 angelum
1662 1596 1665 1600 ⁸

43 1710 46 1714 Δ
185 1709 276 1799 tilia
303 1737 548 1811 ,monentem
591 1704 836 1826 apparuisse,
869 1737 1070 1826 nunquam
1111 1709 1300 1808 credidit,
1340 1717 1517 1823 quamvis
1547 1711 1642 1802 aliia

185 1852 367 1940 magnam
393 1822 465 1910 suae
493 1830 579 1911 vitae
601 1853 749 1940 partein
768 1832 809 1913 iu
833 1822 1118 1912 conscribendis
1142 1833 1223 1931 eius
1243 1833 1316 1938 piae
1331 1823 1504 1913 soeminae
1529 1858 1642 1918 teve·

111 2008 116 2020 ,
145 1937 160 1979 ”
181 1939 394 2041 sationibus
414 1926 664 2056 insumpserit.
763 2012 768 2029 .

294 2107 465 2236 Regula
516 2134 594 2231 ις.
670 2098 1125 2220 Examinandum‚
1178 2134 1243 2208 an
1284 2099 1643 2226 revelationes,

84 2255 92 2267 '
186 2275 302 2383 quoe
345 2241 688 2380 adscribuntur
721 2245 931 2367 Sanctis,
968 2279 1099 2353 verae
1135 2247 1244 2369 sint,
1280 2241 1333 2367 &
1366 2267 1546 2354 utrum
1575 2253 1641 2358 ab

183 2388 410 2524 ipsismet
442 2386 632 2494 Sanilis
675 2385 994 2496 affirmentur
1029 2386 1121 2494 else
1147 2389 1178 2496 ὲ
1206 2383 1369 2494 DEO.
1441 2388 1542 2497 ibid.
1579 2414 1643 2498 sic

165 2535 222 2621 ,in
242 2533 401 2642 antiqua
426 2531 464 2614 S.
495 2527 676 2616 Francisci
709 2532 869 2618 Ordinis
899 2535 1066 2618 Historia
1094 2536 1196 2646 typis
1229 2525 1640 2630 excusareserebatur,

183 2645 359 2729 auditum
382 2641 456 2728 elle
475 2673 523 2729 ex
545 2673 616 2730 ore
637 2647 672 2730 S.
699 2646 896 2746 Francisci‚
925 2650 1101 2762 Regnum
1127 2644 1324 2732 Lusitaniae
1353 2637 1529 2731 Castello
1555 2644 1642 2728 Co·

182 2788 292 2845 ronae
317 2762 356 2841 δι
383 2762 552 2873 Imperio
581 2788 784 2875 nunquam
818 2762 1105 2875 conjugendam
1127 2759 1228 2845 sote.
1298 2768 1397 2874 Quae
1418 2761 1640 2869 prophm'a,

152 2884 155 2888 ’
183 2872 254 2959 ubi
274 2898 436 2975 eventus
465 2901 551 2959 eam
580 2873 713 2959 salsam
734 2873 809 2960 else
831 2878 1117 2973 demonstravit,
1148 2879 1281 2990 coigit
1299 2872 1408 2958 illum
1433 2875 1642 2976 Ordinem,

184 3013 229 3089 tit
264 2988 316 3073 de
353 3015 464 3074 novo
497 2984 604 3076 illam
636 2993 831 3078 historiam
865 2993 1023 3091 ederet,
1059 2989 1211 3106 absque
1248 2986 1499 3077 revelationis
1541 2984 1645 3074 illius

180 3127 399 3193 mentione.

145 3272 146 3283 ‘
290 3266 460 3398 Regula
481 3261 579 3368 26.
649 3258 819 3369 Etiam
867 3261 897 3367 {a
945 3257 1338 3368 revelationibus
1377 3260 1442 3365 ab
1479 3256 1643 3367 Eccle-

2 3389 4 3396 ’
51 3517 56 3527 ,
183 3406 251 3510 sia
285 3402 584 3542 approbatis
621 3403 736 3513 licet
770 3405 997 3513 recedere
1034 3438 1158 3510 cuin
1202 3401 1550 3509 fundamento
1588 3395 1643 3511 δὲ

182 3557 393 3653 ratione.
465 3571 566 3655 ibid.
592 3568 678 3655 Aru
699 3597 743 3670 i.
774 3574 972 3658 Controv.
1004 3593 1041 3668 s.
1065 3573 1145 3655 ait:
1197 3564 1397 3682 Philippus
1427 3572 1641 3657 Moriiaeus

182 3683 382 3802 progressu
419 3688 485 3788 5'9.
509 3690 581 3770 ait:
621 3689 837 3799 Gregorius
865 3689 929 3770 xi.
966 3684 1225 3770 moribundus
1252 3712 1358 3770 anno
1393 3713 1517 3790 ¹370·
1541 3688 1641 3773 Car·

180 3803 373 3887 dinalibus
392 3795 592 3886 consilium
618 3801 759 3899 dedit,
783 3829 834 3887 ne
854 3796 1157 3885 revelationibus
1185 3796 1348 3913 amplius
1374 3802 1571 3913 praebeant
1594 3798 1638 3884 fi-

179 3917 297 4023 dem3
325 3915 651 4031 quandoquidem
672 3915 696 4000 i
720 3920 879 4030 Brigitta
905 3922 941 3998 δι
968 3916 1180 4001 Catharina
1207 3919 1392 4027 deceptus
1415 3943 1494 4001 tarn
1514 3913 1639 4003 infau-

179 4034 240 4117 sto
264 4039 398 4117 omine
420 4037 493 4116 iter
512 4027 758 4140 asumpserit.
819 4035 875 4115 Ex
901 4030 1011 4115 dietis
1036 4054 1166 4143 patet,
1186 4028 1314 4142 plures
1340 4025 1416 4116 esse
1440 4059 1552 4115 veras
1579 4057 1638 4115 te·

179 4143 396 4274 gelationes
417 4147 466 4233 ab
493 4141 660 4231 Ecclesia
676 4146 912 4260 approbatas
937 4173 1024 4261 quae
1048 4170 1180 4231 tamen
1208 4143 1444 4260 apptobatio
1474 4173 1556 4265 nori
1585 4144 1640 4230 sa·

1590 4285 1641 4348 cit
