3796 4994
609 227 919 328 Revauriones
953 231 998 324 S.
1038 223 1284 326 Gerrrudir.
1584 254 1672 358 r51

227 435 427 551 affimilarr',
458 427 671 545 assimilatio
699 456 838 539 autern¹
851 434 988 543 recipit
1020 427 1407 544 disparitatem,'quia
1432 435 1560 519 ornarit
1577 432 1681 523 fimi·

223 553 351 665 litudo
370 546 573 644 claudicat,
602 574 676 631 nec
702 541 1086 671 aliaest-adaquata.
1606 626 1609 631 .
1775 566 1783 582 ’

342 735 388 814 x.
457 699 503 805 8.
542 698 816 825 Gertrudes
852 699 906 807 L.
946 742 992 831 4.
1024 697 1093 805 'C.
1132 736 1204 804 ιι.
1243 704 1513 840 cognouit,
1532 701 1677 842 quod

223 856 631 984 quotiescunque
703 841 950 947 salutatio
1022 841 1258 980 Angelica
1335 840 1511 948 scilicet
1569 840 1677 950 Ανέ

218 987 385 1093 Maria
421 1014 542 1089 cum
573 982 855 1090 devotione
887 992 1123 1121 recitatur
1160 982 1190 1087 ὲ
1224 980 1452 1088 fidelibus
1487 984 1541 1101 in
1575 1009 1673 1089 ter·

218 1120 332 1249 τῆς.
369 1150 670 1232 renovatur·
698 1124 1100 1269 omnebonum
1153 1133 1207 1230 in
1262 1126 1489 1267 fingulis,
1529 1122 1676 1267 quod

221 1270 456 1408 uriqua‘m
492 1302 584 1406 per
617 1270 1026 1375 Incarnationeni
1062 1264 1397 1405 sunt'adepti.
1490 1270 1559 1379 Ad
1594 1295 1676 1394 hoc,

219 1405 444 1523 responderi
458 1411 600 1519 potest,
624 1435 709 1494 earn
728 1413 1025 1521 innovationem
1044 1406 1193 1511 raotdrn
1211 1404 1297 1495 fieri
1314 1411 1356 1493 in
1381 1404 1588 1524 conspeoiu
1607 1407 1674 1495 seu

219 1530 408 1609 memoria
437 1525 528 1609 Dei
574 1636 577 1643 Ι
1273 1586 1278 1593 ·
1649 1535 1650 1539 '

336 1699 408 1784 xl.
473 1670 522 1778 8.
560 1668 832 1776 Gertrudes
868 1669 925 1775 L.
958 1709 1004 1800 4
1042 1666 1103 1774 C.
1138 1704 1224 1808 49.
1256 1680 1361 1777 ait:
1412 1672 1532 1780 Post
1550 1675 1673 1786 'haec

220 1814 367 1922 Deus
407 1811 554 1918 Pater
604 1812 870 1949 specialiori
919 1810 1087 1914 laude·
1110 1811 1164 1915 Β.
1202 1814 1467 1951 'Virginem
1514 1823 1672 1926 extol·

218 1958 317 2063 lere
353 1954 653 2074 delectatus,
688 1957 867 2059 sonore
912 1950 1218 2060 decantabat
1261 1947 1670 2094 Responlorium.

219 2100 328 2205 Ave
364 2100 591 2233 speciosa.
699 2095 799 2201 Cui
834 2094 982 2200 Filius
1028 2096 1320 2225 subjunxitt
1391 2094 1685 2214 Sunamit'is'

219 2238 499 2347 secundum
551 2269 641 2343 cor
682 2242 878 2341 esummi
938 2237 1103 2377 Regis.
1244 2238 1311 2344 Et
1358 2240 1571 2381 Spiritus
1619 2246 1671 2357 8.

221 2382 447 2487 addidit:
519 2383 627 2484 Ave
667 2378 837 2484 Mater
871 2378 1049 2483 Maria
1138 2379 1259 2485 ·Cui
1297 2381 1444 2488 Filius
1477 2395 1676 2537 iterum,

222 2523 457 2634 addiditt
527 2521 716 2661 Spiritu
777 2519 961 2625 Sanno
1027 2521 1176 2626 teste·
1283 2520 1437 2631 Tunc
1494 2534 1689 2645 omniss

221 2662 409 2770 Coetus
456 2659 763 2769 Sanclorum
809 2661 1038 2768 addiditt
1108 2658 1193 2767 Tu
1246 2663 1375 2769 olim
1431 2696 1532 2779 Ma.
1583 2697 1670 2789 Sor.

219 2831 362 2944 AEgp.
477 2804 617 2910 Hinc
665 2802 989 2944 Angelorum.
1015 2799 1222 2913 Chorus
1258 2804 1539 2919 subintulit,
1583 2830 1674 2922 Tu·

217 2939 322 3031 ibeo.
349 2942 531 3141 θεμένα
559 2947 686 3057 Apor.
773 2945 885 3047 Quid
912 2943 1012 3027 illud
1039 2950 1117 3028 Ma
1148 2948 1236 3030 Sor.
1261 2946 1427 3061 Egyp?
1483 2951 1564 3035 Sed
1586 2928 1698 3034 for-⁸
1796 3026 1800 3031 .

218 3085 261 3145 te
285 3084 391 3143 etant
420 3068 539 3142 itterae
559 3053 722 3143 initiales
739 3056 979 3170 Responlorii
1002 3085 1057 3143 eo
1081 3083 1263 3170 ternpore
1296 3061 1487 3148 notiffinri.
1560 3067 1668 3162 Duru

215 3198 351 3259 autem
376 3175 513 3256 dicitur
535 3175 646 3257 Deus
666 3175 845 3270 cunrade,
867 3174 949 3258 haec
967 3173 1073 3257 forte
1100 3169 1263 3289 intelligi
1291 3179 1448 3290 poliunt
1474 3177 1526 3264 de
1556 3204 1666 3265 corn-

213 3282 406 3401 placentia
427 3286 682 3397 approbante.

331 3460 416 3545 κη.
479 3431 536 3539 ι.
569 3476 616 3566 4.
641 3433 704 3540 o.
732 3473 810 3566 μ.
883 3431 930 3539 s.
964 3431 1203 3543 oenrun
1238 3456 1476 3584 apparuit
1500 3446 1546 3553 s,
1571 3404 1720 3564 Au.)
1780 3374 1784 3383 ⁵

213 3574 440 3713 gustinus
482 3585 535 3680 in
576 3574 733 3716 gloria
777 3576 919 3705 juxta
962 3575 1008 3679 S.
1061 3579 1408 3709 Bernardum,
1444 3622 1676 3729 compar·

214 3724 464 3818 nimirum
504 3720 593 3853 ipir
633 3727 685 3822 in
723 3720 908 3822 coelesti
943 3714 1113 3856 gloria.
1218 3750 1300 3834 Sed
1322 3746 1451 3862 potest
1479 3755 1570 3850 dici,
1593 3782 1667 3867 per
1738 3780 1742 3795 ’

215 3858 297 3940 lroc
320 3881 469 3951 tantum
495 3861 605 3942 innui
640 3855 936 3944 snnilitudinem.

1371 4034 1378 4041 ⁸
1461 4078 1557 4208 rur.
1604 4047 1664 4152 ln
1727 4186 1731 4193 ι
