3796 4994
625 253 930 350 Revelrriorres
964 253 1012 351 S.
1042 249 1288 349 Gertrudr's.
1563 266 1653 372 131
1789 305 1812 359 ³,

212 487 303 546 nos
357 451 441 544 nd·
457 464 496 538 6.
512 459 643 540 omnia
662 467 795 568 ¹opera
816 452 987 539 fidelium
1017 451 1123 566 polle
1153 409 1433 565 generaliter&
1458 447 1664 563 specialiter

217 576 382 708 inveniri
411 575 452 653 in
481 566 562 654 aliis
584 566 825 685 applicatum
847 570 913 655 led
932 577 1037 679 juxta
1058 594 1270 682 congruam
1296 564 1582 678 dispofitionem
1606 595 1664 664 re·

217 712 406 799 optentis.

357 877 436 984 LI.
512 873 708 981 Modus
744 866 924 1014 agendi
959 869 1012 979 δι
1045 870 1288 1011 loquendi
1334 899 1547 978 mutuus
1583 882 1659 978 in·

214 1039 291 1122 ter
345 1019 393 1125 S.
448 1015 797 1134 Gertrudem‚
872 1015 925 1119 δι
983 1012 1242 1120 Christum
1311 1040 1372 1119 ut
1436 1014 1664 1132 videtur,

215 1189 326 1262 non
358 1158 502 1263 decet
527 1157 836 1283 majestatem
865 1156 982 1270 Dei,
1016 1153 1401 1260 &modestiam
1433 1186 1661 1260 morum.

218 1303 325 1404 Quia
348 1296 440 1385 licet
468 1305 574 1383 Deus
596 1290 716 1378 soleat
736 1293 773 1378 le
808 1295 1069 1380 accomodare
1091 1294 1261 1380 motibus
1287 1291 1382 1380 sanis
1407 1299 1665 1380 humanorum

217 1405 440 1508 affectuum,
463 1437 663 1524 nunquam
689 1434 846 1506 tamen,
870 1409 964 1491 dum
985 1406 1271 1493 conversaretur
1292 1418 1331 1493 in
1352 1415 1473 1505 terris,
1501 1406 1597 1491 alios
1620 1435 1664 1490 o·
1691 1466 1693 1471 -

217 1525 370 1620 stendit,
395 1525 516 1637 quim
545 1520 660 1608 valde
687 1522 945 1633 compositori
982 1549 1056 1607 nec
1093 1521 1310 1607 verosimile
1340 1526 1418 1618 est,
1452 1550 1540 1607 eum
1562 1546 1667 1605 nunc

219 1637 316 1720 alios
333 1634 428 1722 tales
454 1633 650 1735 allomere,
673 1640 713 1717 δι
771 1664 816 1719 ιο
846 1629 946 1717 alate
971 1637 1137 1719 mundo.
1206 1641 1288 1735 Sit,
1310 1630 1425 1748 quod
1443 1640 1481 1719 S.
1504 1639 1665 1721 Gertru-

220 1748 292 1833 des
316 1754 357 1835 &
388 1755 532 1864 quaevis
560 1743 634 1832 alia
658 1663 784 1833 iimills
812 1666 936 1834 llnoia
962 1753 1102 1847 anima,
1129 1753 1204 1853 jam
1233 1775 1347 1834 exuta
1375 1749 1556 1832 omnibus
1578 1775 1664 1831 mo·

221 1862 326 1948 tibus
352 1863 567 1976 depravatae
593 1885 747 1958 naturae,
773 1862 884 1971 possut
908 1865 964 1945 uti
992 1868 1102 1944 variis
1133 1861 1318 1946 amorofis
1351 1860 1665 1972 exprellmnibus,

223 1979 262 2058 δι
294 1973 485 2070 formulis,
507 1999 736 2059 nontamen
763 1975 890 2070 decet,
914 2000 956 2057 ut
982 1977 1164 2059 Christus‘
1177 1970 1336 2087 ipsemet
1359 1971 1495 2060 similes
1520 1973 1666 2058 formas

221 2087 384 2175 induatr
411 2085 557 2191 sufficit,
585 2088 699 2201 quod
722 2085 857 2171 similes
888 2086 1143 2196 exprelliones
1169 2087 1422 2173 obtenerum
1441 2083 1664 2174 amoris-af·
1710 2154 1716 2163 .

221 2198 369 2284 fectum
396 2197 562 2286 libenter
590 2196 746 2297 toleret,
775 2207 813 2284 &
841 2230 923 2285 non
950 2199 1139 2297 irascatur,
1166 2200 1193 2286 fi
1221 2208 1285 2313 pia
1311 2208 1437 2311 anima¹
1463 2201 1531 2312 ipfi
1554 2200 1666 2285 Chri·

225 2314 285 2397 sto
303 2317 343 2396 in
363 2310 426 2399 sua
442 2313 635 2426 phantasia
658 2311 752 2397 tales
772 2315 1032 2398 exorbitantes
1055 2310 1240 2399 formulas
1262 2320 1404 2400 amoris
1427 2312 1593 2427 affingat,
1624 2318 1664 2399 δι

223 2429 266 2510 in
301 2429 458 2510 Christo
494 2454 626 2511 revera
661 2428 742 2511 dari
767 2431 963 2510 existimet.
1037 2430 1171 2540 ltaque
1197 2455 1332 2512 omnes
1358 2430 1578 2526 huiusmodi
1601 2455 1669 2511 ex-

223 2538 433 2654 preisrones
459 2569 545 2651 quae
570 2569 655 2623 non
693 2543 833 2624 decent
862 2542 1056 2623 Christum
1084 2549 1306 2639 viatorem,
1343 2544 1436 2625 dum
1464 2539 1669 2626 versaretur

225 2651 428 2738 nobiscum
448 2656 489 2735 in
509 2659 629 2749 terris,
657 2681 731 2736 nec
755 2656 895 2737 decent
914 2646 1020 2736 illum
1040 2680 1263 2766 regnantem
1281 2658 1319 2738 in
1347 2648 1474 2747 coelisr
1517 2662 1555 2738 δι
1579 2681 1667 2769 quar

225 2768 453 2853 hominibus
475 2765 558 2850 lunt
583 2761 775 2863 scandalo,
798 2766 980 2851 srfierent
1001 2770 1041 2850 in
1062 2764 1244 2880 publico,
1268 2796 1349 2853 non
1377 2767 1474 2853 fiunt
1506 2765 1668 2881 positive

227 2878 253 2966 ri
276 2884 369 2964 Deo
396 2886 435 2963 in
453 2878 626 2979 secreto,
655 2907 706 2964 eo
727 2879 834 2976 fine,
859 2905 902 2963 ut
925 2872 1167 2991 proferantur
1189 2887 1227 2966 in
1263 2878 1483 2994 publicums
1529 2880 1595 2967 sed
1619 2876 1670 2965 ad

224 2990 415 3079 summum
437 3019 620 3109 tanquam
644 2995 799 3077 humani
822 3000 983 3077 comites
1010 2997 1151 3078 amoris
1168 3002 1292 3080 teneri
1312 3001 1350 3080 in
1373 2994 1565 3109 phantasia
1588 2997 1669 3079 ani·

225 3134 299 3190 mae
321 3115 392 3217 piae
416 3102 638 3191 tolerantur.
721 3107 829 3189 ldem
851 3107 1058 3192 dicendum
1080 3108 1131 3192 de
1162 3110 1394 3222 quibusdam
1419 3107 1608 3192 exceffivis
1624 3133 1687 3191 ac·

227 3215 496 3332 frequentibus
518 3216 711 3317 laudibus,
734 3247 820 3332 quae
837 3221 1007 3330 praebent
1026 3218 1169 3306 fortem
1192 3226 1444 3306 tentationem
1468 3223 1671 3325 admotus
1755 3260 1758 3269 ¹

227 3359 336 3417 vanae
354 3330 485 3446 gloriar
505 3356 569 3416 aut
587 3330 889 3442 complacentiae,
914 3333 981 3417 nist
998 3334 1091 3418 fiant
1119 3333 1226 3418 caula
1242 3332 1463 3421 necellrtatis
1481 3337 1532 3418 ad
1550 3331 1672 3431 solan-

228 3445 326 3530 dum
346 3445 545 3542 afflictum,
566 3472 633 3528 aut
653 3441 760 3528 causa
781 3442 951 3530 utilitatis
967 3444 1131 3560 publicar
1149 3472 1214 3534 aur
1234 3455 1403 3564 privatae.
1460 3451 1675 3538 Videamus

226 3584 333 3649 nunc
352 3555 500 3671 aliquas
522 3555 653 3643 talium
675 3557 952 3673 exprellionum
972 3559 1168 3647 formulas.

348 3742 377 3824 1.
430 3742 473 3825 l„
510 3768 541 3822 ι.
570 3748 616 3823 c.
648 3772 710 3825 ro.
769 3744 944 3829 Christus
970 3747 1139 3857 praecipit
1167 3740 1280 3829 alicui
1314 3742 1487 3845 moniali,
1508 3771 1551 3832 ut
1574 3772 1675 3832 nun-
1766 3776 1777 3817 ι

228 3859 344 3940 tiaret
363 3853 548 3937 Gemudi
567 3856 649 3939 hac
666 3852 747 3941 sola
769 3856 912 3948 verba:
940 3852 1113 3946 Pulchra
1126 3856 1355 3962 &umores
1371 3886 1458 3973 quae
1475 3861 1677 3974 defigmnt

224 3966 347 4082 ipsam
366 3965 613 4054 cernuum
1400 4010 1403 4015 ·
1654 4016 1660 4030 ·

999 4016 1143 4174 Ra·¹
1490 4087 1672 4174 11.l„1;
