3796 4994
163 1710 172 1718 ο

217 325 314 415 128
601 302 907 405 Revelationet
931 306 982 404 S.
1021 305 1258 403 Gertmdis.

106 520 113 531 “
216 503 367 620 supetat
386 500 485 593 aliar
500 507 726 594 Sannorum
755 513 949 616 orationes
976 509 1115 592 eadem
1144 507 1421 593 intentione&
1446 498 1657 590 affectione

213 619 323 706 ful'at.
409 622 488 705 Sed
515 626 642 734 potest
668 621 910 733 responderi,
950 649 1041 706 eum
1088 617 1259 706 valorem
1303 623 1452 704 tannim
1501 615 1658 729 respon·

216 733 310 819 disse
329 739 496 820 orationi
517 760 560 818 ut
578 740 690 820 unitae
711 763 799 820 cum
820 740 1001 824 amnone
1021 737 1176 838 Christi,
1198 761 1284 848 quae
1310 737 1447 849 utique
1468 734 1522 817 eil
1549 725 1659 817 valo·

209 850 267 932 'ris
283 846 422 932 infiniti
439 855 480 932 in
500 857 585 934 astu
608 857 758 964 ptimot

326 1033 465 1115 XVllL
523 1031 568 1114 1„
599 1058 635 1132 ς.
661 1035 709 1115 c.
740 1058 805 1128 19·
857 1030 898 1114 S.
924 1028 1140 1115 Gettntder
1165 1055 1240 1140 pro
1258 1028 1382 1112 anima
1409 1025 1583 1145 desunbii
1612 1051 1658 1106 o·

211 1167 301 1228 rant
324 1150 402 1226 aitt
447 1146 513 1228 Eia
546 1146 722 1228 Domine
741 1147 821 1240 mi,
846 1137 1016 1228 vellesne
1042 1140 1151 1226 causa
1175 1147 1252 1226 mei
1278 1151 1410 1226 animat
1426 1137 1482 1223 illi
1507 1143 1659 1222 mileto·

216 1253 281 1342 ti?
310 1259 370 1339 cui
393 1259 607 1340 Dominus:
638 1259 735 1341 Non
754 1252 879 1340 soltlm
897 1259 1032 1341 animat
1051 1253 1120 1351 illi,
1138 1254 1205 1339 sed
1223 1260 1337 1339 etiam
1360 1250 1465 1337 mille
1490 1247 1659 1335 millibus

216 1370 418 1455 animabus
440 1365 536 1451 volo
560 1395 695 1479 amore
716 1375 773 1454 tui
793 1364 969 1458 misereri
1026 1374 1099 1454 iste
1122 1372 1263 1452 modus
1286 1364 1323 1452 se
1345 1363 1447 1450 ultro
1468 1361 1659 1449 offerendi

216 1509 292 1595 pto
320 1482 517 1566 animabus
548 1509 630 1566 non
654 1486 836 1567 convenit
867 1483 1004 1566 divinis
1031 1483 1228 1578 moribus,
1254 1479 1347 1566 altis
1376 1488 1489 1564 etiam
1522 1470 1658 1561 DEUS

218 1591 408 1679 debuisset
430 1593 467 1680 se
482 1593 610 1708 saepius
636 1591 778 1681 offerre
801 1601 927 1681 oranti
947 1598 1103 1680 Christo
1126 1597 1207 1708 qui
1234 1598 1404 1692 bomini,
1433 1599 1472 1676 B.
1499 1593 1658 1702 Virgini,

219 1713 261 1791 δι
283 1711 362 1793 aliis
379 1714 537 1825 Sanelis.
604 1710 776 1821 Sysiema
793 1710 990 1794 modemae
1006 1704 1334 1820 providentiae'fic
1351 1710 1571 1792 instructum
1595 1705 1659 1799 est,

220 1838 266 1904 ut
294 1817 428 1906 serviat
457 1822 507 1907 ad
538 1820 829 1907 manifestandas
858 1821 1006 1908 divinas
1042 1820 1300 1934 persesiiones
1335 1847 1446 1933 atqua
1486 1824 1659 1902 omnium

215 1932 502 2050 perfectionum
525 1941 903 2046 contemperationet
924 1937 1118 2048 adeoque
1138 1962 1210 2019 nec
1230 1942 1308 2049 agit
1326 1931 1427 2019 solus
1454 1959 1577 2027 amor,
1592 1954 1663 2013 nec

158 2120 168 2156 ,-
219 2046 494 2144 misericordia,
514 2051 751 2155 necjusiitia,
776 2055 814 2134 in
843 2072 1029 2160 quantum
1059 2053 1304 2160 propendent
1338 2054 1376 2131 bt
1411 2052 1452 2130 in
1477 2068 1662 2240 tpuantum

220 2160 399 2275 poliunt,
421 2160 487 2243 sed
509 2171 755 2275 inquantum
789 2167 1064 2274 exigiteatum
1092 2160 1371 2274 perfeciionum
1395 2165 1495 2272 aequi
1511 2158 1663 2259 ibtium,

223 2277 264 2356 a
291 2298 634 2382 temperamentum
650 2279 749 2357 inter
771 2272 809 2358 se
831 2282 1007 2359 invicem.
1072 2276 1153 2359 Sed
1174 2272 1395 2386 responderi
1415 2276 1558 2384 potest,
1579 2299 1664 2358 eam

222 2385 523 2500 propenfionem
543 2385 651 2471 fuisse
670 2412 817 2472 tantum
841 2393 879 2470 itt
897 2397 982 2472 auu
1004 2392 1153 2499 ptimot
1182 2388 1275 2472 sicut
1298 2382 1475 2471 voluntas
1488 2391 1529 2469 in
1550 2388 1666 2470 Clui-

225 2501 285 2586 slo
304 2501 498 2587 moriendi
518 2531 593 2618 pro
624 2501 806 2590 omnibus
832 2503 1056 2587 hominibus
1086 2499 1158 2587 fuit
1177 2499 1334 2605 tautum
1357 2496 1489 2585 efficax
1510 2505 1555 2585 in
1580 2507 1666 2585 auu

224 2628 378 2728 prunor'

179 2764 186 2775 '
343 2783 444 2867 xlx.
494 2725 542 2868 l..
567 2807 601 2879 r.
631 2781 682 2868 C.
712 2808 776 2867 aa.
828 2782 869 2863 8.
891 2773 1107 2866 Gertrudes
1131 2780 1324 2895 requisivit
1353 2779 1379 2866 al
1405 2785 1587 2869 Domino
1611 2783 1668 2867 di-

228 2917 349 2981 cens:
377 2901 508 3003 Quem
532 2893 698 2978 studium
725 2890 972 3006 consequitur
999 2898 1269 3009 Congregatio
1299 2897 1424 2980 nostra
1450 2898 1503 2980 de
1524 2926 1667 3013 magno

227 3004 411 3099 Psalterio
431 3006 545 3120 quod
564 3001 684 3118 legit?
711 3007 926 3119 Respondit
948 3009 1167 3092 Dominus:
1208 3013 1264 3094 Ex
1289 3009 1524 3095 abundantia
1550 3021 1669 3125 pitta-

95 3170 99 3174 -
173 3141 176 3147 ·
229 3128 392 3214 tismeae
411 3122 514 3205 hunc
530 3118 694 3205 fructum
715 3122 802 3231 ipsts
826 3122 1091 3231 superaddam,
1107 3125 1220 3234 quod
1240 3123 1464 3236 ubicunque
1485 3130 1575 3233 post
1594 3129 1669 3210 hoc

232 3239 273 3323 in
294 3262 386 3320 toto
404 3235 556 3318 mundo
570 3233 675 3317 idem
697 3229 915 3319 psalterium
941 3230 1189 3346 persolvitur,
1213 3264 1260 3318 ex
1289 3238 1368 3318 hoc
1393 3233 1580 3349 qualibet
1610 3266 1669 3325 ea·

172 3349 176 3363 '
232 3377 321 3434 rum
345 3373 422 3435 tam
444 3348 612 3459 gratiosi
632 3349 885 3459 participabit,
905 3373 951 3431 ac
970 3348 996 3434 st
1024 3375 1097 3462 pro
1116 3345 1168 3433 sui
1192 3344 1306 3432 solius
1327 3353 1504 3441 remedio
1526 3348 1671 3466 legere·

234 3484 308 3545 tur.
393 3462 464 3546 ista
484 3462 649 3545 donatio
673 3460 856 3546 excesfiva
872 3486 915 3544 ut
936 3462 1102 3558 videtur,
1124 3488 1311 3575 repugnat
1335 3464 1478 3563 iustitia
1497 3466 1669 3561 distribu-

235 3578 340 3663 ἀντὶ
381 3565 531 3658 stenim
559 3577 676 3659 DEus
704 3577 763 3659 his
795 3570 1029 3659 monialibus
1057 3600 1203 3659 tantum
1237 3572 1388 3660 confert
1420 3573 1494 3663 suae
1522 3583 1670 3691 pietatis

235 3691 468 3799 proemium,
492 3713 559 3770 cur
574 3714 657 3770 non
678 3691 717 3771 ἃ
741 3683 823 3772 aliis
847 3691 919 3800 piis
941 3684 1142 3800 personis?
1183 3715 1231 3774 an
1258 3694 1349 3802 quia
1372 3688 1501 3776 bonus
1528 3696 1604 3789 est,
1632 3700 1668 3776 δι

192 3856 195 3862 -
235 3805 275 3886 in
290 3807 370 3908 ejus
385 3798 542 3884 arbitrio
563 3798 686 3897 situm,
707 3799 799 3886 dare
824 3805 955 3904 cuivis,
976 3802 1091 3915 quod
1114 3799 1308 3887 voluerit?
1337 3807 1428 3886 Hoc
1453 3799 1590 3891 locuto
1609 3808 1669 3891 ha·

237 3916 307 3998 bet
328 3916 368 3996 in
389 3910 636 3997 conferendis
667 3920 772 4019 juxta
797 3920 1076 4027 congruitatem
1102 3922 1327 4000 meritorum
1363 3941 1430 3999 aut
1455 3915 1668 4031 dispofitio·

224 4052 330 4138 ‚punt
347 4029 488 4142 gratiis,
510 4053 594 4114 uon
619 4030 714 4113 veto
748 4033 790 4118 in
819 4026 1066 4124 contet-endu
1092 4025 1247 4117 alterius
1269 4033 1353 4114 vitat
1370 4037 1569 4142 proemiis,
1588 4058 1667 4145 qua

543 4173 546 4179 ,
1525 4169 1665 4245 mm
