3796 4994
591 166 594 171 ’
732 184 1286 341 Pn'AEr'urr'ois'·
1631 344 1640 363 .

414 434 459 549 3'.
495 426 624 527 Eam-
645 452 864 566 narnque
879 407 1298 521 'consuetudinem
1316 404 1489 514 censeo
1507 412 1720 547 Religioni

266 594 555 733 probrosam,
598 568 741 732 saluti
776 603 1025 693 animarum
1058 600 1269 704 noxiam,
1322 617 1378 686 ac
1402 577 1595 721 penitus
1625 618 1723 721 con-¹

96 780 115 811 ⁸
151 874 154 879 Α
271 769 462 871 trariam
483 768 620 859 menti
642 759 760 885 Eccle
775 794 839 893 ra..

323 1080 327 1087 .
412 1030 461 1121 4.
510 988 752 1132 Religioni
771 995 971 1127 probroſse
995 989 1093 1110 est,
1147 990 1263 1133 quia
1296 982 1524 1102 dedecet,
1562 1016 1720 1123 popu-

272 1151 379 1259 lum
399 1151 621 1278 fidelem,
659 1153 926 1261 enutritum
959 1153 1108 1262 divini
1145 1154 1281 1265 verbi
1302 1148 1513 1299 pabulo,
1550 1147 1600 1253 in
1619 1179 1722 1252 tan-

239 1354 322 1430 ·ta
348 1320 553 1428 aliatum
592 1321 852 1429 veritatum
877 1321 1241 1432 certiffimarum
1272 1320 1570 1451 abundantia
1594 1310 1722 1462 pasci

153 1500 157 1511 '
270 1487 565 1594 incertarum
592 1484 948 1594 revelationum
974 1487 1271 1637 glandibus,
1322 1490 1373 1597 in
1403 1483 1582 1635 quibus
1607 1520 1721 1627 pro

269 1688 396 1759 num
420 1652 486 1759 est
511 1650 772 1757 immisceri
808 1650 972 1774 falsas,
1011 1646 1237 1763 absurdas
1282 1660 1336 1763 dc
1362 1648 1674 1797 sedueiorias.

413 1932 457 2027 5.
507 1891 658 1999 Saluti
705 1893 982 2001 animarum
1021 1932 1078 2001 ea
1112 1911 1274 2036 praxis
1291 1910 1427 2000 noxia
1457 1894 1553 2015 est,
1603 1890 1720 2039 quia

273 2036 397 2143 dum
420 2033 641 2141 fidelium
666 2070 857 2144 mentes
885 2060 1067 2185 magna
1087 2069 1221 2182 parte
1240 2032 1565 2143 distrahuntur
1600 2040 1721 2165 ejus-

157 2272 171 2292 ·
270 2200 414 2310 modi
445 2197 812 2306 narratiunculis
830 2197 1057 2310 fovendae
1094 2197 1355 2309 curiositati
1380 2197 1593 2321 idoneis,
1630 2198 1723 2305 rni-

272 2367 384 2475 nori
419 2365 688 2475 attentione
724 2367 945 2475 seruntur
975 2366 1038 2475 ad
1067 2405 1124 2476 ea
1157 2365 1423 2517 Religionis
1464 2368 1723 2513 mysteria,

274 2573 384 2683 quac
412 2570 504 2676 pro
539 2533 641 2682 jugi
682 2530 1067 2643 consideratione
1102 2533 1219 2643 vivis
1258 2531 1511 2641 coloribus
1544 2532 1718 2642 DEUS

272 2697 408 2846 pingi
432 2693 590 2804 voluit
613 2696 664 2801 in
702 2696 873 2800 nostris
899 2696 1132 2805 cordibus
1147 2750 1163 2823 3
1217 2694 1397 2841 quibus
1425 2700 1480 2801 ὅ(
1513 2694 1610 2839 ipse
1637 2692 1717 2799 ad-

170 2954 175 2965 .
273 2862 363 2971 esse
391 2857 511 2966 solet
538 2859 749 3008 gratiore
776 2860 1094 3005 supernorum
1118 2864 1441 2971 luminum'ac
1461 2859 1716 2969 donorum

273 3011 528 3170 praesentiri.
612 3027 679 3125 Ex
701 3021 1039 3135 eodemfontc
1057 3029 1166 3135 fluit
1185 3066 1292 3135 non
1317 3026 1600 3172 infrequens
1631 3064 1713 3173 per

273 3192 402 3301 varia
437 3223 569 3293 nova
599 3177 864 3335 Religionis
908 3195 1128 3301 exercitia
1156 3187 1313 3301 cultris
1353 3191 1538 3336 publici
1563 3234 1713 3308 nova-

271 3363 377 3483 ti0,
405 3363 551 3502 cujus
568 3360 811 3467 matrix&
829 3362 1013 3468 audirix
1026 3364 1335 3505 praetenditur
1351 3364 1598 3477 revelatio.
1643 3378 1717 3477 In·

274 3526 336 3633 de
371 3526 654 3632 animorum
691 3523 938 3647 dissensio,
985 3534 1049 3636 ἃ
1082 3569 1187 3637 non
1217 3531 1515 3678 integrarum
1545 3534 1711 3645 modo

49 3666 53 3673 ⁵
140 3714 145 3723 '
273 3682 697 3791 communitatum
727 3719 810 3791 aut
827 3683 1051 3812 urbium,
1087 3688 1331 3798 sedetiam
1352 3694 1717 3836 provinciarum

273 3898 378 3979 non
416 3856 513 3964 stne
549 3856 776 3969 scandalis
795 3864 1073 4008 ingentibus
1096 3868 1336 3978 consufio.

1480 4224 1483 4231 .
1510 4128 1556 4230 6.
1571 4132 1722 4239 Menti
