3796 4994
196 302 307 431 add
586 290 1062 453 ssevtsas.deAgttdd.
1085 292 1257 414 Pares.

183 600 187 607 ,
271 610 275 618 ,
320 545 416 623 743·
443 516 542 642 744.
567 520 706 636 Itaque
723 523 885 607 Simeon
908 542 1119 634 congregat
1137 512 1364 613 concitam
1378 515 1655 623 Saferdotum,

39 646 43 662 '
144 736 147 741 ,
196 636 318 750 eique
336 640 544 749 proponite
572 641 750 737 Mariam,
772 644 878 738 cuins
899 632 992 720 esset
1006 632 1208 721 haereditas
1231 638 1399 750 pinguis,
1418 637 1653 722 tradendam

158 818 162 825 .
196 751 274 838 esse
290 757 488 863 conjugio.
571 752 805 837 Sacerdotes
820 756 974 835 interno
995 753 1140 835 lumine
1166 750 1272 835 dudi
1291 742 1555 862 respondent,
1584 779 1675 865 pe·³

195 868 361 981 tendum
381 863 458 950 esse
484 864 509 952 d
529 870 639 951 ΒΕΘ
656 864 818 980 signum,
838 894 923 981 quo
944 861 1225 962 manifestaret,
1255 869 1318 950 cui
1339 866 1533 953 tradenda
1550 860 1657 953 esset·

179 978 244 1065 “In
263 981 369 1065 bunc
389 978 507 1064 finem
528 981 665 1092 jubent
687 983 898 1065 constituto
924 979 989 1064 die
1009 973 1230 1091 intemplo
1258 1006 1486 1093 comparere
1514 1008 1656 1067 omnes

52 1080 67 1101 '
136 1106 140 1155 ἲ
194 1090 385 1182 masculos
404 1091 552 1183 solutos
575 1125 624 1181 ex
643 1098 843 1180 stemmate
865 1094 1009 1179 David.
1065 1100 1161 1179 Dies
1182 1098 1408 1180 constitutas
1429 1097 1539 1182 idem
1559 1119 1655 1201 etat,

41 2205 49 2217 .
195 2132 246 2212 tis
272 2126 466 2214 decimum
496 2134 693 2242 quartum,
717 2132 957 2213 conveniunt
990 2153 1128 2210 omnes
1154 2124 1197 2210 so

195 1236 282 1323 quo
297 1216 340 1294 B.
356 1214 480 1325 Virgo
498 1205 762 1325 compleverat
787 1237 930 1295 annum
949 1211 1070 1293 artatis
1093 1211 1287 1294 decimum
1305 1235 1489 1321 quartum
1544 1190 1657 1326 Ape·v

194 1335 273 1410 tuit
288 1349 420 1410 tamen
437 1321 492 1412 illi
513 1331 618 1441 prius
643 1324 850 1420 Sacerdos,
880 1323 977 1439 quid
1001 1330 1076 1428 jam
1104 1331 1339 1409 tractaretur.

314 1469 412 1544 745.
436 1457 534 1547 746.
562 1437 781 1552 Respondit
796 1435 854 1524 illi
871 1446 912 1523 B.
935 1442 1071 1552 Virgo.
1092 1443 1165 1524 dre.
1200 1445 1297 1551 Hoc
1324 1440 1487 1551 contigit
1506 1466 1655 1527 novem

194 1551 338 1640 diebus
357 1581 447 1641 ante
465 1551 817 1668 desponsationem.
884 1557 988 1636 lntra
1007 1560 1086 1637 hoc
1114 1554 1357 1639 novendium
1387 1548 1443 1636 illi
1473 1558 1658 1668 apparuit

193 1669 332 1767 DEus,
356 1670 500 1754 dicens.
522 1676 601 1758 dec.
655 1698 755 1772 747.
782 1663 996 1780 Respondit
1020 1662 1074 1753 issi
1102 1673 1146 1755 B.
1174 1672 1224 1752 V.
1247 1669 1393 1751 dicens'.
1422 1673 1500 1753 dre.
1560 1692 1657 1780 748.

194 1777 383 1916 Ailocuta
398 1791 524 1871 etiam
552 1789 606 1874 est
631 1787 683 1872 de
702 1785 777 1871 hac
799 1808 843 1870 te
863 1777 951 1868 suos
972 1776 1156 1899 angelos,
1184 1786 1255 1895 qui
1278 1779 1347 1895 ipsa
1371 1780 1656 1896 responderunt

194 1896 673 2115 dlcenbetsb.&gonstituto
693 2013 773 2112 die,
794 2032 882 2128 quo
900 2017 945 2099 B.
963 2015 1090 2126 Virgo
1113 2004 1378 2208 compleverat
1394 2034 1547 2208 {noum
1568 2036 1656 2101 aeta.

196 2241 399 2327 stemmate
424 2241 571 2341 David,
600 2247 702 2327 inter
731 2268 836 2355 quos
862 2247 903 2324 dt
935 2234 1112 2352 Joseph,
1137 2147 1270 2326 incblsa¹
1291 2151 1413 2325 esstbrss
1435 2127 1657 2330 lbihazbltaeshs

27 2450 29 2457 ,
148 2368 153 2379 ’
196 2353 384 2444 Habebat
402 2380 498 2441 tunc
520 2383 665 2442 annum
680 2360 798 2442 atatis
812 2354 1045 2469 trigesimum
1063 2360 1239 2445 tertiatur
1268 2358 1308 2439 δ’(
1325 2359 1401 2461 jam
1425 2382 1534 2440 anno
1555 2357 1655 2442 duo

200 2468 358 2554 decimo
374 2466 837 2585 sua-atatiadeposuerat
860 2495 999 2558 votum
1021 2472 1209 2558 castitatis.
1265 2472 1357 2557 Erat
1372 2474 1489 2556 etiam
1506 2474 1552 2556 Β.
1570 2475 1656 2560 Vir·

198 2588 282 2698 gini
299 2590 342 2670 in
361 2591 479 2671 tertio
498 2585 621 2701 gradu
641 2611 845 2701 cognatus.

86 2916 101 2941 ‚
200 2697 1655 2937 aa,iunfitistiim?”diffinitiffidiffistt

197 2933 319 3041 potiri
343 2924 477 3041 sponsa
507 2928 564 3013 ob
593 2937 674 3035 ejus
706 2924 903 3041 praeclaras
932 2930 1075 3028 dotes,
1107 2935 1149 3012 δι
1179 2926 1422 3032 substantiam
1455 2930 1662 3016 bonorum·

198 3044 552 3132 hareditarioruma
580 3039 685 3126 solus
709 3047 751 3128 S.
769 3039 916 3157 Joseph
944 3040 982 3159 se
1000 3048 1156 3130 aestimat
1178 3045 1398 3158 indignum.
1455 3070 1508 3156 75
1523 3073 1560 3149 3.
1583 3047 1654 3129 Ni·

122 3158 125 3163 ’
198 3155 412 3245 bilominus
435 3152 532 3243 visus
563 3160 617 3243 est
653 3161 795 3242 florere
827 3187 955 3244 tamus
986 3155 1101 3244 solius
1130 3161 1170 3244 S.
1199 3159 1387 3272 Josephi,
1416 3166 1524 3266 cujus
1544 3156 1656 3271 supra

181 3291 319 3387 'caput
346 3276 461 3359 etiam
491 3269 588 3360 sedit
617 3271 640 3356 ὲ
667 3266 774 3358 coelo
803 3268 1039 3359 descendens
1068 3270 1268 3379 columba.
1381 3276 1520 3360 DEUS
1554 3300 1655 3386 quo·

19 3408 36 3473 .·
80 3410 90 3421 ‘
199 3412 284 3500 que
314 3381 416 3523 intus
441 3383 681 3503 loquebatur
710 3388 867 3472 dicens:
896 3393 971 3472 &o
1043 3394 1101 3474 Fit
1134 3416 1230 3503 ergo
1262 3391 1305 3474 in
1340 3391 1560 3476 continenti
1588 3386 1656 3474 de·

197 3500 418 3716 sponsibus.
474 3616 693 3702 Deducitut
730 3622 775 3704 B.
813 3619 938 3734 Virgo
980 3647 1068 3706 cum
1113 3615 1318 3730 Joseph03
1356 3619 1427 3730 qui
1468 3610 1656 3734 aliquam·

94 3833 97 3837 ⁴
203 3735 272 3822 diu
315 3725 555 3834 Jerosolinis
595 3734 800 3846 hucusque
836 3728 874 3819 se
912 3734 1142 3831 detinuerat,
1173 3732 1198 3819 d
1235 3732 1473 3848 quibusdam
1502 3728 1687 3831 famulis,

93 3932 96 3939 .
166 4026 169 4031 Ι
199 3843 499 4069 pppppli7pppue
531 3853 572 3937 in
600 3851 833 3967 Nazareth,
874 3849 945 3937 ubi
980 3852 1115 3936 statim*
1139 3849 1303 3945 domum
1330 3871 1534 3963 paternam
1559 3872 1656 3964 pot·

1567 4167 1662 4297 rra·
