3796 4994
584 239 786 412 Revelct.
816 315 871 408 de
895 311 1085 444 Agreda.
1114 317 1225 416 Pars
1250 317 1329 409 ΙΙΙ.
1574 356 1677 450 423

230 526 302 610 nic
357 518 459 605 Mihi
487 511 698 603 revelatum
724 510 810 618 suit,
828 513 942 629 quod
958 511 1028 612 illi,
1047 517 1118 629 qui
1137 543 1218 602 non
1245 513 1533 622 consecrabant,
1554 532 1629 628 jam
1654 525 1681 617 i

230 661 410 748 tempore
427 634 626 745 primitiva
641 623 817 715 Ecclesia
839 632 1028 742 coeperint
1053 635 1341 718 communicare
1357 633 1507 719 tannim
1520 632 1589 724 sub
1603 669 1680 745 una

227 752 354 865 specie
373 750 509 862 partiar
537 750 577 830 δι
609 747 786 859 quamvis
815 738 938 857 aliqui
958 741 1088 829 adhuc
1116 738 1317 858 aliquanto
1350 770 1531 860 tempore
1557 763 1681 843 conti·

227 867 431 951 nuaverint
456 859 742 947 communicate
767 848 838 942 sub
862 880 1030 970 utraque
1057 851 1205 970 specie,
1226 853 1318 946 licet
1336 889 1420 947 non
1442 859 1585 954 fuerint
1610 875 1679 956 Sa.

227 976 427 1067 cerdoterr
447 971 536 1060 'fuit
553 999 685 1060 tamen
712 972 848 1084 postea
872 967 1066 1057 crescente
1087 977 1208 1087 magis
1234 1002 1399 1062 numero
1425 973 1599 1066 fidelium
1630 1011 1678 1085 ac

225 1087 384 1293 pilatata
403 1093 524 1205 magis
544 1081 708 1175 Ecclclia
723 1085 960 1190 ordinatum,
975 1109 1019 1172 ut
1034 1087 1139 1174 Laici
1159 1096 1447 1178 communicent
1463 1085 1588 1182 sollum
1602 1092 1689 1186 sub.
1840 1204 1849 1224 .

270 1233 353 1293 ecte
406 1232 498 1291 ants.
640 1286 643 1291 ,
1101 1259 1107 1274 ·
1413 1240 1416 1245 ·

239 1236 267 1320 p
345 1233 441 1423 1l5.
466 1325 508 1405 B.
526 1323 575 1403 V.
597 1315 649 1404 ad
665 1341 729 1402 me
750 1313 871 1402 dixit:
900 1317 1010 1401 Deus
1030 1316 1126 1400 mihi
1146 1317 1187 1401 iu
1208 1310 1315 1404 coelo
1337 1316 1503 1408 contulit
1518 1319 1673 1414 titulum

221 1437 358 1523 Matris
381 1438 422 1519 δι
442 1435 630 1548 Magistrae
648 1426 833 1517 Ecclesra.
903 1430 954 1513 Et
970 1425 1064 1515 ficut
1083 1428 1316 1517 beneficium
1348 1435 1389 1518 in
1412 1441 1477 1521 ine
1506 1465 1679 1552 operane

205 1546 297 1647 ¹fuit
309 1542 548 1647 immensum,
563 1545 693 1660 sepius
709 1541 860 1629 fuissem
880 1539 1103 1630 naturaliter
1117 1562 1284 1646 mortua,
1306 1545 1373 1632 nisr
1393 1548 1524 1637 divina
1543 1558 1673 1640 otnni·
1816 1603 1822 1610 ·

219 1669 397 1777 potentia
423 1681 486 1748 me
503 1656 732 1747 miraculosi
757 1652 1019 1744 conservasset.
1073 1653 1311 1773 Plerumque
1328 1655 1544 1777 deliquium
1566 1665 1673 1780 passa

219 1774 318 1876 sum,
339 1774 502 1891 quando
524 1777 633 1860 oravi
656 1801 729 1886 pto
753 1768 1007 1856 conversione
1022 1794 1287 1883 peccatorum.
1340 1776 1455 1861 Tunc
1474 1785 1670 1891 graviores

211 1918 358 2008 poenas
377 1887 477 2003 passa
496 1882 589 1986 sum,
609 1886 730 2000 quim
749 1888 939 1998 Martyres
957 1887 997 1967 in
1016 1882 1285 1970 omnibutsuis
1300 1896 1517 1978 tormentis.
1575 1899 1670 1982 Hac

215 2009 351 2094 omnia
367 2006 460 2087 mihi
479 1999 626 2087 debent
642 2001 835 2096 homines,
851 2023 926 2109 pro
944 1995 1088 2111 quibus
1105 2002 1222 2086 toties
1244 2026 1371 2086 meam
1389 2006 1508 2090 vitam
1525 2003 1668 2098 obtuli.
1753 2107 1756 2111 ,
1871 1979 1879 1992 ’

314 2131 433 2204 ¹116.
459 2115 607 2202 Eadem
621 2114 673 2199 ad
688 2139 753 2198 me
777 2113 891 2198 dixit:
916 2106 1141 2199 Declarabo
1164 2112 1235 2198 tibi
1251 2108 1416 2229 aliquod
1432 2122 1665 2233 mysterium.

219 2230 394 2338 Quando
414 2233 537 2345 prima
554 2235 640 2315 vice
663 2254 712 2314 ex
733 2254 849 2313 manu
862 2229 967 2313 Petri
989 2231 1288 2329 communicavi,
1303 2255 1374 2316 cor
1389 2258 1520 2319 meum
1543 2234 1666 2350 reipsa

216 2344 257 2434 se
280 2350 449 2460 aperuit,
475 2368 518 2455 ut
535 2348 577 2429 in
601 2338 700 2429 illud
723 2369 834 2429 meus
855 2335 956 2428 filius
978 2362 1164 2456 tanquam
1183 2343 1224 2429 in
1248 2337 1357 2430 suum
1382 2344 1566 2437 thronum
1594 2357 1664 2440 Sa-
1711 2420 1714 2425 .

170 2530 180 2550 .
218 2453 498 2549 eramentaliter
521 2459 660 2544 intrare
680 2453 817 2568 pollet.
1116 2462 1119 2466 ’

336 2603 430 2672 117.
457 2570 604 2659 Eadem
624 2572 737 2656 dixit:
770 2574 813 2654 ln
831 2592 945 2665 carne
961 2565 1104 2657 Christi
1128 2570 1348 2657 continetur
1367 2597 1455 2684 pars
1476 2580 1554 2661 mei
1579 2573 1664 2671 saul

215 2684 357 2805 gultis,
381 2693 420 2772 δε
444 2715 540 2773 meae
557 2683 790 2775 substantiaer
818 2708 939 2797 perge
964 2683 1079 2796 proin
1097 2685 1139 2767 in
1152 2685 1227 2770 hac
1244 2709 1312 2770 tua
1330 2685 1559 2791 devotione,
1582 2720 1664 2811 qua
1734 2779 1738 2788 ,

215 2804 410 2889 veneratis
432 2825 687 2915 campartem
709 2801 830 2887 carnit
859 2802 900 2884 dc
934 2793 1123 2912 sanguinis
1154 2802 1197 2886 in
1222 2801 1379 2902 Hostia,
1407 2831 1528 2918 quant
1558 2806 1661 2902 filius

216 2944 328 3005 meus
351 2944 401 3004 ex
422 2943 488 3002 me
507 2919 669 3028 accepit.
962 3006 965 3011 ,
1258 2960 1263 2970 r
1676 2941 1696 2951 '‘

336 3054 430 3129 rra.
457 3037 502 3118 Β.
517 3029 678 3145 Virgoe
694 3020 800 3116 coelo
817 3018 1013 3118 descendit
1029 3025 1081 3116 ad
1095 3025 1307 3146 tegendam
1324 3025 1429 3115 suam
1443 3029 1663 3128 Ecclesiam}

337 3174 429 3245 ¹¹9·
456 3174 551 3230 120.
580 3149 737 3242 Dicam,
760 3142 875 3257 quod
894 3147 988 3230 mihi
1004 3140 1218 3235 revelatum
1236 3146 1312 3239 estc
1339 3150 1383 3231 B.
1395 3150 1518 3259 Virgo
1534 3149 1557 3235 ὲ
1574 3178 1667 3241 cuc*

213 3254 259 3345 lo
276 3258 472 3345 descendit
488 3261 540 3344 ad
562 3256 803 3343 fundandam
822 3253 1039 3345 Ecclesiam.

334 3401 429 3463 ιιι.
455 3375 626 3460 Christus
650 3369 799 3483 semper
821 3370 956 3459 mansit
974 3377 1015 3460 in
1039 3371 1162 3460 corde
1179 3374 1310 3463 Maria
1322 3370 1375 3461 alr
1389 3397 1466 3463 una
1481 3399 1660 3471 conrrnu·

212 3490 335 3572 trione
347 3487 398 3574 ad
416 3481 574 3574 alteram
595 3482 663 3572 sub
677 3483 1022 3576 Sacramentalibut
1038 3484 1251 3600 speciebus,
1271 3491 1459 3606 quamdiu
1472 3496 1567 3583 vixit
1580 3499 1663 3612 ipsa

214 3605 255 3686 in
279 3607 399 3688 tetris.
451 3607 563 3688 Tunc
582 3593 793 3688 litteraliter
807 3597 1008 3716 impletum
1028 3605 1082 3690 est
1100 3599 1200 3689 illud
1217 3609 1489 3696 Canticorurnr
1515 3612 1658 3709 Inveni

212 3739 321 3825 quem
338 3715 460 3834 diligit
481 3722 608 3805 anima
630 3743 724 3813 mea,
749 3720 985 3819 tenui'tttm,
1007 3745 1075 3805 nec
1099 3712 1324 3809 dimitiam.'
1656 3752 1661 3761 ·

335 3856 429 3915 122.
462 3833 503 3916 Si
523 3832 695 3919 Christus
716 3859 797 3916 non
819 3829 1005 3917 manisset
1029 3833 1157 3921 modo
1182 3832 1343 3946 praefato
1372 3836 1590 3929 constanter
1612 3816 1662 3931 in·
1692 3815 1696 3821 ’
1851 3863 1862 3875 “

215 3942 339 4027 corde
365 3948 507 4048 Maria,
528 3974 610 4030 non
636 3942 817 4057 potuisset
834 3945 996 4057 implere
1018 3945 1305 4060 promiffionem
1329 3946 1453 4039 suamc
1478 3953 1561 4043 Ero
1580 3984 1655 4044 vo·

213 4051 353 4172 hiscum
379 4084 494 4172 usque
511 4054 566 4150 od
582 4057 1083 4180 confitmmalionttnsaeculi.
1160 4067 1266 4157 Nam
1290 4057 1365 4156 illis
1389 4072 1523 4183 prinis
1545 4073 1658 4158 annia
1825 4164 1831 4183 ‚

1498 4183 1658 4300 aposto·
