3796 4994
215 262 279 410 ὀμ,
615 296 827 436 Praefatio
865 259 1028 407 Partis¹
1043 298 1257 431 Secunde.

220 531 262 594 re
279 536 370 596 ..enm
396 509 504 600 anolo
527 516 567 602 in
590 511 756 626 Ecclefiir
779 510 901 624 polam
912 510 1189 630 pervulgatum,
1214 536 1261 595 oc
1285 508 1493 623 etiamep‘ur
1515 499 1676 618 tellina*-

220 628 286 712 nia
303 626 327 713 a
343 627 530 717 nonnullis
554 640 728 716 veterum
751 631 984 743 Scriptorum
1012 627 1145 741 insuia
1168 623 1271 714 libris
1291 627 1411 713 citata
1431 620 1675 710 animadver-

221 744 349 827 timus.
404 749 454 829 Et
473 751 562 858 quis
578 747 735 830 tandem
755 744 900 831 fructus
918 746 1053 829 harum
1070 737 1394 827 Revelationum?
1419 734 1547 823 nullus
1562 733 1674 834 alius,

220 854 290 940 nist
314 860 472 945 Haeresrs
493 863 728 958 Novatiana,
748 867 808 945 cui
828 855 1202 944 subministraverunt
1223 851 1364 940 semina
1383 859 1422 938 &
1439 850 1676 936 fundamen·

59 968 68 983 ‘
219 992 272 1055 ta.
332 978 388 1059 Ita
420 979 548 1060 sixtus
580 974 777 1075 Senenfis,
800 971 986 1063 Biblioth.
1013 977 1055 1059 L
1075 1004 1112 1058 2.
1136 972 1204 1056 obi
1226 977 1297 1056 rit:
1337 970 1506 1056 Herrner
1530 971 1675 1081 citatur¹

217 1082 243 1170 i
266 1084 450 1177 Clemente
474 1087 767 1193 Alexandrino,
796 1088 978 1208 Origene,
1003 1085 1364 1196 [renunciatione
1386 1090 1461 1172 &e
1506 1080 1675 1171 Domum

190 1258 192 1262 .
219 1209 345 1291 tamen
367 1206 523 1320 rrjet‘ius
550 1203 599 1316 ejl
627 1205 651 1291 i
682 1203 829 1316 Gelafio
847 1210 964 1293 inter
980 1201 1071 1312 fidei
1096 1199 1216 1292 dulia
1243 1200 1482 1313 Scripturas,
1508 1206 1554 1286 ut
1571 1196 1677 1286 arbi·

220 1325 305 1402 tror
328 1319 382 1406 ad
409 1319 686 1432 luborrfionen
716 1320 1063 1421 Nouatianorunt,
1095 1315 1229 1429 quibus
1250 1320 1399 1404 initium
1425 1311 1585 1402 videtur
1611 1311 1675 1400 de*

221 1428 333 1542 differ
360 1441 544 1547 quianon
560 1433 770 1552 studuit,
801 1463 879 1523 non
904 1438 970 1544 effe
983 1434 1188 1548 secundam
1208 1433 1484 1544 penitentiam.
1554 1434 1679 1531 Joan·
1737 1489 1740 1501 ‚

221 1560 291 1633 nes
322 1554 444 1635 Maria
473 1545 743 1648 Brafichellus‚
772 1553 955 1665 Magister
976 1552 1014 1634 S.
1033 1546 1193 1646 Palatii,
1211 1553 1251 1633 in
1274 1545 1343 1632 suo
1368 1548 1501 1631 Indice
1526 1549 1678 1658 Expur-

91 1680 94 1685 ’
222 1672 401 1779 garario,
423 1663 604 1779 impteffo
638 1667 1086 1763 Romae1607.dicit:·
1118 1659 1389 1750 Dubitandum
1423 1657 1529 1750 nullo
1566 1656 1677 1746 molo

224 1774 287 1889 cll,
313 1776 492 1870 Libellum
521 1776 622 1870 lunc
654 1778 843 1892 Pastoris,
873 1788 918 1867 ut
939 1777 1227 1894 modoseriptus
1248 1775 1434 1876 babetur,
1456 1775 1505 1865 ab
1523 1777 1681 1866 Herna.

224 1892 339 1983 Pauli
366 1893 544 2011 discipulo
570 1926 647 1985 non
670 1900 737 2006 effe
759 1893 1019 2097 nongentum,
1053 1923 1136 1982 curn
1175 1892 1235 1991 εἴ
1259 1888 1454 2004 laarefiltua
1482 1892 1542 1988 &²
1558 1888 1679 2004 falu-

223 2005 268 2097 lis
278 2009 329 2122 fit
348 2009 527 2124 oppletus.
587 2013 683 2099 Eum
704 2010 742 2100 S.
759 2016 819 2097 Gr
851 1992 929 2122 lor
955 2015 996 2100 in
1023 2011 1194 2098 Romano
1222 2008 1389 2097 Concilio
1415 2013 1517 2096 inter
1532 2006 1681 2121 Scripta

227 2122 455 2242 Apocryplra
479 2124 622 2243 abjicit.
690 2126 786 2214 Item
809 2124 867 2223 ΕΤ
886 2126 924 2214 S.
947 2124 1117 2241 Prosper.
1147 2127 1192 2213 L.
1219 2126 1328 2214 Cant.
1352 2124 1556 2233 Cafflanurn
1578 2124 1619 2211 C.
1646 2151 1683 2226 3.

146 2286 149 2291 >
212 2236 369 2328 'nullius
391 2236 638 2331 authoritatis
661 2245 728 2351 effe
750 2246 987 2354 pronuntiat.
1044 2246 1100 2327 Ex
1126 2244 1186 2326 his
1207 2246 1278 2326 tria
1298 2237 1477 2355 colligo.
1533 2240 1681 2338 Primo,

230 2357 346 2470 quod
372 2384 553 2469 tempore
572 2361 611 2443 S.
634 2355 820 2470 Prosperi,
848 2363 887 2445 δι
914 2357 952 2443 S.
973 2353 1116 2442 Gelasri
1133 2386 1230 2442 unus
1259 2356 1405 2442 tantum
1424 2381 1545 2440 notus
1567 2352 1685 2439 fuerit

230 2464 426 2571 Libellus,
451 2471 623 2578 Pedonis
655 2468 794 2572 tituli),
829 2501 913 2558 non
943 2471 1039 2557 duo.
1095 2475 1196 2560 Non
1226 2476 1328 2558 enim
1360 2476 1491 2586 potuit
1515 2469 1611 2571 fieri,
1641 2494 1685 2556 ut

231 2582 458 2673 Concilium
491 2590 734 2687 Romanum,
766 2593 828 2674 cui
855 2587 935 2674 fine
960 2588 1085 2674 dubio
1108 2581 1260 2701 plurimi
1287 2590 1496 2673 intererant
1515 2590 1554 2671 in
1577 2581 1685 2670 libris

60 2794 65 2802 ,
229 2709 361 2817 graecis
385 2703 625 2803 versatissimi,
648 2704 727 2790 stne
756 2699 834 2791 ulla
863 2703 1107 2789 distinctione
1128 2702 1355 2816 prohiberet
1384 2698 1523 2788 librum
1542 2698 1610 2785 sub
1635 2728 1687 2786 eo

231 2813 362 2914 titulo,
387 2814 455 2902 sub
482 2847 567 2934 quo
598 2844 757 2918 extaret,
785 2816 850 2927 vel
875 2814 1017 2935 ulpiam
1046 2817 1176 2904 adhuc
1205 2846 1335 2905 extare
1362 2820 1561 2903 timeretur
1590 2812 1687 2901 alius

229 2926 331 3017 libet
358 2927 673 3021 utilissimarum
701 2929 863 3020 celebris
890 2934 1078 3019 Authotis
1106 2960 1180 3018 nec
1208 2930 1366 3019 vitiosus
1393 2938 1432 3018 in
1461 2932 1588 3031 fonte,
1613 2957 1687 3016 nec

233 3045 488 3160 interpolatus
515 3053 558 3134 in
587 3044 893 3164 Exemplatibusss
947 3049 1149 3148 Secundi),
1178 3051 1293 3164 quod
1315 3052 1345 3134 is
1364 3047 1557 3163 ipfiffimus
1574 3044 1688 3150 libet,

234 3167 305 3278 qui
328 3159 579 3249 iClemente
606 3160 888 3263 Alexandrino,
916 3168 1102 3279 Origene,
1125 3167 1283 3263 Irenaeo,
1309 3170 1348 3249 δι
1373 3163 1538 3251 Eusebio
1563 3160 1690 3248 fuerat

237 3283 387 3382 citatus,
409 3278 487 3364 stne
506 3273 584 3364 ulla
610 3277 683 3364 alia
704 3284 988 3366 interveniente
1008 3273 1337 3392 interpolatione,
1360 3277 1476 3364 fuerit
1500 3278 1691 3363 condem·

232 3420 360 3478 natus.
445 3399 548 3501 Quia
587 3389 763 3508 alioquin
803 3391 956 3480 diversa
984 3396 1180 3481 editiones
1209 3423 1291 3479 non
1321 3394 1531 3509 pottusseut
1558 3389 1633 3477 eise
1660 3395 1692 3475 i·

37 3552 63 3576 ω
235 3533 367 3708 Priora
385 3534 466 3594 tum
492 3509 578 3622 ipsis
606 3509 864 3607 Rumoribus,
884 3534 966 3594 tum
984 3509 1053 3624 ipsi
1074 3506 1280 3600 Conciliat
1321 3511 1509 3624 adeoque
1534 3508 1693 3592 debuis-

252 3650 318 3707 ent
344 3620 480 3708 laudes
510 3628 547 3708 δι
577 3629 764 3737 vituperia
810 3620 1108 3711 diffentientium
1147 3621 1279 3710 referri
1322 3627 1374 3710 ad
1410 3619 1575 3709 diversas
1610 3619 1694 3710 illas

235 3736 445 3824 editiones.
499 3742 649 3838 Tertio,
671 3741 784 3853 quod
800 3767 934 3825 tenera
952 3743 1010 3826 hae
1033 3737 1222 3842 vifiones,
1244 3747 1508 3854 cujuscunque
1536 3739 1608 3825 lint
1625 3766 1694 3824 au-

118 3856 121 3862 ’
233 3854 375 3953 thoris,
396 3851 465 3937 fint
490 3860 657 3970 antiquae
677 3882 744 3940 aur
765 3857 1019 3968 deceptiones
1043 3857 1227 3951 hominis,
1247 3880 1313 3939 aut
1333 3848 1530 3938 illusiones
1552 3855 1695 3937 diabo-

238 3966 279 4067 li,
309 3997 397 4082 quae
425 3968 621 4055 causarum
651 3996 828 4084 magnam
845 3962 1187 4081 <perturbationem
1215 3966 1462 4082 inEcclesra.
1531 3973 1696 4079 Qamvis
1725 4011 1727 4016 ·

157 4078 176 4150 ¹-
231 4089 344 4172 enim
367 4082 471 4170 forte
494 4087 570 4172 dici
590 4082 743 4201 pollet,
769 4080 877 4169 illum
901 4086 1108 4170 authorem
1137 4080 1313 4200 scripisse
1335 4089 1376 4169 in
1398 4082 1528 4202 aliqua
1555 4089 1697 4170 Orien·

1592 4204 1594 4208 ’
1629 4192 1698 4285 tali
