3690 4988
476 280 1518 469 mmmms,v

54 521 111 633 lae
145 523 271 630 sunt.
365 548 480 650 Ratio
508 548 583 650 est,
626 548 720 662 quia
747 551 858 634 Deus
885 573 970 633 non
998 539 1172 630 censetur
1197 538 1333 631 frustra
1362 539 1494 631 multi·

47 664 172 782 plicare
189 657 454 750 revelationes
477 667 575 748 circa
610 662 797 777 dogmata
817 671 895 774 jam
913 657 1072 753 aliunde
1092 684 1199 746 nota.
1257 663 1315 747 Ita
1340 654 1494 761 uersor

44 790 74 867 in
91 776 239 895 Regula
260 779 521 892 praecedente·

102 918 309 1054 ,Regula
364 953 444 1019 ιο.
515 866 879 1015 Revelationes
936 914 1258 1015 continentes
1299 907 1494 1015 sensum

44 1057 378 1196 ambiguum,
415 1063 502 1195 qui
535 1049 669 1158 trabi
704 1048 862 1189 pollit
897 1081 957 1154 ac
1004 1074 1180 1191 vergat
1211 1060 1264 1155 in
1296 1051 1495 1157 malam

44 1225 277 1339 partem,
309 1209 422 1309 non
449 1192 667 1339 benigne
694 1189 1064 1337 exponendae,
1100 1192 1180 1299 sed
1218 1191 1494 1323 rejiciendae.

49 1346 159 1450 lunt.
269 1360 386 1445 Ratio
407 1358 462 1446 est
474 1417 488 1459 ,
518 1360 640 1479 quia,
677 1351 814 1472 sinon
844 1351 989 1439 dentur
1012 1335 1100 1438 alia³
1116 1377 1219 1440 certa
1247 1349 1496 1471 revelationis

54 1489 214 1600 geuuinae
231 1480 503 1577 indiciafnon
528 1479 641 1565 datur
664 1474 861 1567 neceliitns
891 1475 1104 1563 recedendi
1124 1477 1174 1561 ab
1202 1475 1327 1577 obvio
1351 1477 1493 1561 verbo·

58 1628 124 1685 rum
151 1594 274 1685 sensu.
332 1590 482 1710 Gersorr
503 1594 546 1682 L
573 1595 667 1681 CC.
692 1594 742 1680 fic
762 1595 836 1678 airr
880 1595 1081 1692 Notatur,
1115 1578 1232 1705 quod
1256 1584 1374 1677 saneti
1395 1597 1495 1677 Pro-

61 1716 188 1827 pheta,
219 1718 261 1797 δι
290 1711 490 1795 ὓοᾶοτεε
515 1715 591 1817 jam
620 1701 877 1795 universaliter
904 1706 1112 1820 approbati
1137 1710 1329 1818 recipiunt
1352 1711 1393 1790 in
1422 1704 1495 1791 suis

62 1829 167 1913 verbis
188 1826 414 1911 obscuris&
431 1823 624 1939 ambiguis
644 1824 1032 1936 interpretationem,
1062 1814 1188 1934 qualis
1215 1848 1299 1905 non
1328 1819 1497 1906 debetur

65 1934 204 2029 novellis
222 1936 547 2055 prophetantibus
571 1940 624 2023 de
650 1938 773 2023 corde
803 1932 897 2037 suo,
915 1961 989 2029 aut
1012 1939 1235 2051 priusquam
1268 1936 1494 2053 constiterit.
1552 1976 1567 2003 x

69 2057 150 2173 quast
172 2057 226 2142 de
253 2051 345 2154 suo,
374 2057 551 2169 quamvis
571 2053 725 2142 divino.

147 2212 317 2344 Regula
357 2239 437 2309 nc.
480 2203 539 2309 ln
572 2201 661 2307 illis
698 2203 936 2339 personis,
968 2210 1058 2341 qui
1093 2198 1367 2342 aliquando
1396 2197 1495 2309 ha*

70 2345 269 2483 buerunt
310 2349 523 2454 visiones
564 2345 685 2450 veti
725 2343 947 2471 divinas,
983 2352 1145 2451 ctiam
1182 2353 1494 2484 experimen·

69 2494 155 2601 talis
191 2499 378 2598 notitia
414 2521 474 2595 ac
506 2489 677 2630 gustus
706 2519 818 2594 non
862 2490 932 2594 est
972 2484 1227 2596 infallibile
1274 2488 1494 2630 fignum,
1598 2548 1608 2555 -

68 2639 296 2753 visionem
331 2629 432 2774 elle
459 2631 573 2737 ver‘e
611 2631 853 2737 divinam.
961 2660 1074 2745 Ratio
1105 2661 1497 2775 est‚quiape1·vt.

69 2801 179 2864 racem
208 2777 576 2862 reuremotationem
606 2801 768 2873 eorum,
799 2801 886 2885 quae
909 2774 1124 2887 aliquando
1149 2776 1385 2874 lentiebant,
1406 2804 1500 2890 pos·
1663 2803 1671 2819 s

67 2887 132 2978 lunt
156 2893 382 3006 maginni,
407 2882 445 2974 le
473 2896 561 2973 acin
591 2888 728 2972 versari
752 2893 793 2972 in
818 2914 869 2971 eo
899 2890 1009 2974 statu.
1097 2891 1247 3008 βοήσει
1266 2950 1269 2955 -
1285 2887 1417 2980 Tmo.
1451 2888 1498 2976 de

66 3003 293 3122 Discreiinrre
320 3000 529 3116 Spiritunm
556 2997 613 3086 lic'
633 3003 771 3101 babet:
799 3000 972 3090 Probare
1002 2999 1150 3118 spiritus
1177 3031 1311 3097 utrum
1336 3035 1384 3095 ex
1404 3009 1499 3093 Deo

65 3120 139 3223 lint,
168 3123 362 3233 contingit
390 3108 664 3229 multipliciter.
721 3117 853 3201 Primo
881 3145 952 3230 per
977 3121 1145 3206 modum
1173 3110 1276 3220 artis,
1306 3122 1400 3206 licut
1426 3146 1498 3235 per
1632 3193 1634 3197 .
1676 3175 1680 3183 -

66 3239 311 3336 eruditionem
337 3237 631 3345 Scripturarum.
702 3227 814 3317 Alius
845 3233 989 3318 modus
1026 3237 1079 3319 eli
1109 3263 1180 3350 per
1210 3234 1499 3350 inspirationem
1548 3323 1551 3335 ,

67 3354 221 3437 intimam
248 3346 313 3434 seu
338 3353 530 3431 internum
555 3345 753 3458 saporem,
782 3345 861 3432 sive
888 3375 961 3460 per
983 3349 1330 3463 experimentalem
1362 3347 1500 3437 dulce·

67 3466 182 3557 dinem
205 3463 420 3577 quandam,
450 3460 528 3548 sule
554 3472 625 3575 per
651 3455 996 3549 illustrationema
1022 3469 1222 3563 montibus
1247 3472 1410 3567 eternis,
1442 3465 1503 3552 efss

68 3576 250 3695 fugantem
279 3576 459 3665 tenebras
495 3581 623 3661 omnis
658 3573 880 3663 dubietatis.
911 3581 929 3643 Ἀ·
962 3577 1136 3665 Probare
1163 3579 1338 3694 spiritus,
1368 3611 1417 3670 an
1451 3612 1502 3670 ex

68 3693 145 3781 Deo
178 3694 274 3795 fior,
310 3719 380 3807 per
420 3693 587 3776 modum
627 3695 716 3777 artis
756 3697 798 3776 δι
837 3720 907 3806 per
946 3690 1119 3808 regulam
1160 3694 1402 3783 infallibilem
1427 3728 1502 3810 pto

71 3805 269 3919 particulari
290 3802 375 3891 casu
401 3832 568 3890 autnon
590 3808 718 3920 potest
743 3831 812 3891 aut
828 3813 891 3891 vix
914 3806 998 3893 fieri
1016 3813 1256 3902 humanituss
1284 3808 1349 3898 sed
1371 3818 1505 3926 requi
1653 3854 1661 3877 =

10 3926 12 3931 ’
76 3926 151 4008 titur
171 3925 318 4009 donum
342 3924 505 4033 Spiritus
518 3924 648 4008 Sanoii
667 3921 783 4035 quod
799 3919 1014 4036 Apostolus
1038 3937 1215 4013 nominat
1236 3925 1507 4014 discretionem

10 4120 13 4129 ,
78 4028 269 4145 lpirimumn
298 4064 384 4153 quo
404 4034 517 4121 dono
540 4032 598 4136 fit,
617 4037 732 4153 quod
755 4064 865 4124 mens
890 4066 976 4125 non
995 4038 1124 4147 solum
1148 4047 1190 4131 iu
1215 4039 1266 4138 le,
1295 4037 1361 4126 sed
1388 4047 1506 4129 eriam

10 4174 13 4237 i
80 4148 196 4251 baliis
223 4149 369 4247 noscit,¹
396 4142 618 4262 suspiritus
644 4152 693 4236 'ex
720 4144 819 4239 Deo
843 4150 926 4242 fiut.
967 4154 1119 4244 'Nemo
1144 4181 1274 4243 autem
1302 4151 1505 4269 cognoscit

10 4310 12 4323 ·
155 4261 778 4380 u.uA.ne1uveur.Parrc
845 4295 847 4299 ’
1108 4266 1153 4360 N
1422 4295 1506 4359 cer·
