3772 4988
596 352 701 481 Reg.
733 340 880 453 Prafl.
904 379 963 446 ex
984 355 1037 446 P.
1055 347 1283 450 covini·
1530 308 1546 433 s
1586 370 1654 480 43

202 509 206 513 .
342 575 616 755 Regulae
659 558 954 714 Pranicae
998 620 1079 714 ex
1120 584 1187 716 P.
1233 579 1522 714 Gravlna

210 811 473 1088 REgula
518 827 557 966 i.
630 856 845 1000 Eoipsoi
883 866 1024 1002 quod
1058 865 1319 972 Revelatio
1351 867 1410 970 ht
1449 862 1655 993 alicujus

365 1003 624 1124 foeminas,
679 1037 789 1110 non
823 1009 891 1110 est
924 1007 1207 1145 recipienda
1247 1012 1347 1115 fine
1383 1007 1576 1112 indiciis
1609 1037 1657 1110 a·

211 1144 381 1251 liunde
417 1157 576 1252 certis.
660 1165 717 1246 Ita
742 1163 924 1250 Gravius
949 1169 991 1250 P.
1021 1193 1058 1252 a.
1084 1162 1128 1250 L
1152 1166 1257 1252 t.C.
1281 1195 1318 1251 2.
1343 1161 1466 1249 alleit.¹
1487 1191 1523 1264 3.
1581 1163 1657 1246 Ra·
1768 1266 1770 1270 ‚
1819 1142 1827 1174 ⁵

208 1292 262 1376 tio
289 1289 367 1385 est,
396 1292 490 1399 quia
514 1282 770 1372 revelationes
798 1282 999 1371 mulierum
1028 1295 1217 1401 contingit
1239 1317 1287 1373 eit
1311 1291 1422 1374 variis
1445 1287 1561 1373 causis
1582 1280 1672 1385 ellel
1688 1328 1696 1349 ,-

209 1397 324 1487 falsas
400 1404 532 1486 Primo
562 1407 665 1486 enim
695 1402 870 1485 oriuntur
899 1430 947 1485 ex
975 1397 1253 1513 complexione
1280 1401 1484 1488 foeminea
1536 1406 1654 1512 Qvi&

212 1544 251 1601 iit
272 1511 454 1601 observat
475 1517 516 1599 F.
533 1519 708 1628 Joannes
732 1513 861 1603 nuder
890 1519 930 1603 in
948 1515 1025 1631 suo
1050 1519 1317 1630 Pracipiori03
1370 1516 1532 1602 foemina
1564 1538 1653 1599 eum

212 1632 251 1716 fit
278 1626 436 1732 mollis,
472 1627 748 1714 flexibilitatem
787 1630 906 1714 habet
940 1627 1251 1744 complexionisr
1310 1637 1350 1714 δι
1386 1627 1499 1716 facile
1528 1626 1656 1741 potest
1712 1628 1716 1635 ’

211 1774 339 1832 tatum
361 1749 587 1860 imaginatio
614 1741 743 1829 multis
768 1743 971 1858 phantasiis
993 1742 1153 1859 figillari.
1212 1752 1398 1833 Praeterea
1417 1773 1504 1831 cum
1525 1767 1656 1828 eaturu

215 1857 435 1972 complexio
468 1858 512 1944 sit
542 1855 704 1970 frigida,
733 1887 779 1944 ac
816 1860 986 1972 proinde
1022 1856 1326 1958 melancholica,
1362 1857 1507 1945 fortem
1540 1853 1689 1941 efficit‘
1733 1908 1749 1931 -,

213 1978 537 2090 imaginationem.
592 1974 709 2059 Unde
729 1979 881 2059 notavit
900 1970 1067 2071 Gerson,
1091 1976 1205 2088 quod
1229 2003 1277 2059 ex
1304 2000 1436 2060 earum
1459 1970 1657 2085 frequenti

213 2093 486 2203 imaginatione
505 2087 557 2172 ad
573 2084 738 2200 aliquod
760 2089 970 2191 objectum,
1000 2089 1090 2174 acsi
1110 2085 1234 2174 oculis
1259 2087 1420 2187 vidisses,
1442 2084 1538 2171 illud
1558 2091 1655 2171 ima·

185 2210 373 2316 ¹ginatus,
403 2230 548 2312 nempe
578 2204 773 2291 Christum
799 2197 864 2286 vel
885 2198 1060 2316 angelos,
1118 2205 1155 2290 A
1186 2200 1389 2315 prehensio
1412 2208 1514 2289 enim
1537 2226 1657 2314 appe·

215 2345 321 2404 titum
349 2312 554 2402 animalem
583 2320 736 2413 excitat,
765 2346 816 2401 eit
846 2344 931 2428 quo
961 2346 1103 2432 corpus
1132 2233 1338 2410 alietatum
1384 2346 1432 2403 ex
1458 2312 1657 2402 alteratio·
1687 2319 1690 2323 ’

216 2461 261 2514 ne
291 2434 394 2516 vetii
427 2435 618 2545 appetitus
639 2435 692 2514 ita
725 2427 906 2530 afficitur,
935 2458 978 2517 ut
1001 2428 1153 2519 realiter
1176 2435 1311 2519 videre
1338 2436 1539 2530 existimet,
1599 2454 1657 2516 uae

215 2541 288 2631 sola
309 2552 590 2659 imaginatione
617 2550 848 2659 cogitantur.
908 2551 1041 2643 Novi,
1061 2553 1126 2644 ait,
1155 2549 1345 2663 quasdam
1370 2544 1548 2632 mulieres
1567 2460 1659 2630 lm·

215 2658 342 2773 plices,
369 2668 407 2743 δι
439 2667 478 2744 in
506 2665 567 2743 via
597 2663 675 2744 Dei
702 2656 940 2744 ambulantes
969 2689 1056 2774 qua:
1084 2665 1216 2748 Deum
1245 2692 1334 2748 cum
1359 2659 1542 2747 immensa
1569 2660 1659 2744 luce

216 2774 425 2890 fulgentem
452 2775 585 2885 videre
612 2775 680 2858 fibi
702 2771 924 2888 praesentem
951 2778 1237 2880 existimabant;
1295 2783 1335 2863 dt
1361 2807 1409 2862 ex
1434 2777 1659 2863 vehementi

218 2893 278 2975 ista
318 2889 467 2973 fixione
505 2917 589 2974 non
618 2885 692 2973 effe
717 2888 883 2974 visiones
916 2887 1218 3003 supernaturales
1251 2892 1522 3007 deprehendo
1608 2891 1658 2974 Et

219 3007 418 3119 Caietamis
449 3032 481 3086 r.
509 3034 545 3086 a.
574 3012 625 3116 Q.
653 3032 718 3101 17·
742 3032 764 3086 a
786 3037 824 3105 7.
850 3007 972 3090 dicit:
1033 3003 1213 3109 Wdebis,
1273 3006 1355 3099 uod
1379 3006 1523 3122 pluries
1556 3006 1657 3091 acci·

218 3118 342 3206 lensia
360 3117 530 3231 perstruit
555 3116 788 3230 parientibus
810 3119 956 3230 Esiafirr
978 3117 1036 3216 ἑο*
1061 3121 1228 3236 hujufmo
1254 3129 1270 3209 1
1295 3118 1575 3220 (revelationes
1592 3113 1658 3202 seu

218 3235 401 3334 visiones)
445 3231 651 3347 caufhniur
681 3258 733 3318 ex
755 3231 831 3348 siaa
869 3238 1122 3352 imaginativa
1167 3237 1429 3355 originalium
1483 3240 1658 3348 qvamvis

211 3356 306 3462 forte
330 3344 558 3462 consuetudo
584 3356 730 3432 mutata
750 3349 799 3458 fit
827 3352 867 3436 in
892 3362 1085 3448 amaram,
1109 3360 1154 3438 ut
1171 3352 1319 3439 invitas
1344 3348 1575 3466 postmodum
1599 3350 1660 3462 as.
1721 3342 1734 3372 ³
1792 3384 1797 3393 ·

213 3467 326 3571 ficiat.
397 3463 512 3577 Cujus
531 3461 676 3580 spiram
702 3459 779 3574 tsi,
816 3461 966 3575 quodfi
991 3462 1136 3552 diutius
1161 3464 1217 3552 ad
1245 3469 1425 3582 oppofitos
1454 3471 1588 3554 mentis
1615 3494 1661 3552 a·

218 3585 292 3666 iius
307 3577 391 3696 sese
416 3587 501 3664 toto
536 3587 676 3664 conatu
705 3581 959 3690 transferunt,
986 3579 1036 3666 ab
1068 3579 1278 3698 hujusmodi
1311 3580 1570 3683 accidentibus
1597 3576 1662 3665 de-

211 3696 402 3809 seruntur.
476 3695 532 3775 lta
558 3699 787 3799 cajetanuss
832 3722 881 3778 ex
907 3703 1014 3802 cujus
1048 3698 1226 3781 doctrina
1259 3695 1492 3785 confessarii
1513 3705 1555 3781 di
1580 3702 1662 3779 ani·
1766 3751 1769 3757 ·

215 3839 358 3897 maium
393 3807 608 3893 directores
640 3808 789 3892 habent
824 3805 1006 3922 generale
1042 3813 1285 3915 remedium,
1313 3841 1359 3898 ac
1379 3809 1664 3900 revelationum

215 3952 417 4016 mtenum.

312 4077 470 4173 Altera
506 4058 831 4189 caafia'aptissima
868 4056 1240 4158 a'd‘immutandam
1266 4074 1503 4189 phantaham
1532 4075 1666 4162 soemi·
1814 4072 1824 4093 ⁴

214 4227 316 4293 itam
344 4194 443 4288 sunt
473 4187 663 4307 pastiones
702 4196 868 4282 animati
919 4216 1065 4392 nempe
1096 4186 1260 4293 latitia,
1304 4194 1477 4299 tristitia,
1510 4192 1664 4291 odium,

1069 4331 1094 4394 a
1532 4329 1666 4398 anuis
