3796 4994
238 267 333 403 ibo
623 300 926 397 Revelationes
962 305 1007 401 S.
1047 305 1288 406 Geriruais.

372 499 541 610 XLIX.
622 504 681 608 ln
739 501 826 609 his
886 504 1277 612 revelationibus
1342 518 1671 615 continentur

231 645 587 784 promlffiones
624 679 736 780 quae
772 642 836 748 ab
884 644 1058 750 ordine
1099 646 1279 752 divina
1329 653 1577 787 sapientia
1618 649 1675 755 di

230 785 561 924 providentia
598 784 831 895 videntur
869 786 1182 907 exorbitare,
1228 815 1316 895 aut
1357 824 1470 928 quae
1506 792 1670 898 viden·

232 955 317 1034 tut
347 923 487 1031 falsae.
582 952 836 1050 Suntautem
863 952 957 1038 lia.¹

345 1189 378 1275 1.
435 1186 604 1272 i.1.-c.
628 1210 711 1282 ri„
732 1184 902 1275 Christus
923 1189 1129 1298 promittit,
1148 1177 1186 1270 se
1204 1189 1335 1271 omnia
1357 1188 1548 1289 daturum,
1565 1220 1669 1304 qua·

232 1327 389 1414 cunque
412 1301 447 1384 S.
473 1298 687 1384 Gertrudes
718 1323 878 1408 peteret.
963 1301 1027 1382 Sic
1053 1298 1240 1384 habetur:
1289 1304 1399 1384 Deus
1424 1306 1575 1388 cuidam
1601 1309 1670 1391 de·

231 1415 381 1502 ionia
413 1399 450 1498 se
474 1408 623 1524 aliquid
650 1437 720 1521 per
750 1417 966 1501 orationem
1003 1418 1213 1524 requirenti
1247 1414 1466 1522 respondit:
1521 1420 1667 1503 idcirco

228 1529 300 1616 tibi
317 1528 410 1611 dare
428 1522 564 1622 distuli,
591 1531 685 1625 quia
709 1551 789 1605 non
818 1525 1003 1627 confidis,
1021 1527 1230 1637 quomodo
1252 1524 1371 1612 elesia
1393 1555 1489 1610 mea⁴
1505 1535 1667 1616 Gertru·

229 1645 314 1740 des,
335 1667 422 1753 qua
443 1643 695 1752 providentia
715 1665 810 1720 meae
831 1639 934 1720 adeo
962 1643 1089 1722 innixa
1113 1643 1187 1735 est,
1217 1664 1258 1722 ut
1281 1637 1374 1722 nibil
1397 1669 1478 1723 non
1500 1645 1552 1726 de
1572 1672 1663 1729 exu-

167 1804 169 1808 ·
228 1755 402 1853 ber'antia
447 1779 542 1836 mea
567 1753 753 1835 bonitatis
793 1749 976 1836 considat
1058 1753 1326 1862 Quamobrem
1362 1770 1563 1868 nunquam
1581 1755 1662 1856 illi,

228 1869 501 1982 quodcunque
525 1864 549 1950 ai
578 1892 642 1948 me
671 1865 840 1977 petierit,
854 1864 1024 1976 negabo.
1111 1871 1201 1949 Hoc
1232 1893 1315 1949 non
1340 1867 1517 1953 obsiante
1539 1875 1576 1953 in
1604 1872 1663 1954 his

224 1980 311 2094 ipsis
336 1975 634 2064 revelationibus
657 2001 863 2061 occurrunt
892 1973 1079 2089 exempla,
1100 1979 1302 2091 inquibus
1331 1988 1435 2063 Deus
1456 1978 1552 2066 illud
1580 2013 1662 2070 non

226 2097 350 2196 dedit,
372 2094 483 2207 quod
505 2097 627 2204 periit,
650 2087 715 2176 sed
735 2084 839 2177 aliud
857 2093 968 2205 quod
985 2120 1067 2174 non
1088 2096 1209 2201 petiit.
1266 2097 1370 2177 Nam
1393 2097 1435 2179 l..
1464 2125 1499 2180 i.
1522 2098 1570 2183 C.
1594 2126 1660 2198 ¹4·

227 2211 397 2295 dicitur:
436 2206 589 2291 Accidit
616 2211 733 2289 nimia
749 2206 987 2315 ⁴tempestatis
1010 2202 1165 2301 siccitas,
1194 2232 1309 2319 quam
1331 2209 1513 2292 homines
1535 2208 1660 2295 causa·

224 2325 365 2420 bantur
385 2322 497 2407 nimis
516 2315 756 2431 pernitiosam
784 2321 900 2429 agrisr
945 2319 1121 2429 dumque
1146 2319 1356 2419 Geinudes
1379 2347 1454 2430 pro
1474 2348 1659 2407 amoven-

224 2436 283 2525 do
300 2436 380 2519 hoc
399 2434 503 2517 malo
524 2436 741 2516 Dominum
769 2455 969 2522 exorareti
998 2429 1194 2542 respondit
1210 2427 1263 2515 illi
1287 2433 1496 2516 Dominus.
1555 2441 1659 2544 Quia

221 2552 415 2664 perhanc
439 2548 700 2659 tempestatem
723 2544 971 2656 quorundam
999 2543 1119 2628 corda
1142 2548 1236 2627 mihi
1262 2551 1512 2658 repugnantia
1540 2556 1658 2633 corri-

222 2690 316 2777 gere
340 2665 459 2758 statui,
508 2664 560 2743 ub
578 2657 705 2742 saltem
728 2663 1032 2767 perorationem
1053 2685 1117 2740 me
1142 2683 1327 2769 quaerant,
1351 2656 1498 2742 necesse
1525 2663 1577 2744 est
1597 2662 1658 2746 id·

224 2783 327 2863 circo
348 2781 388 2857 in
412 2691 686 2885 praelentiaium
711 2773 808 2853 hanc
827 2778 980 2881 precem
992 2795 1106 2854 -iuam
1134 2797 1215 2853 non
1238 2771 1419 2854 exaudiri
1476 2778 1656 2859 'Verum-

221 2893 350 2976 tamen
374 2914 423 2970 ne
443 2911 554 2997 putes
578 2909 617 2968 te
638 2886 751 2995 gratis
766 2909 832 2966 aut
849 2886 1009 2966 inaniter
1032 2877 1165 2979 orasse,
1187 2880 1265 2967 alio
1295 2908 1500 2996 propterea
1520 2911 1561 2969 te
1583 2890 1657 2972 do·

218 3004 327 3090 nabo
351 3026 508 3085 munere
534 2990 723 3109 spirituali.
808 3000 901 3079 lsaec
935 2993 1000 3080 illa
1023 2996 1182 3079 audiens
1215 3003 1477 3110 aequanimiter
1508 3007 1659 3112 accepit

219 3117 392 3234 gaudens
418 3113 584 3209 deinde,
613 3113 699 3194 cuin
725 3113 764 3192 in
799 3110 987 3216 ejusmodi
1018 3104 1098 3193 aliis
1128 3114 1233 3216 juxta
1259 3113 1336 3193 Dei
1368 3108 1654 3221 beneplacitum

129 3298 137 3315 .,
218 3259 300 3318 non
322 3229 576 3314 exaudiretur.
620 3261 623 3265 ’
656 3230 702 3307 Et
724 3225 766 3307 s.
797 3251 830 3305 i.
852 3223 904 3306 C.
932 3251 995 3327 ¹9·
1016 3222 1180 3307 diciturr
1209 3226 1435 3321 Gerunda,
1464 3227 1556 3308 dum
1578 3256 1653 3339 pto

215 3337 516 3455 realiqualicet
538 3334 803 3422 ferventissime
823 3359 972 3432 oraret,
999 3331 1107 3419 nullo
1130 3338 1255 3420 modo
1271 3343 1420 3448 potuit,
1440 3342 1655 3449 quomodo

214 3452 379 3557 solebat,
393 3449 677 3566 responsionem
695 3448 719 3535 ὲ
740 3453 918 3534 Domino
938 3447 1129 3544 obtinere,
1143 3447 1208 3535 sed
1229 3455 1269 3533 in
1289 3451 1368 3533 hoc
1385 3452 1533 3536 tanturn
1559 3482 1653 3539 con·

212 3563 431 3664 solabatur,
464 3565 627 3679 quando
658 3567 816 3677 gratiam
850 3557 1036 3646 sentiebat
1061 3589 1136 3674 pro
1163 3556 1297 3676 aliquo
1324 3565 1471 3661 orandi
1509 3613 1527 3631 -
1610 3570 1652 3652 Si

215 3681 379 3796 quando
410 3709 482 3792 pro
515 3707 557 3763 re
578 3673 707 3789 aliqua
736 3701 887 3772 oraret,
910 3679 951 3780 in
974 3703 1052 3789 qua
1080 3675 1172 3759 niliil
1199 3685 1290 3760 certi
1312 3682 1348 3758 ei
1369 3677 1568 3762 Dominus
1591 3707 1649 3764 re·

214 3790 385 3903 velaret,
401 3789 681 3889 consolabatur,
706 3791 994 3905 gaudebatque,
1019 3791 1097 3872 Dei
1123 3784 1342 3899 sapientiam
1370 3787 1651 3875 inscrutabilem

212 3906 282 3995 fibi
307 3901 501 3992 abscondi.
617 3907 660 3991 l..
685 3934 722 3990 2.
741 3907 791 3989 C.
815 3931 880 4004 23.
906 3903 1119 3987 Gerttudes
1141 3900 1279 3987 Deum
1299 3895 1503 4018 alloquens
1525 3900 1645 3990 solum

98 4122 103 4133 ,
202 4026 305 4137 aiti'
328 4024 395 4110 Ne
417 4017 467 4107 sc
489 4020 652 4136 quidem
687 4019 909 4106 emaustum
931 4017 985 4102 est
1014 4011 1173 4128 pelagus
1203 4010 1389 4104 bonitatis
1426 4040 1521 4118 tua,
1550 4024 1642 4129 quin

1534 4157 1639 4215 oran·
