3772 4988
304 238 404 382 {40
677 254 879 354 Revelat.
900 251 952 351 dc
971 248 1158 388 Agreda.
1185 260 1298 354 Pars
1320 258 1377 411 ll.
1451 204 1454 215 Ι
1548 186 1556 191 -
1681 330 1684 337 .

303 457 483 545 redibant
502 480 658 571 recepta
676 454 833 545 sanitate
850 464 984 544 animae
1010 463 1048 542 dt
1075 464 1265 574 corporis.
1319 460 1377 544 Ex
1400 456 1483 544 lioc
1509 450 1647 572 colligi
1671 481 1754 570 pot-

304 573 372 676 est,
392 601 537 687 quanta
553 579 787 687 patraverint
807 575 972 660 durante
990 597 1081 660 toto
1096 569 1329 689 septcrutio,'”
1340 600 1426 689 quo
1449 571 1759 659 morabantutin

139 804 177 829 .-
300 690 497 805 Egypto.

423 840 517 924 673.
561 820 768 922 Herodes,
798 822 886 936 post
918 848 1004 907 uam
1037 843 1113 908 tres
1143 822 1274 936 Reges
1308 824 1384 929 jam
1415 846 1488 935 per
1507 814 1667 934 aliquot
1683 817 1761 904 diet

303 932 586 1057 exspectaverat
615 935 805 1038 reduces,
829 850 1042 1023 sellulam
1069 936 1369 1077 deprebendegs
1391 936 1500 1047 iubet
1538 939 1688 1050 inquiri
1722 938 1759 1020 in

137 1088 141 1100 ·
301 1056 467 1187 Jbsyut
492 1055 528 1134 dc
556 1056 731 1163 Mariam.

207 1192 216 1197 ’
338 1223 345 1233 ,
423 1200 519 1288 675.
548 1182 777 1271 Mandatum
802 1193 896 1293 ejus,
924 1209 1011 1299 quo
1032 1180 1193 1269 mandat
1214 1181 1343 1268 occidi
1364 1176 1580 1278 Infantes,
1614 1178 1759 1265 editum

302 1304 378 1391 luit
394 1295 502 1387 sexto
530 1296 659 1384 mense
682 1302 770 1412 post
789 1302 1049 1385 Nativitatem
1063 1296 1215 1383 Christi.
1276 1300 1319 1382 B.
1340 1300 1465 1411 Vugo
1487 1293 1600 1381 videt
1619 1297 1760 1381 interca

305 1423 345 1505 in
366 1421 491 1501 anima
510 1418 663 1509 Christi,
687 1414 901 1527 quomodo
916 1408 1055 1497 offerat
1073 1410 1167 1497 Deo
1184 1436 1254 1496 eos
1277 1410 1453 1496 infantes.
1514 1412 1658 1496 Oravit
1675 1435 1761 1495 tunc

304 1534 495 1637 Christus,
515 1555 556 1613 ut
579 1526 741 1612 infantes
770 1527 993 1613 obtinerent
1022 1526 1128 1611 usum
1149 1530 1330 1625 tationis,
1353 1523 1533 1623 soline,
1560 1550 1606 1612 ut
1623 1520 1758 1639 seipsos

302 1643 457 1763 possent
476 1638 617 1728 offerre
641 1651 744 1739 Deo,
767 1647 805 1727 δι
831 1641 881 1727 stc
898 1640 979 1727 fieri
1007 1645 1209 1755 Martyres.

429 1793 522 1878 676.
564 1783 603 1859 Β.
624 1782 747 1890 Virgo
772 1801 866 1861 tunc
900 1776 1030 1860 adhuc
1061 1772 1290 1887 ignorabat,
1319 1772 1417 1887 quid
1438 1773 1591 1858 interea
1633 1778 1755 1860 adium

302 1919 391 1980 cum
410 1896 448 1978 S.
466 1888 681 1976 Elisabetlta
705 1899 744 1974 dc
768 1894 934 1992 Joanne.
990 1895 1090 1974 Non
1110 1888 1283 1974 audebct
1308 1889 1456 1975 dehac
1480 1917 1525 1974 re
1543 1895 1756 2001 interroga·

301 2036 346 2094 re
367 2003 473 2092 suum
489 2003 623 2091 filium.
683 2006 762 2089 Sed
783 2008 846 2088 hic
864 2003 966 2090 ulttd
982 1999 1036 2089 illi
1052 2000 1218 2094 revelata
1246 2005 1466 2089 Zachariam
1483 2027 1631 2116 quarto
1652 2032 1754 2089 men·

298 2120 338 2208 lc
358 2124 444 2235 post
465 2122 565 2204 suam
592 2123 845 2207 Nativitatem
865 2119 1033 2209 obiisser
1085 2115 1338 2204 Elisabetham
1360 2117 1456 2203 verb
1481 2143 1572 2204 cum
1594 2114 1679 2206 filio
1703 2116 1755 2203 se·

299 2232 437 2321 cessasse
464 2239 503 2318 in
524 2230 728 2319 desertum.

419 2385 515 2469 677.
543 2378 585 2454 Β.
605 2375 729 2483 Virgo
756 2374 942 2486 agnovitr
972 2367 1227 2458 Elisabetham
1252 2373 1341 2488 post
1359 2395 1437 2458 tres
1465 2398 1594 2460 annos
1615 2370 1753 2461 suavi·

300 2486 457 2577 duitatis
476 2481 637 2589 obiille,
660 2492 701 2570 de
723 2490 918 2590 Joannem
939 2483 1040 2571 velle
1068 2515 1226 2575 manere
1250 2493 1290 2572 in
1324 2485 1497 2577 desertor
1544 2491 1628 2575 haec
1654 2496 1752 2576 enim
1867 2590 1870 2594 ¹

298 2600 369 2718 ipsa
388 2597 626 2695 revelaverat
646 2605 809 2706 JESUS.
863 2603 1041 2688 Durante
1058 2628 1189 2688 autem
1208 2596 1279 2687 illo
1298 2607 1467 2688 triennio
1487 2610 1529 2688 Β.
1549 2609 1677 2719 Virgo
1691 2634 1752 2691 ro·

298 2742 368 2835 gat
393 2717 500 2801 suum
527 2713 673 2815 filium,
706 2741 749 2802 ut
780 2715 908 2832 pollet
933 2743 981 2801 ex
1012 2713 1237 2832 longinquo
1260 2723 1393 2824 juvare
1410 2711 1685 2822 Elisabetham,
1712 2723 1750 2805 dr

297 2838 505 2939 Joannem.
564 2827 741 2916 obtenti
762 2858 858 2945 ergo
876 2824 1031 2917 licentia
1053 2836 1169 2918 mittit
1198 2837 1253 2917 eis
1280 2833 1391 2917 cibos
1418 2837 1456 2916 dr
1482 2827 1556 2918 alia
1592 2835 1754 2921 necella·

290 2951 357 3035 ria
378 2972 450 3060 pet
473 2941 649 3059 angelos,
670 2972 740 3058 pet
762 2973 867 3059 quos
886 2953 1001 3059 proin
1022 2971 1248 3059 perpetuam
1267 2948 1407 3033 habuit
1423 2973 1511 3032 curn
1528 2945 1605 3033 illis
1625 2977 1752 3035 corte·

299 3060 571 3176 spondentiam
599 3086 647 3145 ex
678 3065 872 3174 Egypto.
934 3061 1114 3168 Quando
1144 3086 1274 3148 autem
1317 3064 1480 3147 instabat
1509 3061 1594 3149 dies
1620 3070 1754 3151 mortis

298 3173 544 3272 Eurabetha,
564 3172 661 3259 mifit
684 3181 719 3259 ei
742 3202 922 3289 magnam
946 3170 1231 3262 multitudinem
1258 3172 1499 3292 angelorum.
1552 3182 1753 3265 Mormam

298 3287 433 3405 sepelit
449 3295 623 3393 Joannes
647 3294 904 3402 quatriennis,
919 3290 1138 3400 juvantibus
1162 3287 1272 3377 fimul
1299 3287 1456 3405 angelis.
1537 3293 1596 3376 Ex
1619 3320 1672 3378 eo
1693 3294 1754 3379 dic

297 3409 343 3490 B.
365 3407 487 3515 Virgo
506 3402 605 3487 mistt
622 3404 803 3517 quotidie
823 3431 895 3517 per
911 3400 1072 3519 angelos
1092 3405 1204 3492 cibos
1226 3412 1266 3489 δι
1284 3403 1501 3505 necellaria,
1515 3402 1650 3493 donec
1667 3436 1753 3523 per·

298 3542 459 3605 venerat
479 3510 532 3600 ad
551 3518 714 3616 atatem,
737 3523 778 3603 in
799 3546 878 3632 qua
899 3512 1117 3635 sibimetipsa
1138 3544 1294 3636 poterat
1309 3521 1520 3636 providere
1535 3521 1590 3615 de
1608 3524 1752 3625 herbis,
1870 3626 1873 3633 ¹

297 3633 505 3729 radicibus,
525 3636 564 3714 dt
588 3627 704 3722 melle
722 3629 899 3747 sylvestri.
1321 3692 1323 3697 «

417 3783 513 3865 673.
540 3771 585 3850 Β.
597 3773 654 3852 V.
672 3772 834 3882 agnovit
853 3764 1045 3853 lanienam
1060 3764 1286 3866 infantium,
1309 3766 1416 3883 quafi
1433 3765 1562 3861 fuillet
1575 3766 1754 3886 presens:

299 3877 511 3969 adultiores
529 3875 683 3967 illorum
704 3910 787 3966 non
803 3882 950 3967 habent
968 3898 1117 3972 etatem
1136 3891 1336 3990 majorem,
1356 3910 1476 3996 quarn
1495 3883 1669 3973 duorum
1692 3915 1756 3974 an·

295 4020 449 4089 nonam.
508 4002 662 4094 Omnes
694 3996 892 4087 habebare
914 3995 1022 4084 usum
1052 4000 1237 4103 tationis,
1289 3993 1555 4114 agnoscebant
1583 4001 1757 4091 divinam

1537 4162 1542 4169 ·
1635 4118 1754 4207 esseu-
