3796 4994
212 248 343 430 ¹04x
443 264 453 274 ί
496 298 520 313 ”’
582 302 756 438 Regula
778 328 836 401 ear
862 295 983 402 eard
1008 297 1060 400 de
1081 288 1282 429 Laurea?
1327 254 1350 363 f

212 538 262 595 co
292 511 410 598 nitiot
443 503 535 592 licet
563 535 648 593 cum
672 514 818 618 majore
851 507 1093 594 disbaitione
1126 512 1164 589 dr
1190 497 1467 591 alienationes
1494 495 1664 587 sensibus

213 537 346 710 insuia.
399 625 662 708 Conveniunt
683 631 799 709 etiam
821 630 873 736 iri⁸
882 627 1030 707 eisdem
1053 623 1239 728 objedisr
1271 645 1436 730 utraque
1454 623 1560 702 enim
1584 642 1670 701 ten·

216 741 275 823 dit
296 744 334 822 in
360 739 505 834 Deum,
531 765 576 820 ac
600 737 731 821 divina
757 733 1038 850 principaliter,
1077 743 1117 820 dr
1140 741 1178 818 in
1202 737 1336 818 omnia
1357 729 1429 816 alia
1451 731 1474 818 ὲ
1498 739 1590 815 Deo
1610 759 1671 816 rt-

213 849 340 938 velata
370 856 496 951 minus
527 847 811 966 principaliter,
840 881 927 936 cum
944 852 1086 935 ordine
1109 875 1238 933 tamen
1271 848 1320 930 ad
1349 851 1495 930 Deum.
1556 849 1670 930 Con-

181 974 198 989 *
215 972 376 1051 veniunt
397 972 512 1051 tertio
537 971 578 1050 in
601 968 760 1067 mediis,
790 973 884 1079 quia
924 991 1089 1078 utraque
1116 992 1185 1076 per
1223 959 1366 1074 speeies
1395 955 1668 1076 intelligibiles,

158 1180 167 1191 .
216 1077 382 1191 &saepe
410 1085 525 1166 etiam
553 1110 623 1194 per
659 1076 923 1195 imaginabiles
954 1077 1154 1193 cognoscit
1181 1075 1246 1162 seu
1288 1082 1459 1160 intuetur
1486 1101 1553 1179 ea,
1581 1102 1669 1190 quae

65 1257 69 1269 .
142 1190 153 1199 ’
213 1200 255 1280 in
277 1190 341 1278 illa
362 1191 685 1306 repraesentantur.
745 1200 1003 1281 Conveniunt
1023 1191 1163 1308 quatrd
1184 1199 1224 1277 in
1244 1186 1439 1304 aliquibus
1461 1193 1671 1304 principiis.

217 1314 316 1396 utin
335 1306 532 1395 intelleiiu
556 1315 792 1408 intuente,&
807 1307 1010 1396 voluntate
1035 1305 1173 1393 affedia
1193 1307 1256 1391 scu
1277 1329 1456 1398 amanter
1485 1309 1524 1388 de
1547 1310 1589 1390 in
1606 1331 1672 1390 au·

216 1420 317 1510 siliis
339 1420 697 1534 supernaturalibus,
728 1425 807 1512 fine
838 1427 981 1540 quibus
1011 1420 1160 1508 nullum
1185 1426 1337 1506 bonum
1363 1448 1465 1534 opus
1484 1417 1673 1536 ficripot·

218 1541 287 1640 est,
316 1538 431 1654 quod
453 1539 498 1625 stt
514 1537 762 1624 sruduosum.
1071 1539 1074 1545 ’

186 1820 192 1833 .
252 1821 258 1839 ,
325 1721 495 1854 Regula
526 1754 566 1847 5.
604 1712 778 1820 Etiam
826 1714 1061 1855 alienatio
1100 1715 1131 1819 ὲ
1166 1711 1379 1820 sensibus
1417 1711 1472 1821 &
1507 1712 1674 1821 estalis
1717 1677 1725 1684 ¹

163 1932 168 1937 -
220 1863 436 1967 nonest
473 1878 672 1964 certum
708 1859 936 1997 fignum,
980 1858 1127 1997 quod
1165 1859 1287 1962 vifio
1324 1860 1404 1962 stu
1441 1879 1678 1963 contem·

220 2003 383 2142 piatio
415 2002 472 2106 fit
510 2010 686 2136 potius
723 1998 909 2123 infusa,
941 2032 1102 2141 quam
1144 2001 1393 2140 acquisrta·
1477 2030 1592 2114 Patet
1630 2055 1678 2139 ea

224 2145 335 2259 distis
362 2147 400 2227 in
426 2137 573 2255 Regula
593 2139 847 2254 praecedente.

189 2396 194 2401 -
331 2326 501 2457 Regula
531 2325 576 2426 6.
614 2316 764 2458 Signa
789 2312 1107 2452 probabilia,
1144 2313 1329 2454 quibus
1361 2298 1682 2458 contempla·

224 2461 488 2693 ls⁰oinfusa
511 2462 670 2603 poffit
698 2462 901 2568 discerni
921 2457 986 2566 ab
1014 2461 1267 2600 aequisita,
1281 2460 1394 2566 suut
1408 2465 1680 2600 sequentia.

55 2667 65 2675 ,
273 2666 284 2692 ,
348 2631 453 2693 „,‚
1355 2665 1357 2668 ,

185 2878 190 2882 ,
259 2779 265 2793 ’
345 2775 480 2864 Prima
511 2770 732 2862 differentia
761 2776 817 2861 est
839 2803 888 2860 ex
912 2799 1021 2888 parte
1047 2771 1205 2880 subitdi
1228 2771 1291 2859 seu
1322 2768 1618 2888 dispositionum
1645 2801 1687 2860 e·

226 2890 298 3002 ius.
358 2895 465 3005 Quia
481 2917 556 3003 pro
580 2890 762 3004 acquisita
784 2886 1118 3002 contemplatione
1142 2895 1180 2971 &
1200 2887 1392 2974 fructuosa
1405 2883 1594 2975 sufficiunt
1613 2885 1687 2975 illas

228 3003 514 3119 dispositiones,
544 3030 630 3118 qua
648 3009 895 3118 requiruntur
917 3034 992 3116 pto
1020 3005 1275 3088 meditatione
1308 3002 1524 3102 liuduosa,
1545 2999 1689 3090 scilicet

103 3153 105 3156 ·
237 3143 281 3205 ut
307 3118 352 3205 stt
378 3122 505 3205 humo
534 3146 668 3232 capax,
700 3120 898 3218 instructus
927 3121 979 3204 de
1006 3143 1139 3203 natura
1166 3115 1482 3233 &qualitatibus
1509 3143 1689 3205 contem·

175 3271 180 3277 ·
226 3229 438 3350 plationis,
467 3240 506 3318 dr
531 3240 747 3319 examinata
777 3231 1010 3318 conscientia
1038 3234 1247 3348 cognoscat
1265 3230 1304 3317 se
1322 3261 1404 3317 non
1428 3234 1576 3319 habere
1596 3261 1689 3348 pece

229 3373 360 3435 catum
387 3344 564 3434 mortale.
619 3347 676 3434 At
693 3377 768 3461 pto
793 3344 915 3432 infusa
934 3349 1014 3436 hac
1037 3347 1233 3460 dispositio
1259 3375 1341 3431 non
1364 3340 1517 3437 suffitur
1546 3345 1691 3434 sedre·

149 3490 153 3495 ·
229 3467 397 3579 quiritur
422 3459 661 3577 regulariter,
685 3486 728 3548 ut
753 3491 824 3576 per
851 3466 952 3547 viam
974 3473 1213 3576 purgativam
1240 3491 1310 3574 per
1337 3459 1502 3547 multum
1534 3487 1691 3575 tempus

227 3575 429 3674 transierit,
449 3603 519 3690 per
541 3582 699 3662 virtutes
719 3572 885 3664 morales
904 3574 1160 3664 refrenaverit
1180 3575 1383 3689 paffiones,
1412 3574 1600 3663 saecularia
1620 3606 1692 3662 ne-

257 3693 340 3777 otia
366 3689 595 3790 deseruerit,
636 3688 964 3805 concupiscentias
1011 3699 1149 3778 omnes
1178 3687 1382 3776 carnalium
1411 3689 1474 3778 seu
1502 3719 1693 3805 corpora·

223 3812 324 3922 sum
349 3831 424 3889 nec
451 3832 534 3890 non
560 3810 679 3891 etiam
708 3802 955 3921 spiritualium
987 3807 1234 3904 ambitionis,
1262 3807 1452 3905 honoris,
1483 3805 1620 3912 famae,
1649 3813 1692 3892 dc

140 3949 143 3953 ’
218 3912 365 4034 <glorie
384 3926 550 4008 omnino
572 3920 773 4031 abieceritr
802 3927 843 4009 dr
868 3920 1018 4010 slentio
1046 3945 1092 4008 ac
1111 3915 1309 4008 solitudini
1333 3920 1370 4006 ie
1391 3921 1557 4009 dederit.

252 4206 280 4228 ²
1406 4200 1411 4207 ’
1549 4173 1688 4267 secan·

219 4298 257 4369 a
