3796 4994
621 226 1017 429 exemplarent.
1051 293 1310 431 dffcilium.
1617 332 1689 435 43·

224 508 287 598 res
319 508 419 623 ergo
445 501 719 593 venerabilem
747 504 860 592 Idam
889 501 1109 593 consortem
1125 494 1294 622 puellam
1315 500 1497 595 immensa
1518 500 1575 594 sui
1598 534 1688 597 cor·

222 628 329 742 potis
346 617 455 708 mole
473 624 705 735 deprimere,
729 615 935 738 solamque
962 622 1129 709 cedente
1150 621 1254 710 socia
1282 619 1414 711 leduli
1440 621 1686 714 latitudinem

225 764 431 854 occupare.
489 737 704 824 Mirabatur
723 739 887 853 quidem
906 733 1026 825 altera
1042 740 1309 842 vehementer,
1362 738 1430 826 uid
1447 742 1529 827 hec
1546 766 1689 855 repen·

229 863 312 945 tina
335 849 585 966 corpulentiae
606 848 774 939 latitudo
796 854 1073 966 portenderet,
1109 857 1151 938 dc
1183 768 1420 970 semetiplaru
1448 860 1490 941 in
1515 876 1688 943 extrema

161 1073 167 1085 p
227 995 337 1091 parte
356 971 638 1084 constringens,
669 996 754 1084 quo
770 967 850 1055 fine
873 965 1099 1055 miraculosa
1119 970 1398 1058 demonstratio
1426 966 1685 1071 clauderetur,

174 1132 179 1139 ·
219 1083 467 1178 observabat.
525 1088 616 1169 Nec
644 1110 779 1188 mora,
807 1084 888 1171 Dei
916 1090 1049 1199 virgo,
1079 1111 1181 1201 quae,
1206 1085 1301 1172 sicut
1331 1087 1529 1187 diximus,
1563 1080 1686 1203 paulo

220 1227 311 1295 ante
331 1225 459 1288 totum
488 1192 621 1285 leetuli
647 1196 809 1314 spatium
836 1224 934 1285 occu
964 1222 1082 1303 arato
1098 1222 1185 1287 tota
1209 1225 1373 1318 repente
1398 1198 1602 1317 disparuit,
1635 1228 1687 1291 ac

222 1311 470 1433 corporalem
505 1309 739 1428 praesentiam
775 1309 885 1403 alteri
925 1228 1209 1418 subducendo,
1245 1322 1401 1430 penitus
1444 1336 1684 1434 ocorpatum

218 1430 371 1555 priusi
396 1426 433 1516 sc
458 1424 591 1516 locum
617 1457 665 1514 ex
689 1453 781 1515 toto
802 1456 965 1517 vacuum
989 1427 1158 1545 reliquit.
1214 1438 1253 1518 T
1252 1460 1329 1519 unc
1355 1430 1592 1547 superstitem
1622 1434 1684 1518 ni-

219 1558 293 1640 mis
316 1543 566 1661 stupefadam
591 1542 938 1633 &vociferantem
962 1545 1124 1632 audires.
1177 1545 1235 1635 At
1259 1550 1356 1635 verb
1383 1551 1462 1635 Dei
1481 1552 1609 1663 vitgo,
1634 1546 1682 1635 fi·

218 1696 271 1755 re
286 1672 329 1754 in
348 1688 517 1775 corpore
538 1657 618 1745 srve
642 1684 749 1746 extra
774 1686 918 1775 corpur
951 1658 1094 1761 nescio,
1116 1665 1271 1763 interim
1298 1667 1339 1749 in
1367 1662 1531 1749 domum
1555 1690 1681 1779 quan·

219 1785 327 1880 dam,
354 1771 536 1894 angelicis
562 1799 606 1860 ut
634 1774 756 1860 credo
793 1773 973 1861 manibus
999 1770 1294 1889 transportatam
1324 1773 1368 1867 se
1393 1782 1567 1881 invenit,
1610 1779 1682 1865 ubi

218 1899 299 1986 Dei
320 1898 488 1980 Matrem
516 1896 556 1976 in
588 1890 670 1977 srnu
695 1892 906 2006 gestantem
936 1885 1109 1997 Jesulum
1141 1893 1250 1977 vidit.
1278 1942 1299 1963 ·
1356 1896 1449 1980 Post
1474 1890 1678 2008 paululum

218 2011 410 2100 subtrada
436 2004 582 2093 visrone
601 2001 676 2093 sese
691 2012 798 2114 juxta
824 1998 996 2120 puellam
1019 2010 1061 2092 in
1083 2001 1230 2094 lenulo
1252 2009 1502 2096 recubantem
1521 2014 1679 2122 reperit,
1733 2002 1739 2007 ’
1772 2078 1775 2083 .

169 2126 172 2131 ’
218 2135 261 2214 dc
282 2126 468 2213 vibonem
491 2125 666 2207 narravit
726 2117 803 2206 llic
822 2120 1054 2207 desdcrium
1077 2122 1269 2223 miraculi,
1290 2130 1330 2209 dr
1346 2126 1492 2212 modus
1512 2122 1680 2238 suspeua

217 2244 401 2330 videntur
424 2238 477 2324 de
497 2234 673 2322 iilufione
706 2236 929 2335 doemonis,
954 2236 1023 2323 nist
1048 2232 1154 2322 forte
1187 2237 1421 2347 desiderium
1454 2244 1681 2354 provenerit

219 2386 269 2446 ex
294 2359 433 2443 divino
461 2354 663 2449 instinesu,
693 2356 733 2436 δι
776 2349 962 2465 groffities
1000 2359 1177 2463 corporis
1214 2351 1259 2440 fit
1295 2350 1477 2442 naturalis
1516 2350 1680 2441 effecius
1777 2426 1780 2433 .

217 2470 436 2560 dulcedinis
458 2469 768 2554 extraordinaria
789 2464 972 2581 supernae,
989 2467 1105 2583 quod
1121 2464 1298 2558 absolute
1312 2498 1397 2559 non
1417 2493 1609 2588 repugnat
1629 2473 1677 2557 irr

217 2613 390 2706 corpore
404 2577 615 2701 specialiter
635 2580 835 2696 disposito.

365 2838 412 2933 4.
455 2797 515 2904 ln
550 2801 670 2905 Vita
705 2794 753 2902 S.
790 2795 1050 2904 levvlnae
1083 2821 1138 2911 ad
1170 2849 1236 2926 ¹4·
1261 2818 1406 2939 Aprilis
1431 2804 1678 2911 recensentur
1760 2926 1766 2937 ι

217 2940 418 3060 sequentia
443 2943 495 3028 C.
518 2962 555 3042 ς.
584 2939 754 3026 Dicebat
772 2933 811 3025 se
832 2940 939 3054 quast
962 2943 1074 3027 omni
1090 2946 1211 3027 none
1236 2969 1308 3056 per
1322 2935 1390 3027 lon
1420 2968 1486 3026 unt
1511 2933 1677 3053 spatium

216 3061 422 3173 temporis,
443 3052 626 3143 videlicet
648 3054 844 3141 interdum
866 3059 980 3141 unius
1000 3057 1121 3155 horat,
1143 3055 1339 3143 interdum
1361 2966 1449 3169 plus
1465 3050 1530 3140 vel
1547 3056 1677 3137 minus

217 3178 304 3291 rapi
327 3172 379 3259 ad
401 3167 583 3257 coelestia.
642 3172 881 3283 Rapiebatur
900 3195 1031 3257 autem
1066 3175 1106 3256 dr
1128 3168 1180 3257 ad
1210 3167 1359 3257 diversa
1388 3166 1479 3257 loca
1492 3227 1507 3269 ,
1528 3162 1673 3254 scilicet

217 3293 269 3379 ad
295 3287 438 3405 gaudia
464 3291 574 3401 regni
596 3282 761 3372 coelestis
791 3291 832 3369 dc
855 3284 1046 3399 paradifi,
1068 3284 1120 3371 ad
1142 3288 1367 3401 purgatoria
1395 3310 1563 3400 quoque
1581 3274 1697 3366 loon·
1749 3308 1754 3315 ·

217 3412 258 3493 dt
279 3397 491 3493 infemalia.
549 3400 617 3488 Ad
645 3396 793 3486 diversa
828 3406 944 3486 etiam
967 3395 1058 3487 loca
1091 3401 1199 3489 orbis
1224 3426 1410 3489 terrarum
1438 3426 1478 3486 ra
1507 3398 1673 3495 iebatur.

216 3520 310 3608 loca
336 3512 521 3603 videlicet
552 3542 661 3601 terrae
688 3512 849 3615 sanuae,
879 3516 995 3601 Urbis
1017 3508 1178 3616 Romae',
1205 3520 1247 3601 δι
1279 3516 1333 3602 ad
1356 3508 1430 3602 alia
1449 3429 1559 3631 plura
1577 3508 1674 3600 loca

217 3634 334 3735 sacra,
356 3656 402 3719 ut
416 3628 614 3747 Reliquias
632 3632 863 3719 Sanctorum
882 3625 962 3715 illic
983 3632 1207 3718 constimnr
1229 3629 1418 3722 visitaretr
1445 3658 1520 3718 occ
1544 3623 1673 3716 solum·

217 3778 357 3847 unum,
385 3747 503 3845 duos,
525 3741 710 3844 veltres,
742 3740 810 3831 sed
840 3744 925 3832 fere
955 3748 1092 3859 viginti
1123 3770 1297 3862 quantor
1325 3772 1452 3832 armos
1487 3749 1529 3830 dc
1561 3736 1673 3858 qutfi

217 3869 329 3955 omni
346 3867 467 3948 nodie
486 3866 527 3947 in
544 3863 604 3947 his
630 3859 804 3973 raptibus
826 3864 1078 3948 continuavit.
1152 3868 1336 3972 Quorum
1353 3885 1536 3976 raptuum
1555 3880 1675 3945 occa*

212 3982 322 4071 lione
345 3972 611 4091 cognoscebat
627 3977 768 4063 multas
789 3980 905 4065 etiam
921 3970 1107 4062 Ecclcsras
1125 3980 1166 4062 δι
1193 3977 1435 4075 monasteria,
1454 3970 1672 4087 dispositio·
1715 4044 1721 4055 .

213 4127 302 4191 uem
320 4100 364 4185 dc
386 4090 555 4182 modum
570 4094 763 4182 muuurae
783 4118 927 4199 carum,
941 4086 1131 4294 ρξῖοηις,
1152 4116 1324 4208 quoque
1343 4086 1552 4208 religiosas,
1571 4106 1672 4201 quas

1023 4235 1048 4294 r
1465 4222 1672 4319 nunquam
1711 4266 1715 4271 -
