<?xml version="1.0" encoding="UTF-8"?>
<!DOCTYPE html PUBLIC "-//W3C//DTD XHTML 1.0 Transitional//EN"
    "http://www.w3.org/TR/xhtml1/DTD/xhtml1-transitional.dtd">
<html xmlns="http://www.w3.org/1999/xhtml" xml:lang="en" lang="en">
 <head>
  <title>
</title>
<meta http-equiv="Content-Type" content="text/html;charset=utf-8" />
  <meta name='ocr-system' content='tesseract 3.04.00' />
  <meta name='ocr-capabilities' content='ocr_page ocr_carea ocr_par ocr_line ocrx_word'/>
</head>
<body>
  <div class='ocr_page' id='page_1' title='image "./derevelationibu00amorgoog_0839.png"; bbox 0 0 3796 4994; ppageno 0'>
   <div class='ocr_carea' id='block_1_1' title="bbox 509 292 1660 445">
    <p class='ocr_par' dir='ltr' id='par_1_1' title="bbox 509 292 1660 445">
     <span class='ocr_line' id='line_1_1' title="bbox 509 292 1660 445; baseline 0.004 -42"><span class='ocrx_word' id='word_1_1' title='bbox 509 296 846 445; x_wconf 78' lang='lat' dir='ltr'><em>Observationes</em></span> <span class='ocrx_word' id='word_1_2' title='bbox 859 299 920 399; x_wconf 81' lang='lat' dir='ltr'>ad</span> <span class='ocrx_word' id='word_1_3' title='bbox 937 304 1090 404; x_wconf 79' lang='lat' dir='ltr'>Revel.</span> <span class='ocrx_word' id='word_1_4' title='bbox 1115 302 1168 401; x_wconf 87' lang='lat' dir='ltr'>de</span> <span class='ocrx_word' id='word_1_5' title='bbox 1185 303 1374 438; x_wconf 81' lang='lat' dir='ltr'>Agreda.</span> <span class='ocrx_word' id='word_1_6' title='bbox 1403 292 1408 301; x_wconf 45' lang='lat'><strong>¹</strong></span> <span class='ocrx_word' id='word_1_7' title='bbox 1561 339 1660 440; x_wconf 79' lang='lat'>539</span> 
     </span>
    </p>
   </div>
   <div class='ocr_carea' id='block_1_2' title="bbox 177 507 1807 3490">
    <p class='ocr_par' dir='ltr' id='par_1_2' title="bbox 177 507 1807 3135">
     <span class='ocr_line' id='line_1_2' title="bbox 213 507 1661 624; baseline -0.002 -23"><span class='ocrx_word' id='word_1_8' title='bbox 213 513 322 601; x_wconf 81' lang='lat' dir='ltr'>stone</span> <span class='ocrx_word' id='word_1_9' title='bbox 338 507 492 599; x_wconf 85' lang='lat' dir='ltr'>luorum</span> <span class='ocrx_word' id='word_1_10' title='bbox 512 507 760 620; x_wconf 90' lang='lat' dir='ltr'>templorum.</span> <span class='ocrx_word' id='word_1_11' title='bbox 770 517 812 595; x_wconf 82' lang='grc' dir='ltr'><strong>Ρ.</strong></span> <span class='ocrx_word' id='word_1_12' title='bbox 826 541 861 594; x_wconf 88' lang='lat'>2.</span> <span class='ocrx_word' id='word_1_13' title='bbox 874 513 929 595; x_wconf 89' lang='lat' dir='ltr'>N.</span> <span class='ocrx_word' id='word_1_14' title='bbox 942 524 1034 611; x_wconf 76' lang='grc'><strong>644.</strong></span> <span class='ocrx_word' id='word_1_15' title='bbox 1053 525 1147 612; x_wconf 83' lang='lat'>645.</span> <span class='ocrx_word' id='word_1_16' title='bbox 1176 507 1328 597; x_wconf 78' lang='lat' dir='ltr'>Lucifer</span> <span class='ocrx_word' id='word_1_17' title='bbox 1344 537 1551 624; x_wconf 87' lang='lat' dir='ltr'>propterea</span> <span class='ocrx_word' id='word_1_18' title='bbox 1573 541 1661 624; x_wconf 87' lang='lat' dir='ltr'>pet·</span> 
     </span>
     <span class='ocr_line' id='line_1_3' title="bbox 213 621 1664 745; baseline -0.002 -29"><span class='ocrx_word' id='word_1_19' title='bbox 213 632 370 745; x_wconf 81' lang='lat' dir='ltr'>agrabat</span> <span class='ocrx_word' id='word_1_20' title='bbox 383 653 506 712; x_wconf 84' lang='lat' dir='ltr'>totam</span> <span class='ocrx_word' id='word_1_21' title='bbox 524 632 737 738; x_wconf 69' lang='lat' dir='ltr'>AEgyptum</span> <span class='ocrx_word' id='word_1_22' title='bbox 762 627 829 708; x_wconf 89' lang='lat' dir='ltr'>ubi</span> <span class='ocrx_word' id='word_1_23' title='bbox 845 621 1001 710; x_wconf 86' lang='lat' dir='ltr'>fuerunt</span> <span class='ocrx_word' id='word_1_24' title='bbox 1017 626 1203 712; x_wconf 69' lang='lat' dir='ltr'>destructa</span> <span class='ocrx_word' id='word_1_25' title='bbox 1217 624 1414 735; x_wconf 83' lang='lat' dir='ltr'>templa&amp;</span> <span class='ocrx_word' id='word_1_26' title='bbox 1436 622 1564 711; x_wconf 81' lang='lat' dir='ltr'>altaria</span> <span class='ocrx_word' id='word_1_27' title='bbox 1576 627 1664 713; x_wconf 89' lang='lat' dir='ltr'>suo-</span> 
     </span>
     <span class='ocr_line' id='line_1_4' title="bbox 213 737 1662 854; baseline -0.003 -23"><span class='ocrx_word' id='word_1_28' title='bbox 213 774 300 831; x_wconf 89' lang='lat' dir='ltr'>tum</span> <span class='ocrx_word' id='word_1_29' title='bbox 320 737 531 827; x_wconf 89' lang='lat' dir='ltr'>idolorum.</span> <span class='ocrx_word' id='word_1_30' title='bbox 586 751 698 826; x_wconf 86' lang='lat' dir='ltr'>Tunc</span> <span class='ocrx_word' id='word_1_31' title='bbox 715 742 828 823; x_wconf 85' lang='lat' dir='ltr'>rediit</span> <span class='ocrx_word' id='word_1_32' title='bbox 847 743 884 824; x_wconf 89' lang='lat' dir='ltr'>in</span> <span class='ocrx_word' id='word_1_33' title='bbox 899 768 1049 836; x_wconf 88' lang='lat' dir='ltr'>orcum,</span> <span class='ocrx_word' id='word_1_34' title='bbox 1066 747 1110 824; x_wconf 73' lang='grc' dir='ltr'>ἃ,</span> <span class='ocrx_word' id='word_1_35' title='bbox 1123 744 1287 825; x_wconf 85' lang='lat' dir='ltr'>narravit</span> <span class='ocrx_word' id='word_1_36' title='bbox 1305 741 1570 841; x_wconf 82' lang='lat' dir='ltr'>doemonibus,</span> <span class='ocrx_word' id='word_1_37' title='bbox 1591 746 1662 854; x_wconf 88' lang='lat' dir='ltr'>qui</span> 
     </span>
     <span class='ocr_line' id='line_1_5' title="bbox 215 851 1664 968; baseline -0.001 -25"><span class='ocrx_word' id='word_1_38' title='bbox 215 856 367 943; x_wconf 84' lang='lat' dir='ltr'>fueram</span> <span class='ocrx_word' id='word_1_39' title='bbox 383 852 541 967; x_wconf 75' lang='lat' dir='ltr'>expuli,</span> <span class='ocrx_word' id='word_1_40' title='bbox 563 856 677 968; x_wconf 91' lang='lat' dir='ltr'>quod</span> <span class='ocrx_word' id='word_1_41' title='bbox 694 883 833 940; x_wconf 88' lang='lat' dir='ltr'>eorum</span> <span class='ocrx_word' id='word_1_42' title='bbox 851 854 996 967; x_wconf 84' lang='lat' dir='ltr'>templa</span> <span class='ocrx_word' id='word_1_43' title='bbox 1012 862 1051 939; x_wconf 75' lang='grc' dir='ltr'>δι</span> <span class='ocrx_word' id='word_1_44' title='bbox 1074 851 1181 940; x_wconf 92' lang='lat' dir='ltr'>idola</span> <span class='ocrx_word' id='word_1_45' title='bbox 1198 853 1340 940; x_wconf 87' lang='lat' dir='ltr'>fuerint</span> <span class='ocrx_word' id='word_1_46' title='bbox 1359 856 1566 945; x_wconf 71' lang='lat' dir='ltr'>destrucias</span> <span class='ocrx_word' id='word_1_47' title='bbox 1594 855 1664 968; x_wconf 85' lang='lat' dir='ltr'>ipfi</span> 
     </span>
     <span class='ocr_line' id='line_1_6' title="bbox 217 952 1666 1085; baseline -0.003 -25"><span class='ocrx_word' id='word_1_48' title='bbox 217 1001 320 1060; x_wconf 89' lang='lat' dir='ltr'>emm</span> <span class='ocrx_word' id='word_1_49' title='bbox 338 998 444 1056; x_wconf 90' lang='lat' dir='ltr'>tanta</span> <span class='ocrx_word' id='word_1_50' title='bbox 470 973 712 1054; x_wconf 81' lang='lat' dir='ltr'>festinatione</span> <span class='ocrx_word' id='word_1_51' title='bbox 734 965 988 1069; x_wconf 72' lang='lat' dir='ltr'>recesserunt,</span> <span class='ocrx_word' id='word_1_52' title='bbox 1017 994 1059 1054; x_wconf 91' lang='lat' dir='ltr'>ut</span> <span class='ocrx_word' id='word_1_53' title='bbox 1082 974 1366 1085; x_wconf 83' lang='lat' dir='ltr'>ignoraverint,</span> <span class='ocrx_word' id='word_1_54' title='bbox 1388 952 1666 1085; x_wconf 78' lang='lat' dir='ltr'>quid&#39;accide·</span> 
     </span>
     <span class='ocr_line' id='line_1_7' title="bbox 177 1081 1664 1198; baseline -0.001 -25"><span class='ocrx_word' id='word_1_55' title='bbox 177 1185 183 1192; x_wconf 45' lang='grc'><em>,</em></span> <span class='ocrx_word' id='word_1_56' title='bbox 219 1094 269 1173; x_wconf 88' lang='lat' dir='ltr'>rit</span> <span class='ocrx_word' id='word_1_57' title='bbox 282 1081 435 1195; x_wconf 82' lang='lat' dir='ltr'>templis</span> <span class='ocrx_word' id='word_1_58' title='bbox 450 1089 488 1167; x_wconf 85' lang='lat' dir='ltr'>dt</span> <span class='ocrx_word' id='word_1_59' title='bbox 501 1083 630 1168; x_wconf 87' lang='lat' dir='ltr'>idolis.</span> <span class='ocrx_word' id='word_1_60' title='bbox 650 1090 688 1168; x_wconf 86' lang='lat' dir='ltr'>P.</span> <span class='ocrx_word' id='word_1_61' title='bbox 703 1117 739 1168; x_wconf 80' lang='lat' dir='ltr'>a.</span> <span class='ocrx_word' id='word_1_62' title='bbox 754 1100 846 1194; x_wconf 84' lang='lat'>649.</span> <span class='ocrx_word' id='word_1_63' title='bbox 861 1100 953 1190; x_wconf 86' lang='lat'><strong>650.</strong></span> <span class='ocrx_word' id='word_1_64' title='bbox 1011 1088 1065 1169; x_wconf 84' lang='lat' dir='ltr'>Ex</span> <span class='ocrx_word' id='word_1_65' title='bbox 1081 1088 1138 1168; x_wconf 90' lang='lat' dir='ltr'>his</span> <span class='ocrx_word' id='word_1_66' title='bbox 1154 1089 1192 1167; x_wconf 81' lang='lat' dir='ltr'>dr</span> <span class='ocrx_word' id='word_1_67' title='bbox 1209 1081 1288 1169; x_wconf 89' lang='lat' dir='ltr'>altis</span> <span class='ocrx_word' id='word_1_68' title='bbox 1304 1081 1495 1198; x_wconf 79' lang='lat' dir='ltr'>loquendi</span> <span class='ocrx_word' id='word_1_69' title='bbox 1514 1085 1664 1172; x_wconf 86' lang='lat' dir='ltr'>formu·</span> 
     </span>
     <span class='ocr_line' id='line_1_8' title="bbox 218 1193 1667 1313; baseline -0.003 -24"><span class='ocrx_word' id='word_1_70' title='bbox 218 1198 266 1289; x_wconf 80' lang='lat' dir='ltr'>lio</span> <span class='ocrx_word' id='word_1_71' title='bbox 288 1199 493 1312; x_wconf 81' lang='lat' dir='ltr'>colligitur,</span> <span class='ocrx_word' id='word_1_72' title='bbox 519 1201 817 1282; x_wconf 66' lang='lat' dir='ltr'>destructionem</span> <span class='ocrx_word' id='word_1_73' title='bbox 843 1197 946 1283; x_wconf 89' lang='lat' dir='ltr'>illam</span> <span class='ocrx_word' id='word_1_74' title='bbox 971 1193 1080 1284; x_wconf 80' lang='lat' dir='ltr'>l&#39;uille</span> <span class='ocrx_word' id='word_1_75' title='bbox 1103 1199 1209 1313; x_wconf 85' lang='lat' dir='ltr'>quast</span> <span class='ocrx_word' id='word_1_76' title='bbox 1233 1197 1480 1285; x_wconf 85' lang='lat' dir='ltr'>universalem</span> <span class='ocrx_word' id='word_1_77' title='bbox 1499 1229 1578 1284; x_wconf 90' lang='lat' dir='ltr'>non</span> <span class='ocrx_word' id='word_1_78' title='bbox 1605 1197 1667 1284; x_wconf 85' lang='lat' dir='ltr'>so·</span> 
     </span>
     <span class='ocr_line' id='line_1_9' title="bbox 221 1310 1770 1426; baseline 0.002 -24"><span class='ocrx_word' id='word_1_79' title='bbox 221 1317 302 1402; x_wconf 82' lang='lat' dir='ltr'>lum</span> <span class='ocrx_word' id='word_1_80' title='bbox 324 1312 522 1398; x_wconf 85' lang='lat' dir='ltr'>idolorum</span> <span class='ocrx_word' id='word_1_81' title='bbox 549 1312 612 1396; x_wconf 87' lang='lat' dir='ltr'>sed</span> <span class='ocrx_word' id='word_1_82' title='bbox 636 1321 750 1397; x_wconf 81' lang='lat' dir='ltr'>etiam</span> <span class='ocrx_word' id='word_1_83' title='bbox 773 1311 1023 1426; x_wconf 88' lang='lat' dir='ltr'>templorum.</span> <span class='ocrx_word' id='word_1_84' title='bbox 1079 1315 1124 1400; x_wconf 92' lang='lat' dir='ltr'>ld</span> <span class='ocrx_word' id='word_1_85' title='bbox 1150 1341 1280 1401; x_wconf 89' lang='lat' dir='ltr'>tamen</span> <span class='ocrx_word' id='word_1_86' title='bbox 1306 1317 1358 1400; x_wconf 91' lang='lat' dir='ltr'>de</span> <span class='ocrx_word' id='word_1_87' title='bbox 1377 1311 1530 1426; x_wconf 86' lang='lat' dir='ltr'>templis</span> <span class='ocrx_word' id='word_1_88' title='bbox 1553 1310 1665 1402; x_wconf 88' lang='lat' dir='ltr'>nullo</span> <span class='ocrx_word' id='word_1_89' title='bbox 1768 1400 1770 1405; x_wconf 86' lang='lat'><strong>.</strong></span> 
     </span>
     <span class='ocr_line' id='line_1_10' title="bbox 220 1427 1666 1543; baseline 0 -27"><span class='ocrx_word' id='word_1_90' title='bbox 220 1458 269 1516; x_wconf 85' lang='lat' dir='ltr'>ex</span> <span class='ocrx_word' id='word_1_91' title='bbox 289 1431 439 1515; x_wconf 91' lang='lat' dir='ltr'>idoneo</span> <span class='ocrx_word' id='word_1_92' title='bbox 462 1435 624 1540; x_wconf 89' lang='lat' dir='ltr'>antiquo</span> <span class='ocrx_word' id='word_1_93' title='bbox 648 1430 742 1512; x_wconf 88' lang='lat' dir='ltr'>teste</span> <span class='ocrx_word' id='word_1_94' title='bbox 758 1432 930 1519; x_wconf 70' lang='lat' dir='ltr'>constari</span> <span class='ocrx_word' id='word_1_95' title='bbox 957 1432 995 1513; x_wconf 80' lang='grc' dir='ltr'>δι</span> <span class='ocrx_word' id='word_1_96' title='bbox 1015 1429 1128 1543; x_wconf 91' lang='lat' dir='ltr'>quod</span> <span class='ocrx_word' id='word_1_97' title='bbox 1146 1435 1280 1515; x_wconf 83' lang='lat' dir='ltr'>attinet</span> <span class='ocrx_word' id='word_1_98' title='bbox 1296 1427 1419 1527; x_wconf 91' lang='lat' dir='ltr'>idola,</span> <span class='ocrx_word' id='word_1_99' title='bbox 1442 1456 1587 1516; x_wconf 90' lang='lat' dir='ltr'>veteres</span> <span class='ocrx_word' id='word_1_100' title='bbox 1603 1428 1666 1538; x_wconf 90' lang='lat' dir='ltr'>so-</span> 
     </span>
     <span class='ocr_line' id='line_1_11' title="bbox 220 1539 1668 1658; baseline 0.001 -29"><span class='ocrx_word' id='word_1_101' title='bbox 220 1541 304 1631; x_wconf 82' lang='lat' dir='ltr'>ldm</span> <span class='ocrx_word' id='word_1_102' title='bbox 326 1541 496 1640; x_wconf 85' lang='lat' dir='ltr'>tradunt,</span> <span class='ocrx_word' id='word_1_103' title='bbox 514 1571 559 1627; x_wconf 88' lang='lat' dir='ltr'>ea</span> <span class='ocrx_word' id='word_1_104' title='bbox 580 1539 688 1627; x_wconf 84' lang='lat' dir='ltr'>fuiise</span> <span class='ocrx_word' id='word_1_105' title='bbox 706 1545 902 1651; x_wconf 67' lang='lat' dir='ltr'>consuffra,</span> <span class='ocrx_word' id='word_1_106' title='bbox 927 1543 1136 1630; x_wconf 83' lang='lat' dir='ltr'>doemones</span> <span class='ocrx_word' id='word_1_107' title='bbox 1160 1572 1209 1628; x_wconf 83' lang='lat' dir='ltr'>ex</span> <span class='ocrx_word' id='word_1_108' title='bbox 1230 1550 1275 1629; x_wconf 85' lang='lat' dir='ltr'>iis</span> <span class='ocrx_word' id='word_1_109' title='bbox 1293 1541 1368 1629; x_wconf 81' lang='lat' dir='ltr'>effe</span> <span class='ocrx_word' id='word_1_110' title='bbox 1395 1543 1563 1658; x_wconf 85' lang='lat' dir='ltr'>fugatos.</span> <span class='ocrx_word' id='word_1_111' title='bbox 1591 1550 1668 1631; x_wconf 85' lang='lat' dir='ltr'>Eu·</span> 
     </span>
     <span class='ocr_line' id='line_1_12' title="bbox 223 1657 1694 1772; baseline 0.001 -27"><span class='ocrx_word' id='word_1_112' title='bbox 223 1658 299 1746; x_wconf 87' lang='lat' dir='ltr'>leb.</span> <span class='ocrx_word' id='word_1_113' title='bbox 320 1661 363 1744; x_wconf 73' lang='lat'>1.</span> <span class='ocrx_word' id='word_1_114' title='bbox 379 1685 414 1759; x_wconf 84' lang='lat'>5.</span> <span class='ocrx_word' id='word_1_115' title='bbox 437 1661 486 1744; x_wconf 89' lang='lat' dir='ltr'>C.</span> <span class='ocrx_word' id='word_1_116' title='bbox 506 1688 569 1741; x_wconf 86' lang='lat'>20.</span> <span class='ocrx_word' id='word_1_117' title='bbox 590 1657 632 1740; x_wconf 90' lang='lat' dir='ltr'>id</span> <span class='ocrx_word' id='word_1_118' title='bbox 653 1663 751 1741; x_wconf 76' lang='lat' dir='ltr'>veto</span> <span class='ocrx_word' id='word_1_119' title='bbox 773 1658 982 1743; x_wconf 86' lang='lat' dir='ltr'>doemones</span> <span class='ocrx_word' id='word_1_120' title='bbox 1007 1657 1131 1772; x_wconf 88' lang='lat' dir='ltr'>pallos</span> <span class='ocrx_word' id='word_1_121' title='bbox 1154 1657 1229 1742; x_wconf 90' lang='lat' dir='ltr'>elle</span> <span class='ocrx_word' id='word_1_122' title='bbox 1253 1658 1499 1744; x_wconf 82' lang='lat' dir='ltr'>invisibiliter.</span> <span class='ocrx_word' id='word_1_123' title='bbox 1555 1661 1666 1747; x_wconf 84' lang='lat' dir='ltr'>Idem</span> <span class='ocrx_word' id='word_1_124' title='bbox 1692 1761 1694 1765; x_wconf 66' lang='lat'>,</span> 
     </span>
     <span class='ocr_line' id='line_1_13' title="bbox 220 1770 1668 1884; baseline -0.001 -23"><span class='ocrx_word' id='word_1_125' title='bbox 220 1779 266 1862; x_wconf 91' lang='lat' dir='ltr'>L.</span> <span class='ocrx_word' id='word_1_126' title='bbox 282 1794 319 1858; x_wconf 90' lang='grc'><strong>6.</strong></span> <span class='ocrx_word' id='word_1_127' title='bbox 339 1777 540 1858; x_wconf 89' lang='lat' dir='ltr'>Demonst.</span> <span class='ocrx_word' id='word_1_128' title='bbox 553 1776 694 1884; x_wconf 83' lang='lat' dir='ltr'>Evang.</span> <span class='ocrx_word' id='word_1_129' title='bbox 706 1775 756 1856; x_wconf 91' lang='lat' dir='ltr'>C.</span> <span class='ocrx_word' id='word_1_130' title='bbox 773 1802 837 1859; x_wconf 76' lang='grc' dir='ltr'><strong>ιο.</strong></span> <span class='ocrx_word' id='word_1_131' title='bbox 896 1776 1021 1856; x_wconf 91' lang='lat' dir='ltr'>lmmo</span> <span class='ocrx_word' id='word_1_132' title='bbox 1042 1770 1222 1856; x_wconf 85' lang='lat' dir='ltr'><strong>Eusebius</strong></span> <span class='ocrx_word' id='word_1_133' title='bbox 1239 1777 1413 1874; x_wconf 87' lang='lat' dir='ltr'>testatur,</span> <span class='ocrx_word' id='word_1_134' title='bbox 1429 1774 1453 1860; x_wconf 72' lang='lat' dir='ltr'>a</span> <span class='ocrx_word' id='word_1_135' title='bbox 1472 1779 1510 1857; x_wconf 89' lang='lat' dir='ltr'>S.</span> <span class='ocrx_word' id='word_1_136' title='bbox 1536 1779 1668 1860; x_wconf 86' lang='lat' dir='ltr'>Maca·</span> 
     </span>
     <span class='ocr_line' id='line_1_14' title="bbox 219 1883 1670 2003; baseline 0.001 -27"><span class='ocrx_word' id='word_1_137' title='bbox 219 1896 280 1977; x_wconf 90' lang='lat' dir='ltr'>tio</span> <span class='ocrx_word' id='word_1_138' title='bbox 299 1889 502 2003; x_wconf 84' lang='lat' dir='ltr'>quoddam</span> <span class='ocrx_word' id='word_1_139' title='bbox 525 1883 740 1970; x_wconf 90' lang='lat' dir='ltr'>Delubtum</span> <span class='ocrx_word' id='word_1_140' title='bbox 758 1886 1038 1972; x_wconf 80' lang='lat' dir='ltr'>uetustiffimum</span> <span class='ocrx_word' id='word_1_141' title='bbox 1057 1891 1160 1971; x_wconf 65' lang='lat' dir='ltr'>inas</span> <span class='ocrx_word' id='word_1_142' title='bbox 1188 1912 1286 2001; x_wconf 91' lang='lat' dir='ltr'>ypto</span> <span class='ocrx_word' id='word_1_143' title='bbox 1300 1884 1409 1972; x_wconf 79' lang='lat' dir='ltr'>futile</span> <span class='ocrx_word' id='word_1_144' title='bbox 1424 1891 1670 1978; x_wconf 70' lang='lat' dir='ltr'>destructum.</span> 
     </span>
     <span class='ocr_line' id='line_1_15' title="bbox 221 1915 1669 2115; baseline 0.003 -28"><span class='ocrx_word' id='word_1_145' title='bbox 221 2009 266 2093; x_wconf 88' lang='lat' dir='ltr'>L</span> <span class='ocrx_word' id='word_1_146' title='bbox 282 2020 320 2087; x_wconf 88' lang='grc'>6.</span> <span class='ocrx_word' id='word_1_147' title='bbox 343 2005 439 2086; x_wconf 87' lang='lat' dir='ltr'>Hist.</span> <span class='ocrx_word' id='word_1_148' title='bbox 458 2010 504 2087; x_wconf 85' lang='lat' dir='ltr'>C.</span> <span class='ocrx_word' id='word_1_149' title='bbox 522 2031 585 2085; x_wconf 87' lang='lat'>20.</span> <span class='ocrx_word' id='word_1_150' title='bbox 625 2002 750 2111; x_wconf 92' lang='lat' dir='ltr'>Quod</span> <span class='ocrx_word' id='word_1_151' title='bbox 766 2001 792 2086; x_wconf 88' lang='lat' dir='ltr'>st</span> <span class='ocrx_word' id='word_1_152' title='bbox 813 2007 927 2086; x_wconf 90' lang='lat' dir='ltr'>etiam</span> <span class='ocrx_word' id='word_1_153' title='bbox 950 1998 1080 2115; x_wconf 90' lang='lat' dir='ltr'>aliqua</span> <span class='ocrx_word' id='word_1_154' title='bbox 1096 1915 1206 2086; x_wconf 70' lang='lat' dir='ltr'>idola</span> <span class='ocrx_word' id='word_1_155' title='bbox 1224 2027 1462 2099; x_wconf 87' lang='lat' dir='ltr'>corruerunt,</span> <span class='ocrx_word' id='word_1_156' title='bbox 1485 2000 1669 2093; x_wconf 83' lang='lat' dir='ltr'>nonfuit</span> 
     </span>
     <span class='ocr_line' id='line_1_16' title="bbox 223 2113 1669 2213; baseline 0 -9"><span class='ocrx_word' id='word_1_157' title='bbox 223 2147 271 2204; x_wconf 89' lang='lat' dir='ltr'>ca</span> <span class='ocrx_word' id='word_1_158' title='bbox 293 2115 438 2202; x_wconf 86' lang='lat' dir='ltr'>everfio</span> <span class='ocrx_word' id='word_1_159' title='bbox 453 2113 678 2200; x_wconf 87' lang='lat' dir='ltr'>universalis.</span> <span class='ocrx_word' id='word_1_160' title='bbox 732 2120 772 2201; x_wconf 86' lang='lat' dir='ltr'>Si</span> <span class='ocrx_word' id='word_1_161' title='bbox 791 2123 894 2202; x_wconf 88' lang='lat' dir='ltr'>enim</span> <span class='ocrx_word' id='word_1_162' title='bbox 915 2121 993 2201; x_wconf 91' lang='lat' dir='ltr'>hoc</span> <span class='ocrx_word' id='word_1_163' title='bbox 1014 2143 1148 2202; x_wconf 68' lang='lat' dir='ltr'>voum</span> <span class='ocrx_word' id='word_1_164' title='bbox 1168 2113 1274 2213; x_wconf 81' lang='lat' dir='ltr'>ellet,</span> <span class='ocrx_word' id='word_1_165' title='bbox 1289 2116 1496 2203; x_wconf 83' lang='lat' dir='ltr'>neceffarid</span> <span class='ocrx_word' id='word_1_166' title='bbox 1512 2121 1669 2204; x_wconf 83' lang='lat' dir='ltr'>debuis-</span> 
     </span>
     <span class='ocr_line' id='line_1_17' title="bbox 223 2227 1666 2347; baseline 0.001 -28"><span class='ocrx_word' id='word_1_167' title='bbox 223 2231 279 2319; x_wconf 86' lang='lat' dir='ltr'>let</span> <span class='ocrx_word' id='word_1_168' title='bbox 297 2229 510 2344; x_wconf 89' lang='lat' dir='ltr'>aliquando</span> <span class='ocrx_word' id='word_1_169' title='bbox 528 2230 703 2314; x_wconf 82' lang='lat' dir='ltr'>insinuari</span> <span class='ocrx_word' id='word_1_170' title='bbox 720 2233 771 2315; x_wconf 91' lang='lat' dir='ltr'>ab</span> <span class='ocrx_word' id='word_1_171' title='bbox 795 2227 1057 2345; x_wconf 81' lang='lat' dir='ltr'>Evangelista‚</span> <span class='ocrx_word' id='word_1_172' title='bbox 1087 2233 1180 2316; x_wconf 91' lang='lat' dir='ltr'>dum</span> <span class='ocrx_word' id='word_1_173' title='bbox 1206 2235 1259 2316; x_wconf 88' lang='lat' dir='ltr'>est</span> <span class='ocrx_word' id='word_1_174' title='bbox 1282 2229 1405 2317; x_wconf 85' lang='lat' dir='ltr'>sermo</span> <span class='ocrx_word' id='word_1_175' title='bbox 1429 2231 1595 2347; x_wconf 80' lang='lat' dir='ltr'>defuga</span> <span class='ocrx_word' id='word_1_176' title='bbox 1625 2239 1666 2320; x_wconf 91' lang='lat' dir='ltr'>in</span> 
     </span>
     <span class='ocr_line' id='line_1_18' title="bbox 223 2342 1670 2462; baseline 0.001 -29"><span class='ocrx_word' id='word_1_177' title='bbox 223 2353 462 2461; x_wconf 72' lang='lat' dir='ltr'>lligyptumt</span> <span class='ocrx_word' id='word_1_178' title='bbox 491 2346 595 2430; x_wconf 88' lang='lat' dir='ltr'>idem</span> <span class='ocrx_word' id='word_1_179' title='bbox 621 2343 828 2430; x_wconf 75' lang='lat' dir='ltr'>necessario</span> <span class='ocrx_word' id='word_1_180' title='bbox 847 2342 1037 2432; x_wconf 81' lang='lat' dir='ltr'>debuilset</span> <span class='ocrx_word' id='word_1_181' title='bbox 1052 2353 1230 2431; x_wconf 87' lang='lat' dir='ltr'>annotari</span> <span class='ocrx_word' id='word_1_182' title='bbox 1248 2353 1288 2431; x_wconf 87' lang='lat' dir='ltr'>in</span> <span class='ocrx_word' id='word_1_183' title='bbox 1310 2346 1517 2462; x_wconf 85' lang='lat' dir='ltr'>Apologiis</span> <span class='ocrx_word' id='word_1_184' title='bbox 1532 2373 1670 2435; x_wconf 77' lang='lat' dir='ltr'>contra</span> 
     </span>
     <span class='ocr_line' id='line_1_19' title="bbox 227 2455 1671 2574; baseline -0.001 -25"><span class='ocrx_word' id='word_1_185' title='bbox 227 2457 421 2556; x_wconf 87' lang='lat' dir='ltr'>Gentiles,</span> <span class='ocrx_word' id='word_1_186' title='bbox 445 2457 644 2570; x_wconf 79' lang='lat' dir='ltr'>praesertim</span> <span class='ocrx_word' id='word_1_187' title='bbox 663 2462 712 2543; x_wconf 92' lang='lat' dir='ltr'>ab</span> <span class='ocrx_word' id='word_1_188' title='bbox 734 2468 908 2574; x_wconf 77' lang='lat' dir='ltr'>Origene</span> <span class='ocrx_word' id='word_1_189' title='bbox 930 2487 1065 2546; x_wconf 90' lang='lat' dir='ltr'>contra</span> <span class='ocrx_word' id='word_1_190' title='bbox 1087 2455 1257 2559; x_wconf 83' lang='lat' dir='ltr'>Celsum,</span> <span class='ocrx_word' id='word_1_191' title='bbox 1279 2465 1444 2566; x_wconf 84' lang='lat' dir='ltr'>Justino,</span> <span class='ocrx_word' id='word_1_192' title='bbox 1469 2459 1671 2547; x_wconf 81' lang='lat' dir='ltr'>Tertullia-</span> 
     </span>
     <span class='ocr_line' id='line_1_20' title="bbox 226 2570 1743 2690; baseline -0.005 -27"><span class='ocrx_word' id='word_1_193' title='bbox 226 2607 297 2675; x_wconf 91' lang='lat' dir='ltr'>no,</span> <span class='ocrx_word' id='word_1_194' title='bbox 322 2571 486 2659; x_wconf 86' lang='lat' dir='ltr'>Eusebio</span> <span class='ocrx_word' id='word_1_195' title='bbox 504 2581 580 2658; x_wconf 75' lang='lat' dir='ltr'>dic.</span> <span class='ocrx_word' id='word_1_196' title='bbox 601 2582 694 2687; x_wconf 85' lang='lat' dir='ltr'>quia</span> <span class='ocrx_word' id='word_1_197' title='bbox 708 2572 813 2659; x_wconf 90' lang='lat' dir='ltr'>nulla</span> <span class='ocrx_word' id='word_1_198' title='bbox 833 2585 983 2661; x_wconf 90' lang='lat' dir='ltr'>ratione</span> <span class='ocrx_word' id='word_1_199' title='bbox 1005 2570 1156 2690; x_wconf 82' lang='lat' dir='ltr'>possent</span> <span class='ocrx_word' id='word_1_200' title='bbox 1174 2570 1341 2660; x_wconf 85' lang='lat' dir='ltr'>excusari</span> <span class='ocrx_word' id='word_1_201' title='bbox 1362 2580 1401 2660; x_wconf 91' lang='lat' dir='ltr'>bi</span> <span class='ocrx_word' id='word_1_202' title='bbox 1423 2579 1619 2673; x_wconf 79' lang='lat' dir='ltr'>authores,</span> <span class='ocrx_word' id='word_1_203' title='bbox 1644 2574 1673 2664; x_wconf 89' lang='lat' dir='ltr'>li</span> <span class='ocrx_word' id='word_1_204' title='bbox 1735 2637 1743 2656; x_wconf 83' lang='lat'><strong>.</strong></span> 
     </span>
     <span class='ocr_line' id='line_1_21' title="bbox 227 2685 1674 2804; baseline -0.001 -27"><span class='ocrx_word' id='word_1_205' title='bbox 227 2685 479 2804; x_wconf 83' lang='lat' dir='ltr'>neglexiffent</span> <span class='ocrx_word' id='word_1_206' title='bbox 501 2713 768 2800; x_wconf 79' lang='lat' dir='ltr'>argumentum</span> <span class='ocrx_word' id='word_1_207' title='bbox 790 2693 893 2776; x_wconf 91' lang='lat' dir='ltr'>adeo</span> <span class='ocrx_word' id='word_1_208' title='bbox 915 2695 1126 2791; x_wconf 88' lang='lat' dir='ltr'>notorium,</span> <span class='ocrx_word' id='word_1_209' title='bbox 1141 2695 1179 2772; x_wconf 79' lang='lat' dir='ltr'>dc</span> <span class='ocrx_word' id='word_1_210' title='bbox 1204 2693 1559 2786; x_wconf 83' lang='lat' dir='ltr'>convincens‚dum</span> <span class='ocrx_word' id='word_1_211' title='bbox 1581 2687 1674 2776; x_wconf 75' lang='lat' dir='ltr'>aliis</span> 
     </span>
     <span class='ocr_line' id='line_1_22' title="bbox 227 2801 1807 2918; baseline -0.002 -26"><span class='ocrx_word' id='word_1_212' title='bbox 227 2807 384 2892; x_wconf 86' lang='lat' dir='ltr'>fuerunt</span> <span class='ocrx_word' id='word_1_213' title='bbox 405 2801 625 2888; x_wconf 80' lang='lat' dir='ltr'>solertiilimi</span> <span class='ocrx_word' id='word_1_214' title='bbox 651 2809 691 2895; x_wconf 87' lang='lat' dir='ltr'>in</span> <span class='ocrx_word' id='word_1_215' title='bbox 716 2801 943 2918; x_wconf 79' lang='lat' dir='ltr'>colligendis</span> <span class='ocrx_word' id='word_1_216' title='bbox 965 2807 1188 2917; x_wconf 72' lang='lat' dir='ltr'>prejudiciis</span> <span class='ocrx_word' id='word_1_217' title='bbox 1213 2832 1345 2890; x_wconf 89' lang='lat' dir='ltr'>contra</span> <span class='ocrx_word' id='word_1_218' title='bbox 1369 2803 1547 2891; x_wconf 79' lang='lat' dir='ltr'>Gentiles</span> <span class='ocrx_word' id='word_1_219' title='bbox 1572 2834 1609 2889; x_wconf 90' lang='lat' dir='ltr'>v.</span> <span class='ocrx_word' id='word_1_220' title='bbox 1633 2833 1672 2918; x_wconf 81' lang='lat' dir='ltr'>g.</span> <span class='ocrx_word' id='word_1_221' title='bbox 1804 2905 1807 2908; x_wconf 33' lang='grc'><strong>,</strong></span> 
     </span>
     <span class='ocr_line' id='line_1_23' title="bbox 230 2912 1676 3029; baseline 0 -21"><span class='ocrx_word' id='word_1_222' title='bbox 230 2923 516 3008; x_wconf 84' lang='lat' dir='ltr'>extestimoniis</span> <span class='ocrx_word' id='word_1_223' title='bbox 530 2912 773 3029; x_wconf 71' lang='lat' dir='ltr'>sybillarum,</span> <span class='ocrx_word' id='word_1_224' title='bbox 797 2950 845 3005; x_wconf 86' lang='lat' dir='ltr'>ex</span> <span class='ocrx_word' id='word_1_225' title='bbox 871 2919 1018 3004; x_wconf 83' lang='lat' dir='ltr'>silentio</span> <span class='ocrx_word' id='word_1_226' title='bbox 1038 2913 1297 3006; x_wconf 86' lang='lat' dir='ltr'>oraculorum.</span> <span class='ocrx_word' id='word_1_227' title='bbox 1353 2921 1456 3010; x_wconf 89' lang='lat' dir='ltr'>Vide</span> <span class='ocrx_word' id='word_1_228' title='bbox 1472 2919 1676 3008; x_wconf 78' lang='lat' dir='ltr'>Betomad</span> 
     </span>
     <span class='ocr_line' id='line_1_24' title="bbox 230 3039 698 3135; baseline -0.006 -14"><span class='ocrx_word' id='word_1_229' title='bbox 230 3063 377 3122; x_wconf 86' lang='lat' dir='ltr'>annum</span> <span class='ocrx_word' id='word_1_230' title='bbox 404 3064 435 3116; x_wconf 86' lang='grc' dir='ltr'><strong>ι.</strong></span> <span class='ocrx_word' id='word_1_231' title='bbox 465 3039 516 3120; x_wconf 84' lang='grc' dir='ltr'><strong>Ν.</strong></span> <span class='ocrx_word' id='word_1_232' title='bbox 536 3063 604 3134; x_wconf 87' lang='lat'>44.</span> <span class='ocrx_word' id='word_1_233' title='bbox 630 3063 698 3135; x_wconf 84' lang='lat'>43.</span> 
     </span>
    </p>

    <p class='ocr_par' dir='ltr' id='par_1_3' title="bbox 231 3144 1679 3490">
     <span class='ocr_line' id='line_1_25' title="bbox 351 3144 1679 3262; baseline -0.001 -29"><span class='ocrx_word' id='word_1_234' title='bbox 351 3180 384 3252; x_wconf 67' lang='grc' dir='ltr'><strong>ς.</strong></span> <span class='ocrx_word' id='word_1_235' title='bbox 413 3155 451 3233; x_wconf 85' lang='grc' dir='ltr'><strong>Β.</strong></span> <span class='ocrx_word' id='word_1_236' title='bbox 468 3153 589 3262; x_wconf 82' lang='lat' dir='ltr'>Virgo</span> <span class='ocrx_word' id='word_1_237' title='bbox 608 3174 744 3231; x_wconf 88' lang='lat' dir='ltr'>tenens</span> <span class='ocrx_word' id='word_1_238' title='bbox 761 3152 801 3231; x_wconf 90' lang='lat' dir='ltr'>in</span> <span class='ocrx_word' id='word_1_239' title='bbox 820 3150 982 3231; x_wconf 84' lang='lat' dir='ltr'>brachiis</span> <span class='ocrx_word' id='word_1_240' title='bbox 1002 3144 1170 3252; x_wconf 87' lang='lat' dir='ltr'>Jelulum</span> <span class='ocrx_word' id='word_1_241' title='bbox 1194 3149 1430 3252; x_wconf 86' lang='lat' dir='ltr'>circumibat,</span> <span class='ocrx_word' id='word_1_242' title='bbox 1449 3154 1489 3233; x_wconf 80' lang='grc' dir='ltr'>δι</span> <span class='ocrx_word' id='word_1_243' title='bbox 1513 3175 1679 3233; x_wconf 90' lang='lat' dir='ltr'>convet-</span> 
     </span>
     <span class='ocr_line' id='line_1_26' title="bbox 231 3259 1676 3378; baseline -0.001 -28"><span class='ocrx_word' id='word_1_244' title='bbox 231 3263 339 3350; x_wconf 87' lang='lat' dir='ltr'>tebat</span> <span class='ocrx_word' id='word_1_245' title='bbox 359 3262 430 3348; x_wconf 86' lang='lat' dir='ltr'>luis</span> <span class='ocrx_word' id='word_1_246' title='bbox 450 3262 783 3374; x_wconf 69' lang='lat' dir='ltr'>predicationibus</span> <span class='ocrx_word' id='word_1_247' title='bbox 802 3289 847 3345; x_wconf 87' lang='lat' dir='ltr'>ac</span> <span class='ocrx_word' id='word_1_248' title='bbox 870 3259 1058 3346; x_wconf 88' lang='lat' dir='ltr'>miraculis</span> <span class='ocrx_word' id='word_1_249' title='bbox 1083 3261 1165 3352; x_wconf 85' lang='lat' dir='ltr'>fere</span> <span class='ocrx_word' id='word_1_250' title='bbox 1181 3287 1304 3348; x_wconf 88' lang='lat' dir='ltr'>totam</span> <span class='ocrx_word' id='word_1_251' title='bbox 1329 3268 1556 3378; x_wconf 70' lang='lat' dir='ltr'>AEgyptum.</span> <span class='ocrx_word' id='word_1_252' title='bbox 1577 3270 1618 3349; x_wconf 89' lang='grc' dir='ltr'><strong>Ρ.</strong></span> <span class='ocrx_word' id='word_1_253' title='bbox 1638 3293 1676 3350; x_wconf 76' lang='grc' dir='ltr'><strong>ι.</strong></span> 
     </span>
     <span class='ocr_line' id='line_1_27' title="bbox 234 3373 1678 3490; baseline -0.001 -27"><span class='ocrx_word' id='word_1_254' title='bbox 234 3384 289 3464; x_wconf 90' lang='grc' dir='ltr'><strong>Ν.</strong></span> <span class='ocrx_word' id='word_1_255' title='bbox 305 3395 399 3473; x_wconf 78' lang='grc'><strong>667.</strong></span> <span class='ocrx_word' id='word_1_256' title='bbox 428 3383 645 3489; x_wconf 87' lang='lat' dir='ltr'>Nunquam</span> <span class='ocrx_word' id='word_1_257' title='bbox 663 3385 826 3460; x_wconf 88' lang='lat' dir='ltr'>mutatio</span> <span class='ocrx_word' id='word_1_258' title='bbox 846 3373 1054 3489; x_wconf 80' lang='lat' dir='ltr'>Religionis</span> <span class='ocrx_word' id='word_1_259' title='bbox 1070 3381 1108 3458; x_wconf 92' lang='lat' dir='ltr'>in</span> <span class='ocrx_word' id='word_1_260' title='bbox 1128 3381 1281 3490; x_wconf 85' lang='lat' dir='ltr'>integro</span> <span class='ocrx_word' id='word_1_261' title='bbox 1305 3374 1427 3462; x_wconf 86' lang='lat' dir='ltr'>ferme</span> <span class='ocrx_word' id='word_1_262' title='bbox 1441 3405 1563 3489; x_wconf 86' lang='lat' dir='ltr'>regno</span> <span class='ocrx_word' id='word_1_263' title='bbox 1581 3404 1678 3462; x_wconf 89' lang='lat' dir='ltr'>con·</span> 
     </span>
    </p>
   </div>
   <div class='ocr_carea' id='block_1_3' title="bbox 233 3490 1679 3693">
    <p class='ocr_par' dir='ltr' id='par_1_4' title="bbox 232 3490 1679 3693">
     <span class='ocr_line' id='line_1_28' title="bbox 233 3490 1679 3693; baseline 0 -117"><span class='ocrx_word' id='word_1_264' title='bbox 233 3501 320 3693; x_wconf 56' lang='lat' dir='ltr'>cipit</span> <span class='ocrx_word' id='word_1_265' title='bbox 342 3493 419 3588; x_wconf 82' lang='lat' dir='ltr'>fine</span> <span class='ocrx_word' id='word_1_266' title='bbox 444 3493 735 3576; x_wconf 86' lang='lat' dir='ltr'>vehementibus</span> <span class='ocrx_word' id='word_1_267' title='bbox 755 3492 926 3574; x_wconf 86' lang='lat' dir='ltr'>motibus</span> <span class='ocrx_word' id='word_1_268' title='bbox 946 3499 1152 3601; x_wconf 86' lang='lat' dir='ltr'>Popatum,</span> <span class='ocrx_word' id='word_1_269' title='bbox 1171 3497 1207 3574; x_wconf 83' lang='lat' dir='ltr'>dt</span> <span class='ocrx_word' id='word_1_270' title='bbox 1225 3490 1426 3576; x_wconf 83' lang='lat' dir='ltr'>Ptaesrdum</span> <span class='ocrx_word' id='word_1_271' title='bbox 1439 3496 1568 3576; x_wconf 85' lang='lat' dir='ltr'>adbuc</span> <span class='ocrx_word' id='word_1_272' title='bbox 1583 3519 1679 3606; x_wconf 82' lang='lat' dir='ltr'>gen·</span> 
     </span>
    </p>
   </div>
   <div class='ocr_carea' id='block_1_4' title="bbox 236 3597 1756 4296">
    <p class='ocr_par' dir='ltr' id='par_1_5' title="bbox 236 3597 1756 4296">
     <span class='ocr_line' id='line_1_29' title="bbox 236 3597 1680 3718; baseline -0.001 -26"><span class='ocrx_word' id='word_1_273' title='bbox 236 3618 264 3692; x_wconf 88' lang='lat' dir='ltr'>ti</span> <span class='ocrx_word' id='word_1_274' title='bbox 294 3638 367 3691; x_wconf 90' lang='lat' dir='ltr'>um.</span> <span class='ocrx_word' id='word_1_275' title='bbox 424 3615 537 3690; x_wconf 84' lang='lat' dir='ltr'>Tanti</span> <span class='ocrx_word' id='word_1_276' title='bbox 560 3632 686 3689; x_wconf 85' lang='lat' dir='ltr'>autem</span> <span class='ocrx_word' id='word_1_277' title='bbox 711 3607 881 3718; x_wconf 83' lang='lat' dir='ltr'>strepitus</span> <span class='ocrx_word' id='word_1_278' title='bbox 900 3612 939 3687; x_wconf 74' lang='grc' dir='ltr'>δι</span> <span class='ocrx_word' id='word_1_279' title='bbox 959 3597 1230 3690; x_wconf 75' lang='lat' dir='ltr'>convetfion&#39;es</span> <span class='ocrx_word' id='word_1_280' title='bbox 1247 3634 1329 3691; x_wconf 89' lang='lat' dir='ltr'>noo</span> <span class='ocrx_word' id='word_1_281' title='bbox 1348 3610 1444 3693; x_wconf 87' lang='lat' dir='ltr'>stant</span> <span class='ocrx_word' id='word_1_282' title='bbox 1462 3634 1549 3692; x_wconf 93' lang='lat' dir='ltr'>cum</span> <span class='ocrx_word' id='word_1_283' title='bbox 1568 3605 1680 3691; x_wconf 83' lang='lat' dir='ltr'>silen-</span> 
     </span>
     <span class='ocr_line' id='line_1_30' title="bbox 236 3717 1682 3832; baseline -0.001 -25"><span class='ocrx_word' id='word_1_284' title='bbox 236 3729 294 3807; x_wconf 88' lang='lat' dir='ltr'>tio</span> <span class='ocrx_word' id='word_1_285' title='bbox 313 3725 534 3818; x_wconf 85' lang='lat' dir='ltr'>authorum,</span> <span class='ocrx_word' id='word_1_286' title='bbox 555 3750 602 3805; x_wconf 85' lang='lat' dir='ltr'>ex</span> <span class='ocrx_word' id='word_1_287' title='bbox 626 3722 796 3804; x_wconf 88' lang='lat' dir='ltr'>instituto</span> <span class='ocrx_word' id='word_1_288' title='bbox 811 3717 962 3805; x_wconf 86' lang='lat' dir='ltr'>defatis</span> <span class='ocrx_word' id='word_1_289' title='bbox 987 3721 1182 3820; x_wconf 78' lang='lat' dir='ltr'>eiusmodi</span> <span class='ocrx_word' id='word_1_290' title='bbox 1198 3748 1403 3832; x_wconf 81' lang='lat' dir='ltr'>regnorum</span> <span class='ocrx_word' id='word_1_291' title='bbox 1423 3718 1682 3824; x_wconf 87' lang='lat' dir='ltr'>scribentium,</span> 
     </span>
     <span class='ocr_line' id='line_1_31' title="bbox 238 3829 1756 3951; baseline 0.002 -30"><span class='ocrx_word' id='word_1_292' title='bbox 238 3864 355 3950; x_wconf 85' lang='lat' dir='ltr'>prout</span> <span class='ocrx_word' id='word_1_293' title='bbox 376 3844 539 3951; x_wconf 81' lang='lat' dir='ltr'>contigit</span> <span class='ocrx_word' id='word_1_294' title='bbox 557 3843 655 3921; x_wconf 86' lang='lat' dir='ltr'>circa</span> <span class='ocrx_word' id='word_1_295' title='bbox 675 3838 903 3947; x_wconf 66' lang='lat' dir='ltr'>AEgyptum.</span> <span class='ocrx_word' id='word_1_296' title='bbox 931 3829 1110 3920; x_wconf 83' lang='lat' dir='ltr'>Eusebius</span> <span class='ocrx_word' id='word_1_297' title='bbox 1128 3835 1216 3919; x_wconf 82' lang='lat' dir='ltr'>La.</span> <span class='ocrx_word' id='word_1_298' title='bbox 1232 3841 1326 3919; x_wconf 85' lang='lat' dir='ltr'>Hist.</span> <span class='ocrx_word' id='word_1_299' title='bbox 1343 3839 1392 3924; x_wconf 89' lang='lat' dir='ltr'>C.</span> <span class='ocrx_word' id='word_1_300' title='bbox 1411 3854 1473 3922; x_wconf 77' lang='lat' dir='ltr'>ra.</span> <span class='ocrx_word' id='word_1_301' title='bbox 1487 3840 1524 3917; x_wconf 78' lang='lat' dir='ltr'>dr</span> <span class='ocrx_word' id='word_1_302' title='bbox 1551 3865 1612 3936; x_wconf 85' lang='lat'>¹7·</span> <span class='ocrx_word' id='word_1_303' title='bbox 1631 3863 1681 3924; x_wconf 84' lang='lat' dir='ltr'>ex</span> <span class='ocrx_word' id='word_1_304' title='bbox 1754 3892 1756 3897; x_wconf 93' lang='lat'>-</span> 
     </span>
     <span class='ocr_line' id='line_1_32' title="bbox 238 3945 1682 4064; baseline -0.002 -28"><span class='ocrx_word' id='word_1_305' title='bbox 238 3957 409 4036; x_wconf 88' lang='lat' dir='ltr'>instituto</span> <span class='ocrx_word' id='word_1_306' title='bbox 421 3952 547 4036; x_wconf 87' lang='lat' dir='ltr'>scribit</span> <span class='ocrx_word' id='word_1_307' title='bbox 561 3952 611 4035; x_wconf 89' lang='lat' dir='ltr'>de</span> <span class='ocrx_word' id='word_1_308' title='bbox 626 3950 879 4034; x_wconf 84' lang='lat' dir='ltr'>convetlione</span> <span class='ocrx_word' id='word_1_309' title='bbox 889 3953 1077 4064; x_wconf 61' lang='lat' dir='ltr'>Egyptit</span> <span class='ocrx_word' id='word_1_310' title='bbox 1105 3948 1200 4034; x_wconf 89' lang='lat' dir='ltr'>dicit</span> <span class='ocrx_word' id='word_1_311' title='bbox 1220 3953 1383 4061; x_wconf 86' lang='lat' dir='ltr'>primum</span> <span class='ocrx_word' id='word_1_312' title='bbox 1404 3945 1512 4034; x_wconf 82' lang='lat' dir='ltr'>fuilse</span> <span class='ocrx_word' id='word_1_313' title='bbox 1525 3951 1564 4033; x_wconf 87' lang='lat' dir='ltr'>S.</span> <span class='ocrx_word' id='word_1_314' title='bbox 1578 3954 1682 4034; x_wconf 88' lang='lat' dir='ltr'>Mat·</span> 
     </span>
     <span class='ocr_line' id='line_1_33' title="bbox 240 4059 1684 4178; baseline 0.002 -30"><span class='ocrx_word' id='word_1_315' title='bbox 240 4094 343 4162; x_wconf 90' lang='lat' dir='ltr'>cum,</span> <span class='ocrx_word' id='word_1_316' title='bbox 370 4072 437 4178; x_wconf 91' lang='lat' dir='ltr'>qui</span> <span class='ocrx_word' id='word_1_317' title='bbox 460 4068 514 4149; x_wconf 89' lang='lat' dir='ltr'>ibi</span> <span class='ocrx_word' id='word_1_318' title='bbox 535 4067 793 4177; x_wconf 80' lang='lat' dir='ltr'>praedicauerit</span> <span class='ocrx_word' id='word_1_319' title='bbox 805 4059 1051 4176; x_wconf 84' lang='lat' dir='ltr'>Religionem</span> <span class='ocrx_word' id='word_1_320' title='bbox 1065 4065 1337 4164; x_wconf 73' lang='lat' dir='ltr'>Christianamt</span> <span class='ocrx_word' id='word_1_321' title='bbox 1365 4061 1544 4150; x_wconf 82' lang='lat' dir='ltr'>describit</span> <span class='ocrx_word' id='word_1_322' title='bbox 1566 4069 1684 4151; x_wconf 83' lang='lat' dir='ltr'>eriam</span> 
     </span>
     <span class='ocr_line' id='line_1_34' title="bbox 241 4172 1692 4296; baseline 0.001 -33"><span class='ocrx_word' id='word_1_323' title='bbox 241 4179 454 4295; x_wconf 83' lang='lat' dir='ltr'>Religiosos</span> <span class='ocrx_word' id='word_1_324' title='bbox 476 4185 642 4296; x_wconf 74' lang='lat' dir='ltr'>AEgypti</span> <span class='ocrx_word' id='word_1_325' title='bbox 664 4203 843 4295; x_wconf 85' lang='lat' dir='ltr'>tempore</span> <span class='ocrx_word' id='word_1_326' title='bbox 858 4174 1154 4293; x_wconf 79' lang='lat' dir='ltr'>Apostolorum.</span> <span class='ocrx_word' id='word_1_327' title='bbox 1211 4172 1346 4265; x_wconf 80' lang='lat' dir='ltr'>Fuiffct</span> <span class='ocrx_word' id='word_1_328' title='bbox 1369 4177 1433 4266; x_wconf 87' lang='lat' dir='ltr'>hic</span> <span class='ocrx_word' id='word_1_329' title='bbox 1449 4183 1597 4291; x_wconf 87' lang='lat' dir='ltr'>optima</span> <span class='ocrx_word' id='word_1_330' title='bbox 1616 4205 1692 4273; x_wconf 73' lang='lat' dir='ltr'>oc·,</span> 
     </span>
    </p>
   </div>
   <div class='ocr_carea' id='block_1_5' title="bbox 996 4292 1690 4431">
    <p class='ocr_par' dir='ltr' id='par_1_6' title="bbox 996 4292 1690 4431">
     <span class='ocr_line' id='line_1_35' title="bbox 996 4292 1690 4431; baseline -0.001 -52"><span class='ocrx_word' id='word_1_331' title='bbox 996 4296 1161 4380; x_wconf 79' lang='lat' dir='ltr'>Xxxa</span> <span class='ocrx_word' id='word_1_332' title='bbox 1199 4391 1224 4431; x_wconf 25' lang='lat'>„.</span> <span class='ocrx_word' id='word_1_333' title='bbox 1588 4292 1690 4382; x_wconf 82' lang='lat' dir='ltr'>calio</span> 
     </span>
    </p>
   </div>
   <div class='ocr_carea' id='block_1_6' title="bbox 0 0 1935 4994">
    <p class='ocr_par' dir='ltr' id='par_1_7' title="bbox 0 0 1935 4994">
     <span class='ocr_line' id='line_1_36' title="bbox 0 0 1935 4994; baseline 0 0"><span class='ocrx_word' id='word_1_334' title='bbox 0 0 1935 4994; x_wconf 95' lang='lat' dir='ltr'> </span> 
     </span>
    </p>
   </div>
  </div>
 </body>
</html>
