3796 4994
318 354 321 359 ’
440 319 873 465 „rusurrensi
889 327 994 475 vr'ta
1014 319 1178 429 Marr‘ae
1192 320 1453 466 deAgredc'
1592 256 1695 469 '435

252 546 366 629 etiarn
386 543 552 625 exterius
567 534 723 624 insolito
743 538 869 623 modo
887 537 1083 625 cruciandi
1102 543 1141 622 ἃ
1163 539 1389 652 torquendi.
1443 539 1574 645 Primo
1586 547 1697 629 inva-

218 644 295 742 xsrt
311 652 413 739 illam
435 654 644 739 terroribus
667 660 706 737 δι
729 654 951 744 timoribu'ss
966 660 1071 737 'nam
1097 653 1260 766 quan‘clo
1275 659 1315 737 in
1339 650 1521 740 cubiculo
1535 661 1698 746 vacabat

242 775 432 868 orationi,
451 777 489 852 br
505 772 741 880 castigationi
757 774 944 879 corporis,
963 769 1214 881 extinguebat
1232 764 1374 864 lucem,
1394 795 1436 854 ur
1449 796 1535 854 eam
1549 797 1699 859 averte·

231 912 310 973 ret
324 911 469 969 terrore
479 885 724 982 umbrarum3
748 888 920 994 apparuit
931 878 985 967 illi
997 889 1110 967 etiam
1125 891 1164 969 in
1176 878 1470 993 specietcrribili
1481 884 1697 976 bestiarum.

249 1000 446 1085 Interdum
461 997 669 1110 apparebat
684 1022 725 1082 ut
739 1000 917 1094 cadaver,
932 997 1178 1110 quandoque
1195 1003 1235 1082 in
1253 993 1379 1110 specie
1391 1000 1573 1086 bominis.
1624 998 1698 1088 Af·

249 1117 533 1228 flagebatetiam
545 1112 659 1222 ipsius
679 1140 820 1223 corpus
835 1106 1074 1201 sensibiliterr
1116 1112 1305 1219 onerabat
1330 1117 1370 1197 δι
1389 1115 1572 1226 gravabat
1590 1111 1695 1205 illam

249 1228 356 1342 quasa
370 1230 547 1341 pondere
558 1223 801 1322 intolerabili,
826 1254 871 1310 ac
889 1230 1038 1335 compti
1103 1228 1172 1313 bat
1193 1222 1297 1311 illam
1310 1233 1698 1342 tanquamintorcu·

249 1342 331 1429 lari.
386 1348 488 1427 Inter
508 1346 583 1426 hos
599 1364 748 1455 agones
769 1339 956 1426 sentiebat
976 1255 1260 1455 subffieciebus
1280 1344 1541 1429 Eucharisticis
1560 1350 1697 1433 miram

250 1455 513 1555 dulcedinem,
532 1485 619 1571 quae
640 1453 880 1569 aliquandiu
899 1456 1063 1542 duravit.
1114 1461 1224 1569 Saepe
1238 1461 1353 1545 etiam
1369 1459 1466 1543 vidit
1485 1460 1695 1547 SS.Sacra·

250 1602 424 1658 nasutum
447 1574 721 1657 circumdatum
741 1566 1010 1682 supernaturali
1027 1565 1263 1683 splendore,
1315 1599 1370 1656 uo
1401 1570 1697 1662 confortabatur

250 1684 426 1774 adversus
438 1691 645 1774 inimicum.
701 1687 808 1768 Cum
827 1680 942 1770 semel
956 1711 1053 1796 aegra
1065 1690 1102 1766 br
1118 1686 1261 1770 afflicta
1279 1601 1461 1771 latraret
1481 1689 1532 1771 ad
1550 1691 1692 1777 Domi·

251 1832 358 1900 num,
378 1806 550 1913 apparuit
566 1796 621 1884 illi
640 1808 680 1884 Β.
700 1808 821 1910 Virgo
842 1848 860 1865 ·
881 1795 1075 1883 subsecuta
1092 1799 1284 1884 fortitudo
1305 1805 1422 1893 animi
1438 1806 1478 1886 in
1496 1802 1694 1912 perferen·

250 1922 311 2002 dis
324 1916 624 2015 adversitatibus,
634 1916 813 2011 ostendit,
827 1917 1106 2026 apparitionem
1117 1910 1227 1999 fusile
1242 1941 1385 2001 veram.
1438 1918 1585 2028 Supina
1599 1919 1694 2005 dein

216 2122 221 2131 ,
329 2055 409 2115 crta
423 2034 476 2114 est
489 2030 682 2136 eiusmodi
696 2033 868 2141 gratiam.
905 2030 951 2109 Iu
962 2022 1279 2115 diel'cntecostes
1290 2029 1389 2115 vidit
1398 2023 1694 2141 pulcherrimam

197 2061 472 2249 ''ellambam
494 2144 718 2228 ardentibus
745 2145 860 2227 radiis
889 2137 1070 2254 plenam,
1102 2146 1173 2255 qui
1203 2171 1343 2231 omnes
1369 2145 1634 2260 dirigebantur
1650 2151 1692 2237 iu

247 2258 366 2375 ipsam
379 2261 428 2343 ad
441 2261 733 2344 accendendum
744 2264 822 2366 ejus
832 2285 914 2342 cor.
970 2259 1475 2373 Exhacapparitioue,quae
1490 2265 1692 2376 repeteba·

248 2370 471 2488 tursrngulis
481 2375 619 2458 diebus
628 2403 697 2484 per
711 2399 836 2459 totam
847 2378 1050 2468 oritarum,
1060 2368 1281 2484 replebatur
1290 2381 1389 2461 miro
1402 2371 1555 2478 solatio,
1569 2383 1607 2462 ἃ
1621 2380 1693 2465 de·
1788 2432 1791 2436 -

219 2542 223 2549 ·
246 2489 388 2585 fiderio
400 2486 578 2600 placendi
589 2484 655 2570 suo
666 2483 826 2598 sponso(
855 2482 952 2571 Alio
966 2487 1254 2596 temporum
1263 2488 1458 2575 curulum
1466 2496 1693 2602 patientem,

248 2602 457 2695 crudeliter
475 2598 735 2689 vulnerarunt
761 2628 809 2685 ex
824 2627 903 2713 qua
917 2597 1098 2684 uifionec
1201 2580 1214 2617 ‘
1258 2601 1372 2687 batur
1388 2605 1438 2689 ad
1452 2608 1693 2725 patiendum.

363 2725 409 2822 ς.
428 2745 466 2816 7.
495 2721 672 2801 Doemon
686 2740 814 2807 autur
833 2714 1003 2828 augebat·
1015 2739 1126 2801 natur
1195 2714 1199 2719 ’
1222 2741 1426 2830 perpetuas
1443 2716 1696 2817 infirmitatem

247 2839 302 2921 ita
316 2858 357 2918 ur
380 2859 521 2941 corpus
535 2826 918 3041 debilitateiirrrema
934 2833 1085 2936 penitus
1099 2826 1296 2917 deiiceret.
1355 2833 1531 2940 Quando
1545 2830 1693 2925 secon-

249 2948 400 3034 serebat
412 2946 463 3029 ad
480 2951 711 3047 orationem,
802 2946 853 3031 acl
867 2943 1006 3030 Officia
1026 2942 1291 3044 Ecclefiastica‚
1313 2949 1552 3035 cruciabatur
1569 2952 1619 3037 ab
1639 2978 1693 3037 eo
1774 2944 1777 2949 ’

240 3069 289 3149 in
301 3062 483 3147 omnibus
498 3061 679 3144 membris
698 3085 802 3145 tanta
815 3062 1069 3159 vehementia,
1086 3086 1128 3145 ut
1140 3062 1379 3159 existimaret,
1390 3059 1521 3147 divelli
1537 3063 1625 3150 inse
1640 3065 1693 3151 ab

248 3184 415 3264 invicem
430 3173 665 3261 omniaossa.
720 3168 1301 3287 Gravabatillamiusupertanta
1314 3177 1691 3291 gravedineffltpro·

248 3289 442 3378 laberetur
455 3295 655 3376 interram.
710 3293 899 3402 Cumque
915 3291 955 3375 bi
976 3292 1161 3377 cruciatus
1177 3286 1285 3374 fimul
1306 3317 1578 3379 concurrerent
1599 3321 1692 3379 cum

249 3406 333 3493 aliis
350 3416 431 3509 ejus
448 3401 680 3492 naturalibus
696 3402 990 3505 infirmitatibus,
1003 3389 1187 3491 cressebat
1202 3399 1241 3487 se
1260 3412 1494 3493 morituram.
1551 3412 1694 3495 Praetu·

248 3550 315 3606 rea
333 3522 568 3604 cruciabatur
584 3519 607 3605 a
629 3520 817 3603 doemone
837 3523 878 3603 in
895 3525 1045 3609 animos
1073 3515 1247 3631 suggeffit
1266 3525 1369 3605 enim
1387 3516 1692 3632 petulantissima,

249 3631 1561 3749 &repleviteiusmemoriamimpuriffinusimaginibus,augebatque
1572 3642 1695 3723 maxi·

247 3749 548 3848 marmoribus,
563 3746 768 3947 qusxn
783 3748 981 3834 incederet
992 3753 1052 3833 via
1067 3773 1163 3845 ruta,
1177 3753 1229 3833 ira
1243 3774 1286 3833 ut
1297 3752 1485 3845 crederet,
1497 3751 1565 3835 sabi
1574 3758 1695 3837 inter·

249 3862 391 3949 clusum
410 3860 483 3949 esse
503 3890 627 3997 omne
699 3864 827 3948 tium.
881 3863 1073 3947 Narrabat
1091 3863 1169 3973 ipsa
1182 3862 1234 3947 de
1248 3858 1287 3945 se
1304 3859 1409 3947 aliud
1424 3890 1546 3972 genus
1565 3891 1694 3977 poenae

248 3979 398 4063 dicensr
428 3978 637 4064 Cruciabat
648 4005 711 4061 me
723 3976 888 4063 doemon
903 3973 983 4061 alio
1000 4004 1143 4091 genere
1153 3981 1352 4079 cruciatus,
1361 3980 1474 4089 quod
1486 4006 1567 4061 non
1579 3982 1695 4066 decet

203 4118 212 4132 ·
249 4090 401 4205 eloqui,
420 4093 651 4178 durissimum
677 4116 808 4175 tamen
828 4116 908 4175 erar
925 4098 999 4204 pro
1018 4095 1144 4177 anima
1168 4117 1322 4176 amante
1343 4094 1571 4189 castitatem,
1587 4100 1698 4311 ἃ
1745 4092 1748 4097 ’

247 4234 334 4295 aon
350 4202 464 4297 facie
480 4207 788 4321 permittebatur,
797 4231 846 4293 ut
866 4208 918 4295 de
933 4208 1007 4409 {2³⁶
1022 4234 1065 4295 re
1083 4202 1321 4294 consulerem
1337 4230 1469 4316 meua}
1492 4209 1611 4342 Con·
1642 4310 1697 4441 d,

236 4356 262 4379 ··
887 4429 894 4443 ι
984 4352 1011 4439 p
1023 4351 1103 4440 ps
1475 4408 1479 4413 .
1582 4351 1641 4413 rau
1694 4336 1699 4437 f
