3772 4988
540 314 644 445 47⁸
792 292 1077 447 Praefatioues
1096 310 1152 429 Θ
1170 316 1277 419 uita
1293 318 1457 425 Maria
1471 318 1526 419 de
1549 314 1758 455 agredi.

546 518 621 607 fuit
636 543 715 605 tam
740 520 966 637 copiosum,
991 551 1034 612 ut
1059 554 1178 641 cogar
1198 524 1315 613 alium
1332 524 1474 611 librum
1492 524 1544 611 ad
1565 526 1676 610 hanc
1701 526 1864 611 historia

545 632 908 725 tinentemscribere
927 634 995 725 sub
1012 638 1149 728 titulo:
1173 642 1289 760 [ager
1307 638 1438 765 {parfia
1465 646 1541 725 διε.
1598 644 1750 755 ltaque
1773 640 1861 725 secu

546 778 594 837 ce
626 756 731 863 coepi
758 754 861 839 hanc
895 760 1014 841 vitam
1052 755 1215 844 leribeoe
1247 783 1354 869 antro
1389 770 1515 859 1⁶55·
1540 758 1586 843 in
1613 752 1720 841 festo
1755 756 1883 843 Imma

546 862 849 981 Conceptiouis.
1051 884 1056 895 '
1853 870 1856 875 ’

854 1216 865 1238 ⁶
949 1048 1187 1160 vraeratro
1210 1051 1273 1159 aa
1298 978 1508 1158 niumm
1529 984 1596 1157 ιι.ΙΙ

736 1329 1034 1427 emendarentur
1049 1332 1104 1415 ibi
1127 1328 1334 1440 descriptor
1365 1333 1405 1411 δι
1428 1351 1578 1438 petens,
1600 1356 1697 1411 num
1724 1326 1875 1443 proleq

364 1484 369 1511 ·
546 1440 681 1527 berem
706 1442 975 1554 scriptionem
1001 1442 1199 1560 respondit
1219 1444 1360 1550 Deua:
1402 1440 1521 1526 neue
1546 1438 1732 1555 scripsisti.
1789 1446 1875 1527 Sed

552 1582 598 1641 ut
627 1563 801 1643 moriaris
835 1559 950 1643 rebus
986 1552 1265 1673 temporalibus
1294 1582 1341 1641 ac
1370 1551 1601 1669 vifibilibusr
1652 1560 1697 1639 δι
1731 1582 1776 1641 ut
1814 1584 1885 1643 ren

551 1671 737 1757 omnibus
754 1672 1048 1784 operationibus
1070 1698 1249 1758 creaturae
1274 1693 1443 1755 terrena.
1504 1660 1528 1697 “”

666 1814 704 1871 a.
729 1787 900 1871 Turbata
922 1783 1002 1872 sum
1026 1816 1074 1871 ex
1090 1788 1170 1871 hoc
1189 1808 1396 1901 praecepto·
1410 1780 1460 1867 lic
1483 1778 1679 1895 operandi
1708 1786 1878 1871 virtuter

550 1892 693 1984 difficili
718 1929 792 2012 pro
821 1926 991 1986 creatura
1013 1924 1176 1987 terrena.
1254 1894 1464 1984 Hincsensr
1485 1900 1612 1979 inme
1633 1892 1783 1981 luctam
1807 1904 1886 1983 int

549 2040 642 2097 nem
669 2019 709 2097 dc
738 2010 925 2127 spiritumr
970 2018 1038 2099 iste
1066 2008 1291 2129 impellebat
1316 2012 1367 2098 ad
1399 2007 1642 2095 scribendum
1674 2015 1734 2095 ob
1762 2009 1862 2097 volu

548 2130 641 2227 Dei,
652 2123 716 2211 illa
728 2128 968 2217 retrahebata
988 2128 1202 2235 ‚videbatur
1214 2152 1344 2213 tamen
1358 2128 1453 2211 mihi
1470 2118 1743 2230 verosunilius,
1764 2156 1834 2213 me
1856 2158 1876 2215 a

550 2237 727 2326 bendum
747 2246 969 2355 incapacem
991 2242 1079 2327 tile.

677 2384 715 2459 ³·
743 2360 882 2470 ltaque
901 2362 1002 2443 victa
1021 2381 1129 2441 metu
1149 2350 1430 2440 &difficultate
1450 2346 1634 2451 conclusa,
1657 2383 1747 2439 non
1765 2355 1882 2469 prose

549 2496 636 2586 put.
689 2474 871 2557 Doemon
901 2466 940 2557 se
969 2470 1239 2583 transfigurans
1264 2474 1305 2555 in
1331 2464 1510 2583 angelum
1529 2462 1626 2553 lucis
1645 2472 1877 2557 minabatur

550 2612 661 2780 gum,
679 2582 707 2671 li
724 2612 941 2783 pfirgetem,
963 2591 1004 2671 dr
1026 2587 1194 2701 augebat
1214 2587 1448 2684 anxietates,'
1465 2580 1684 2683 infinum,
1708 2614 1780 2671 me
1802 2614 1852 2674 ea
1884 2610 1886 2616 ’

581 2727 936 2785 ruoenom

673 2730 1019 2917 apurffuldebant
1037 2812 1338 2927 mihilrocopur
1351 2813 1465 2899 etiam
1479 2808 1632 2927 aliquot
1649 2812 1817 2901 devotae
1829 2846 1874 2931 p·

553 2950 643 3043 quae
662 2952 727 3012 me
746 2927 948 3030 amabant,
970 2935 1151 3014 timentes
1175 2925 1370 3013 infamiam
1392 2929 1628 3025 Monallerii,
1653 2928 1681 3011 sr
1705 2926 1819 3015 forte
1849 2969 1851 2974 ¹

670 3054 709 3127 6.
727 3044 903 3128 Intertot
912 3047 1048 3128 flodus
1058 3042 1235 3128 constitui
1248 3070 1312 3126 mc
1324 3047 1567 3127 committere
1578 3042 1848 3136 obedientiaer
1885 3094 1886 3107 ι

552 3158 611 3243 vis
632 3182 742 3241 meus
760 3154 1023 3243 Confeilarius
1044 3154 1173 3243 multia
1190 3155 1329 3244 diebus
1345 3153 1461 3239 fuerit
1478 3151 1623 3241 absens.

669 3301 709 3371 7·
746 3270 815 3355 Ad
834 3270 915 3359 haec
936 3270 1103 3357 doemon
1126 3274 1318 3358 constituit
1336 3272 1430 3355 mihi
1452 3266 1592 3355 tollere
1608 3266 1847 3372 sanitatem,

550 3407 711 3497 gravare
731 3388 892 3473 morbis.
947 3388 1137 3473 Excitavit
1152 3390 1193 3471 in
1214 3411 1278 3472 me
1296 3382 1590 3496 insuperabilem
1614 3384 1838 3477 tristitiamr
1876 3433 1884 3462 ·

549 3497 659 3581 bavit
678 3502 773 3582 mihi
794 3526 922 3615 caput,
946 3507 986 3588 δι
1007 3500 1225 3599 videbatur,
1244 3498 1350 3613 quasa
1368 3495 1486 3583 vellet
1502 3499 1776 3589 obtenebrare
1796 3532 1864 3587 me

550 3604 764 3709 tellectum,
785 3620 825 3698 dt
850 3621 982 3702 omnia
1002 3614 1226 3729 perturbare
1252 3618 1499 3700 inanima&
1522 3639 1709 3725 corpore.
1778 3617 1828 3702 ld
1853 3620 1882 3701 f.

549 3728 645 3849 quia
664 3748 758 3811 tunc
781 3734 886 3842 coepi
901 3736 942 3815 in
972 3758 1037 3813 me
1059 3727 1262 3815 observare
1282 3725 1478 3842 quosdam
1504 3726 1700 3827 defectus,
1724 3758 1876 3847 quamv

550 3852 630 3922 tam
652 3864 702 3922 ex
719 3838 877 3942 malitia,
893 3843 1014 3957 quam
1036 3845 1204 3928 humana
1227 3838 1433 3957 fragilitate
1458 3838 1697 3927 commiilos.
1758 3848 1882 3933 Cona

549 3956 667 4037 etiam
683 3980 748 4039 me
771 3956 1024 4065 persuadere,
1045 3962 1176 4041 omnia
1194 3960 1379 4043 hactenus
1400 3956 1483 4041 ada
1503 3952 1578 4039 else
1599 3952 1822 4051 illufiones.

666 4088 705 4163 8.
731 4064 928 4183 Absorpta
943 4076 1060 4185 igitur
1077 4071 1100 4156 a
1116 4074 1259 4156 tristitia
1280 4076 1320 4154 dr
1340 4068 1637 4182 perturbatione
1661 4070 1829 4162 decrevi
1850 4105 1886 4163 ιι

332 4228 346 4255 ·
477 4218 486 4227 ·
545 4202 632 4285 tete
654 4184 818 4295 primam
836 4208 1000 4299 partem,
1016 4210 1067 4289 nc
1085 4206 1238 4273 teneret
1254 4184 1441 4301 progredi
1461 4184 1513 4271 ad
1531 4179 1765 4281 secundam.
1819 4192 1882 4279 su
