3796 4994
701 328 877 475 Re'gulae
901 368 959 438 err
984 330 1204 440 Pettalus.
1349 278 1353 292 ι
1449 262 1451 265 ·
1604 338 1665 449 ’τι
1802 296 1806 303 ⁴

223 544 463 664 ;‚protulrrit.
487 560 490 565 ’
560 551 747 660 Quonam
769 546 897 633 modo
915 547 995 633 ltaec
1021 542 1096 632 visa
1123 550 1161 631 in
1179 542 1349 659 spiritum
1367 542 1539 633 hominis
1562 549 1673 634 veni·'

219 692 336 764 „antt
362 690 492 749 utrum
521 662 578 748 ibi
599 668 774 775 primitus
802 660 1041 759 formentur,
1069 690 1120 746 an
1151 661 1319 748 formata
1355 667 1596 777 ingerantur,
1626 685 1671 749 ue

218 780 304 878 „stc
328 777 556 863 bominibus
574 773 703 892 angeli
730 780 938 862 ostendant
969 771 1229 892 cogitationes'
1260 774 1368 872 suas,
1407 781 1672 889 quemadmo-

217 894 351 993 „dum
385 899 425 977 de
470 891 541 1008 ipsi
577 898 836 1010 cogitationes
870 895 1014 978 nostras
1056 895 1227 991 uident,
1266 887 1375 976 nolle
1418 919 1501 977 non
1540 889 1671 1007 pollu-

217 1037 389 1110 »mmm

321 1168 494 1300 Regula
539 1171 611 1268 16.
648 1163 876 1269 Visiones
893 1169 1051 1269 etiam
1075 1160 1138 1269 de
1162 1165 1562 1305 cogitationibus
1580 1175 1667 1272 oc·‘

216 1305 362 1416 cultis
381 1305 663 1411 bominum
681 1339 791 1410 non
820 1307 932 1411 sunt
950 1304 1215 1411 necessario
1239 1309 1268 1412 ἐι
1293 1307 1425 1413 Deo.
1498 1333 1540 1424 S.
1577 1335 1669 1421 Au·

211 1451 378 1570 pullinos
405 1451 547 1547 docet,
577 1450 690 1561 quod
712 1451 972 1561 cogitationes
995 1451 1130 1533 nolirae
1148 1449 1351 1533 videantur
1369 1454 1485 1534 etiam
1514 1449 1565 1533 ab
1600 1476 1669 1533 an·
1797 1506 1800 1511 ·

215 1562 335 1682 gelis,
365 1590 411 1651 ut
439 1564 586 1647 constat
604 1591 653 1647 ex
689 1564 815 1646 verbis
856 1559 997 1646 ultimis
1023 1559 1173 1675 Regula
1202 1565 1381 1677 proxime
1410 1563 1672 1650 antecedente

175 1702 179 1709 '
216 1682 421 1776 adductis,
452 1683 493 1761 δι
520 1672 681 1761 sciantur
708 1682 822 1762 etiam
854 1675 1174 1778 ddoemonibum
1214 1684 1390 1793 quamvis
1415 1673 1538 1763 soltlm
1561 1677 1670 1764 sorte

216 1824 284 1913 per
305 1795 427 1881 stona.
454 1793 500 1878 L.
522 1822 561 1877 r.
579 1790 749 1878 Retrao.
781 1793 823 1877 C.
848 1824 915 1892 29.
931 1792 981 1877 fic
1003 1798 1081 1878 aitt
1109 1794 1333 1892 ‚‚Accidit,
1363 1793 1477 1907 quod
1494 1789 1667 1907 aliquem

221 1863 430 2009 „libellum
453 1910 506 1993 de
532 1908 776 1992 divinatione
793 1908 1027 1992 doemonum
1049 1904 1279 1997 scriberem3
1305 1912 1345 1990 in
1373 1916 1453 2012 eius
1485 1906 1666 2021 quodam

223 2023 375 2124 „loco‚
405 2024 475 2109 ubi
498 2023 601 2123 dixi,
630 2023 840 2109 doemones
856 2017 1079 2137 ¹aliquando
1101 2026 1143 2108 dr
1173 2024 1375 2106 homiuum
1398 2019 1667 2135 dispositiones

225 2171 338 2242 „non
361 2135 487 2225 solilm
509 2165 613 2222 voee
631 2132 830 2249 prolatas,
858 2165 992 2223 verum
1024 2142 1140 2223 etiam
1167 2141 1406 2251 cogitatione
1425 2164 1667 2250 conceptae,

228 2283 347 2352 „tum
372 2255 478 2368 figna
499 2253 678 2367 qnaedam
698 2282 747 2339 err
771 2258 904 2338 animo
937 2257 1201 2364 exprimuntur
1220 2259 1260 2338 in
1281 2280 1473 2366 corpore,
1501 2277 1587 2339 tota
1607 2250 1666 2337 sa·

231 2430 253 2470 „
262 2367 399 2455 tilitate
426 2361 664 2481 perdisceret
691 2395 772 2454 rem
789 2369 869 2452 dixi
891 2365 1178 2454 occultissimam
1196 2368 1404 2454 audaciore
1421 2363 1666 2453 asseveratio·

231 2513 329 2586 „ne,
357 2484 480 2598 quim
496 2482 629 2568 debui.
711 2486 816 2568 Nam
839 2480 1040 2594 pervenire
1069 2485 1137 2569 ista
1163 2484 1214 2569 ad
1235 2487 1413 2569 notitiam
1432 2484 1665 2570 doemonum

232 2628 326 2711 „prr
350 2593 541 2683 nonnulla
557 2602 674 2682 etiam
695 2604 957 2711 experimenta
975 2624 1219 2712 compertum
1244 2599 1312 2686 est.
1425 2600 1507 2685 Sed
1537 2624 1666 2684 utrum

230 2715 363 2830 „signa
380 2714 563 2829 quaedam
597 2713 738 2798 dentur
758 2738 807 2796 ex
833 2741 1002 2824 corpore
1032 2718 1310 2826 cogitantium,
1348 2707 1422 2802 illis
1456 2709 1666 2816 sensibilia,

233 2859 335 2932 „nos
352 2856 483 2914 autem
501 2825 683 2929 latentia,
704 2856 755 2913 an
781 2823 853 2911 alia
872 2835 911 2911 vi
946 2835 986 2913 ἃ
1013 2855 1060 2914 ea
1079 2825 1261 2941 spirituali
1284 2831 1352 2915 ista
1396 2827 1664 2944 cognoscant,

232 2973 324 3042 „aut
348 2941 507 3030 difficile
530 2947 657 3056 potest
675 2942 727 3027 ab
749 2944 994 3042 hominibus,
1020 2952 1087 3028 aut
1109 2949 1276 3029 omnino
1298 2973 1382 3031 non
1408 2948 1536 3057 potest
1555 2951 1666 3029 inve·

231 3066 339 3160 „oiri
395 3060 506 3144 ldem
527 3059 571 3143 L.
596 3088 636 3144 r.-
653 3057 761 3146 Cous.
780 3055 908 3143 Acad.
930 3057 1015 3146 C.6
1050 3058 1099 3144 sic
1115 3061 1251 3145 habet:
1280 3063 1517 3161 „licentius
1543 3058 1667 3164 subpe-

229 3183 339 3277 „citr
369 3176 459 3265 Cur
477 3169 608 3288 quaeso
640 3202 723 3260 non
745 3170 952 3286 sapientem
987 3200 1175 3260 vocamus
1204 3174 1528 3290 flagitiosisrmum
1557 3171 1666 3258 illurn

227 3294 487 3391 „bominem
513 3319 632 3403 quem
653 3289 721 3402 ipsr
741 3291 845 3373 bene
863 3295 1042 3374 novimus
1069 3316 1140 3400 per
1171 3293 1371 3377 innumera
1392 3286 1517 3374 scorta
1543 3285 1668 3374 solere

224 3403 441 3505 „dissolvit
464 3401 702 3490 Albictrium
725 3407 818 3489 dico
842 3398 972 3505 illum,
1001 3410 1072 3518 qui
1089 3405 1197 3517 apud
1225 3408 1503 3518 Carthaginem
1522 3401 1669 3488 multos

228 3549 381 3624 „annos
412 3515 701 3605 consulentibus
723 3525 819 3604 mira
852 3520 1029 3634 quedam
1055 3524 1094 3602 ἃ
1132 3544 1234 3604 certa
1258 3517 1466 3632 respondit.
1549 3521 1668 3603 lnnu-

227 3632 455 3740 „merabilia
476 3660 794 3719 commemorare>
807 3633 981 3749 polleni,
1010 3633 1129 3719 nisi&
1152 3636 1256 3748 apud
1279 3663 1347 3718 eos
1366 3629 1575 3748 loquerer,
1595 3633 1667 3745 qui

227 3757 407 3865 „experti
432 3750 529 3836 lunt.
578 3764 589 3867 ’Δ
614 3753 763 3835 Nonne
787 3744 1090 3847 Cocblearium,
1117 3777 1207 3833 cum
1230 3752 1340 3834 domi
1364 3778 1446 3833 non
1474 3749 1670 3833 invenire·

227 3895 352 3969 „rur‚
381 3894 451 3954 tuo
487 3860 586 3973 jussu
618 3871 889 3977 percuneiatus
909 3892 990 3948 non
1020 3860 1143 3948 solium
1174 3866 1272 3979 quid
1316 3889 1572 3978 quereretur,
1600 3883 1670 3944 ve·

225 3983 339 4086 „nim
361 3990 478 4070 etiarn
503 3983 736 4065 nominatim
760 3986 867 4088 cujus
882 4006 942 4064 res
962 3976 1053 4064 esset
1068 3984 1107 4062 δι
1134 3980 1202 4063 ubi
1221 3974 1379 4081 lateret,
1409 3975 1576 4063 citiffime
1603 3998 1671 4056 ve·

222 4098 468 4218 „bibiturque
486 4090 727 4207 respondit?
756 4099 855 4179 ltetn
876 4123 941 4180 me
946 4089 1136 4294 praesente
1152 4121 1240 4178 cum
1257 4122 1378 4208 puer,
1437 4096 1476 4175 ui
1492 4109 1673 4173 nummos

213 4210 417 4323 „ferebam
444 4232 759 4306 emmenum
774 4233 945 4413 partemc
965 4203 1228 4312 oratiueisrt,
1256 4210 1389 4324 coegit
1409 4210 1416 4225 '
1532 4222 1674 4405 0qu

973 4352 997 4437 i
1540 4367 1571 4419 a>
