3796 4994
228 356 326 453 132
641 326 813 461 Regula
832 356 889 423 ex
914 324 1020 425 Pico
1043 254 1241 427 Miranti.

221 562 329 634 nem,
355 526 420 617 vel
447 528 669 644 phantasia,
700 534 741 615 dr
772 533 1035 644 imaginationi
1056 526 1208 623 infulas
1249 557 1314 617 aut
1336 526 1547 619 intelledlui
1570 532 1667 617 indi·

220 674 281 737 ra.
342 677 380 732 a.
406 640 661 757 intelligentia
686 672 848 744 eorum,
876 673 965 761 qua
982 674 1053 757 per
1075 673 1140 731 eas
1166 670 1279 729 notas
1295 674 1340 730 ac
1361 644 1504 759 species
1528 644 1667 761 fignifi-

224 786 381 863 eantur‚
409 760 524 873 quod
544 765 712 869 pertinet
740 762 791 843 ad
822 762 1111 845 revelationem.
1171 790 1208 863 3.
1222 764 1389 845 'Notitia
1408 785 1512 845 certa
1542 786 1669 845 utrum

224 904 272 963 ea
287 874 515 989 fignificatio
544 873 589 957 stt
612 873 782 959 derivata
803 872 827 958 i
854 876 968 962 De03
996 901 1043 957 an
1074 874 1169 959 veri>
1191 878 1396 986 proveniat
1417 872 1440 959 i
1462 872 1669 987 suggestio·

223 1018 275 1076 ne
287 992 513 1073 doemonis?
541 990 632 1083 hoc,
652 994 829 1100 quamvis
851 994 965 1071 etiam
986 992 1175 1101 pertineat
1188 986 1239 1071 ad
1258 984 1556 1087 revelationem,
1578 1016 1670 1101 pto·

61 1176 66 1185 .
220 1106 304 1219 prie
333 1128 467 1187 tamen
487 1104 654 1213 pertinet
675 1104 725 1183 ad
744 1099 1014 1187 discretionem
1037 1102 1245 1213 spirituum.
1301 1103 1409 1215 Sape
1430 1102 1554 1187 ambae
1575 1130 1669 1188 con·

222 1232 430 1331 iunguntur
460 1216 677 1301 &eodem
712 1214 858 1301 lumine
883 1218 1179 1301 manifestantur.
1245 1220 1293 1299 Et
1314 1218 1365 1301 C.
1389 1246 1427 1301 a.
1485 1214 1556 1303 ille
1577 1246 1670 1330 pro,-

220 1334 306 1446 prii
324 1328 522 1443 Propheta
535 1324 774 1443 intelligitur,
803 1335 873 1443 qui
892 1330 1093 1429 visionum,
1108 1335 1490 1444 apparitionumque,
1510 1357 1576 1417 aut
1596 1360 1668 1417 no·

222 1472 348 1535 tarum
379 1448 502 1529 menei
533 1440 595 1528 ins
614 1449 791 1529 iratarum
819 1444 1101 1556 fignificantiam
1132 1472 1202 1554 per
1228 1441 1505 1529 revelationem
1534 1473 1669 1557 perce·

206 1565 294 1674 pit,
324 1585 412 1673 qua:
439 1558 519 1643 stne
542 1474 667 1641 inhio
698 1558 834 1642 divino
869 1556 1014 1643 lumine
1042 1586 1124 1641 non
1160 1560 1226 1641 est.
1293 1562 1350 1643 Ex
1377 1557 1533 1643 defectu
1557 1563 1670 1667 hujus

220 1669 470 1761 revelationis
489 1672 646 1785 proprii
666 1676 866 1784 prophetae
890 1700 971 1757 non
999 1696 1105 1757 erant
1124 1666 1326 1771 Balthasar,
1343 1674 1508 1771 Pharao,
1529 1674 1668 1759 Nabu-

224 1780 479 1893 chodonosor
491 1848 506 1889 ‚
538 1786 680 1899 quibus
706 1813 843 1873 manus
864 1792 904 1871 in
935 1791 1081 1901 pariete
1109 1780 1299 1885 scribens,
1327 1816 1451 1872 vaceae
1476 1792 1517 1871 de
1544 1786 1668 1900 spicae,

224 1908 264 1987 or
285 1902 404 1986 statua
430 1904 506 1987 dte.
534 1898 683 1985 ostensa
708 1898 806 1986 lunt.
863 1903 905 1987 Si
927 1926 1057 1987 autem
1086 1896 1302 2015 aliquando
1332 1900 1500 1986 adfuerit
1522 1896 1669 2002 lumen,

222 2016 374 2103 abditas
386 2018 565 2100 veritates
579 2008 856 2099 intellectuales
878 2015 1066 2125 pandens,
1082 2018 1285 2127 prophetia
1299 2044 1380 2099 non
1395 2018 1514 2112 deest,
1530 2044 1670 2130 quarn-

149 2156 152 2161 ·
222 2136 281 2217 vis
302 2128 427 2215 dehnt
446 2156 573 2217 rerum
596 2124 859 2213 hmilitudines
883 2125 1095 2229 sensibilem
1125 2128 1339 2213 infunditur
1367 2136 1468 2214 enim
1493 2130 1668 2243 aliquan·

223 2244 282 2329 do
302 2238 555 2357 intelligentia
573 2270 621 2326 ex
643 2237 790 2327 lumine
810 2242 962 2357 absque
981 2244 1000 2325 i
1024 2250 1107 2327 erle
1122 2241 1295 2342 senfibili,
1325 2244 1418 2329 srcut
1437 2246 1597 2343 Davidi,
1628 2250 1666 2329 de

221 2355 442 2454 Salomoni,
462 2360 502 2441 oc
518 2354 721 2468 Apostolia
741 2356 910 2443 ereditur
929 2274 1100 2443 adrinrst.
1154 2362 1205 2445 Et
1222 2364 1267 2443 C.
1290 2388 1326 2463 3.
1378 2362 1588 2472 Prophetia
1611 2356 1668 2445 sti·

221 2466 456 2587 pernaturali
475 2466 621 2556 lumine
637 2468 824 2568 habetur,
856 2499 941 2584 quo
961 2466 1164 2557 illustratur
1186 2474 1388 2585 propheta
1410 2500 1521 2559 mens
1543 2472 1596 2557 ad
1624 2501 1670 2560 ea

193 2596 197 2611 '
223 2584 448 2681 noscenda,
478 2612 565 2699 qua:
590 2585 843 2695 postmodum
872 2582 954 2669 aliis
987 2582 1199 2699 invulgant.
1273 2592 1365 2671 Hoc
1389 2612 1518 2673 autent
1536 2583 1668 2675 lumen

222 2694 436 2785 intellediui
464 2724 534 2811 per
552 2692 592 2783 se
607 2726 691 2783 non
716 2704 901 2785 immanet
921 2727 991 2809 per
1007 2703 1173 2786 modum
1193 2702 1373 2803 habitus,
1399 2726 1443 2785 ur
1465 2705 1669 2815 propheta

224 2810 374 2925 semper
394 2830 469 2926 pro
490 2806 603 2897 libitu
634 2808 763 2899 futura
791 2816 1053 2926 prevideant,
1080 2812 1144 2899 sed
1166 2818 1263 2901 inest
1289 2843 1425 2900 eorum
1452 2824 1601 2915 menti,
1627 2840 1669 2905 ur

219 2926 341 3043 pallio
363 2926 543 3043 quadam
562 2924 758 3011 transiens.
818 2928 938 3011 Deest
954 2933 1056 3011 enim
1074 2933 1236 3041 Spiritus
1255 2932 1467 3044 prophetiae
1491 2926 1669 3044 aliquan-

220 3042 280 3127 do
302 3042 518 3155 prophetis.
601 3044 657 3125 lta
688 3036 836 3125 [liseur
869 3040 922 3126 de
942 3042 1184 3128 sunamitide
1207 3045 1323 3128 dicit:
1358 3044 1501 3129 Anima
1527 3052 1608 3153 ejus
1628 3051 1669 3134 in

216 3156 556 3257 amaritudineell,
585 3158 623 3237 de
646 3155 842 3239 Dominus
866 3183 948 3261 non
966 3156 1150 3241 indicavit
1174 3160 1292 3259 mihi3
1321 3163 1359 3241 de
1386 3159 1549 3259 Nathan
1567 3186 1669 3274 quo·

216 3258 302 3385 'elue
323 3271 374 3355 ad
393 3270 588 3354 Davidem
611 3274 803 3379 pertinere
826 3268 1030 3371 credebat,
1052 3295 1096 3353 ur
1129 3295 1207 3355 tem
1238 3268 1318 3356 lum
1349 3274 1505 3357 llrueret
1523 3274 1669 3359 Domi-

216 3410 277 3471 no
303 3382 419 3497 quod
438 3388 478 3465 dt
498 3378 567 3495 ipfi
586 3386 687 3495 Regi
713 3378 935 3483 affirmarat,
958 3384 1091 3467 donec
1111 3300 1349 3469 revehrione
1372 3387 1538 3471 edoctus
1556 3384 1667 3473 Salo·

217 3501 329 3585 moni
346 3497 390 3581 id
404 3520 542 3579 munus
563 3496 787 3581 incumbere
811 3490 1051 3609 palinodiam
1081 3502 1234 3584 cecinit.
1288 3502 1341 3585 D.
1361 3500 1535 3585 Thomas
1558 3530 1666 3589 eom·

214 3608 1666 3841 llhlilll‘gil‘ll‘ildll'lillllln..llillilllilih

210 3834 364 3951 [emper
389 3830 673 3921 illuminatione
699 3840 863 3949 indiget.
929 3842 1127 3951 Imaginor
1166 3870 1244 3953 ego
1286 3848 1337 3925 ita
1375 3849 1544 3943 evenire,
1573 3844 1665 3931 ficut

216 3976 304 4037 eum
332 3956 373 4034 in
398 3948 564 4035 obscuro
588 3956 709 4055 iacet,
736 3948 865 4035 subito
891 3956 1103 4037 accedente
1126 3950 1306 4069 lampade
1325 3948 1591 4049 illuminatura
1620 3986 1667 4043 ea

164 4144 171 4153 .
212 4066 426 4151 recedente
442 4064 604 4151 recudit
625 4064 666 4149 in
690 4067 883 4155 tenebrisr
909 4068 1100 4153 redeunte
1118 4072 1259 4155 iterum
1278 4062 1492 4159 illuilrmur.
1550 4067 1666 4157 intel·

1542 4184 1667 4273 letius
