3796 4994
221 270 350 399 160-
605 270 914 379 revelationes
946 278 991 418 8
1030 215 1274 377 cernuo.
1416 368 1421 375 .

215 476 453 593 semetomm
479 473 603 594 sponfi
623 479 675 566 sui
696 479 847 565 conscia
862 482 930 576 est,
953 484 990 562 δι
1015 504 1177 593 propter
1197 479 1385 564 diutinam
1402 475 1663 579 cohabitatio-

217 623 311 684 nem
329 624 416 680 cum
440 591 579 708 sponso
598 598 770 702 ejusdem
794 599 832 677 in
854 595 1036 679 omnibus
1057 591 1297 680 voluntatem
1313 591 1664 706 &beneplacitum

218 705 415 823 agnoscite
443 711 542 793 hanc
559 713 663 794 enirn
690 705 813 820 sponsi
842 703 1095 808 voluntatem,
1116 728 1233 822 quam
1259 735 1334 819 pro
1355 702 1535 820 sngulari
1554 706 1665 795 sarni·

217 816 388 907 liaritatis
423 826 545 935 gratia
585 822 609 908 i
648 819 789 935 sponso
826 822 975 918 didicit,
1015 816 1096 906 aliis
1133 822 1256 909 debet
1282 815 1467 923 revelate.
1502 880 1505 887 -
1584 823 1665 908 Sed

212 931 571 1046 respondendum:
627 938 822 1031 Christum
878 963 960 1019 non
1012 933 1259 1045 praecepisse,
1325 960 1369 1019 ut
1415 960 1546 1020 omnes
1595 928 1666 1022 1112

213 1045 471 1135 revelationes
527 1047 814 1135 manifestentur
860 1046 1031 1135 omnibus
1078 1047 1163 1135 aliis
1205 1042 1561 1147 indiscriminatim,
1601 1046 1666 1135 sed

214 1158 313 1261 asiis,
338 1160 659 1273 supponendum,
684 1163 736 1247 ad
757 1163 983 1274 capiendam
1007 1156 1208 1247 utilitatem
1231 1154 1386 1250 idoneis.
1446 1164 1582 1274 Quod
1607 1187 1663 1249 at·

211 1281 312 1367 tinet
331 1273 631 1363 calumniatores
654 1282 693 1361 δι
718 1277 1019 1361 connminores
1048 1278 1183 1360 lanum
1202 1273 1509 1372 revelationum,
1544 1277 1590 1360 id
1612 1274 1662 1361 ad

213 1384 305 1476 illos
322 1394 502 1501 pertinet,
521 1396 592 1503 qui
616 1395 749 1474 omnia
773 1390 986 1474 tribuerunt
1008 1382 1242 1475 illusronibus
1264 1381 1484 1484 diabolicis,
1510 1414 1581 1492 aut
1597 1396 1667 1475 im-

215 1504 380 1711 posturis
406 1505 596 1601 humanis,
624 1531 705 1588 non
733 1502 828 1588 vead
852 1505 902 1587 ad
923 1497 1037 1598 illos,
1061 1507 1130 1615 qui
1152 1525 1315 1587 movent
1335 1498 1573 1588 rationabile
1592 1504 1664 1591 du-

244 1623 326 1703 rum
350 1612 482 1703 saltem
506 1619 559 1704 de
581 1613 775 1705 nonnullas
795 1611 1032 1714 illusionibus
1056 1615 1270 1728 phantasia.
1328 1616 1387 1701 Sit
1412 1642 1513 1730 ergo

798 1860 1089 1971 Conclusio·

286 2101 313 2156 x
339 2070 523 2155 omnibus
548 2070 752 2183 hucusque
778 2072 889 2157 distis
915 2065 1065 2186 liquet,
1106 2096 1189 2155 non
1230 2064 1308 2156 csse
1350 2068 1666 2179 demonstratum,

231 2267 236 2275 ,
316 2181 588 2269 Revelationes
616 2187 657 2270 S.
689 2188 892 2271 Getttudis
932 2183 1007 2271 esse
1036 2181 1164 2273 saisost
1199 2182 1265 2269 sed
1293 2212 1367 2270 nec
1397 2181 1473 2271 esse
1505 2188 1667 2299 positivi

220 2297 540 2394 demonstratum,
565 2303 760 2382 omnes&
785 2293 947 2412 fingnlas
964 2295 1039 2383 esse
1064 2298 1234 2399 divinas,
1257 2304 1309 2383 ita
1333 2324 1475 2383 utnon
1497 2308 1666 2411 potuerit

219 2407 429 2523 aliquoties
451 2415 680 2496 intervenire
697 2408 821 2498 illufio
848 2412 1071 2525 phantasias,
1092 2437 1159 2497 aut
1185 2407 1400 2526 aliquando
1432 2418 1551 2500 etiarn
1581 2416 1666 2498 dos·

219 2529 360 2615 monis.
417 2529 555 2611 Utrum
578 2526 674 2611 verb
697 2525 879 2611 fortiores
905 2527 976 2613 srnt
997 2523 1308 2638 praesumptiones
1329 2554 1403 2638 pro
1426 2528 1501 2611 hac
1519 2523 1587 2614 vel
1606 2523 1665 2611 illa

53 2718 56 2724 .
219 2663 357 2753 parte,
386 2633 569 2752 relinquo
597 2639 742 2748 judicio
773 2638 967 2738 Ecclefiae,
991 2646 1202 2736 boeotum,
1226 2668 1395 2750 quorum
1421 2642 1602 2752 dignitati
1624 2662 1666 2724 ac

221 2748 354 2841 officio
391 2752 581 2839 incumbit
618 2755 810 2860 ejusmodi
853 2751 1132 2838 controversas
1181 2753 1419 2853 dijudicandi
1460 2753 1665 2857 necessitas.

223 2863 328 2950 Illud
354 2889 483 2949 tamen
506 2862 655 2963 fateor,
686 2895 750 2951 me
774 2872 813 2951 in
835 2895 920 2952 eam
949 2864 1101 2950 firmum
1127 2869 1221 2950 stare
1251 2863 1501 2958 sententiatos
1526 2861 1664 2952 illusro·

223 3009 294 3067 nes
311 2979 509 3065 doemonis
529 2975 657 3063 adesse
686 2976 831 3078 nullas,
863 3008 952 3064 cum
983 3008 1067 3063 non
1092 3005 1299 3092 appareant
1320 2979 1418 3065 fines
1441 2987 1481 3063 δι
1511 2977 1669 3090 effeci&

125 3105 127 3109 ’
224 3090 398 3185 consueti
422 3097 463 3179 in
486 3094 778 3204 operationibus
805 3095 1052 3182 doemonum.
1107 3089 1262 3178 Censeo
1278 3118 1476 3204 praterea,
1502 3096 1572 3196 itas
1597 3097 1667 3188 Re·

225 3202 441 3297 velationes
463 3234 547 3290 non
576 3204 651 3291 esse
669 3207 796 3320 passim
821 3207 1051 3320 usurpandas
1068 3210 1107 3291 in
1129 3209 1408 3304 concionibus,
1428 3214 1466 3291 δι
1488 3203 1598 3292 libris
1615 3207 1668 3293 Α·

222 3318 392 3417 lecticis,
427 3348 513 3405 cum
539 3320 591 3405 de
621 3318 851 3434 singularum
878 3324 1078 3407 divinitate
1096 3348 1178 3404 non
1209 3319 1423 3405 habeantur
1445 3341 1669 3435 argumenta

221 3434 407 3522 indubias
435 3430 560 3520 multo
584 3440 709 3520 minus
727 3435 985 3549 permittenda
1007 3439 1061 3517 est
1086 3430 1326 3547 quibuslibet
1343 3431 1464 3519 teuto
1486 3439 1668 3520 eatumin

222 3538 353 3658 lingua
373 3540 533 3656 vulgari,
556 3575 642 3634 ctam
662 3546 826 3664 paucula
845 3549 987 3633 exinde
1014 3550 1282 3657 provenientia
1307 3548 1440 3646 bona,
1496 3577 1554 3634 ua
1576 3553 1615 3632 dt
1632 3572 1669 3631 a·

223 3655 284 3747 liis
312 3657 450 3741 mediis
476 3657 647 3746 obtineri
670 3661 847 3773 possunt,
877 3690 960 3747 non
984 3659 1054 3746 fint
1081 3657 1370 3772 compensatum
1391 3578 1533 3745 abolus
1557 3658 1668 3774 pluri·

223 3796 329 3868 mos,
355 3773 394 3853 in
417 3797 520 3884 quos
550 3770 734 3862 inclinant
767 3779 932 3888 speciata
958 3779 1148 3884 imperitia
1182 3779 1221 3858 or
1259 3769 1488 3878 credulitate
1525 3767 1667 3888 popus

57 3925 58 3928 ¹
224 3892 318 3977 Hoec
341 3888 439 3968 veti>
459 3882 867 4002 cautela.Scriptotum
886 3893 973 3975 finis
993 3885 1059 3975 ille
1082 3892 1136 3972 est
1148 3943 1162 3986 ,
1191 3914 1310 4003 quen
1333 3872 1543 3973 necessario
1570 3912 1663 4000 qna·

225 4000 391 4091 tendum
420 3996 539 4099 duxi,
570 4000 664 4087 dum
687 4001 978 4095 confidcrabam
1011 3998 1295 4088 multitudinem
1314 3997 1539 4193 libellorupp
1563 3992 1661 4192 &wip

1537 4141 1585 4195 1¹0
