3796 4994
603 302 1298 475 RevelarcdeAgredaAEarsIM
1559 327 1658 460 465

331 529 429 629 656.
464 491 613 607 Festum
632 526 855 610 Natiuitatis
876 525 1042 610 Domini
1071 525 1270 611 inchoavit
1286 552 1397 612 more
1421 520 1536 644 solito
1558 535 1666 618 Can·
1759 613 1761 617 Α

214 630 310 720 ocis.
364 631 575 722 Descendit
601 637 762 723 adeam
785 639 959 724 Christus
982 633 1496 742 ecoelo,utinaliirfestis.
1554 649 1661 736 Dein

213 744 366 834 elevata
385 748 459 835 suit
478 749 528 834 ab
549 746 697 864 angelis
722 753 745 839 ὲ
769 776 882 850 terra,
907 747 1159 840 &collocata
1180 755 1364 843 adenem
1385 752 1440 841 sui
1461 756 1541 844 filii.
1593 763 1661 847 Ab

212 863 1199 1094 {sibii‘tsztsffit{suddisset
1213 873 1662 1183 psdsiibssds
1837 980 1840 985 ·

216 1116 282 1176 cas
301 1093 417 1205 point
439 1094 665 1180 distribuere
684 1122 760 1206 pro
785 1093 855 1182 suo
871 1094 1042 1181 arbitrio.
1098 1102 1190 1183 Hoc
1228 1127 1322 1184 uum
1344 1095 1525 1188 officium
1546 1107 1661 1190 etiam
1812 1186 1816 1196 ..

215 1205 487 1296 administravit
505 1212 601 1293 mira
620 1205 802 1322 sapientia
821 1213 861 1296 in
880 1211 1031 1296 bonum
1053 1207 1240 1300 Ecclesiae.

322 1353 440 1442 ⁴57·
466 1345 512 1426 B.
533 1340 583 1426 V.
603 1337 734 1425 adme
758 1338 873 1423 dixit:
901 1341 1120 1436 Memento,
1143 1337 1259 1455 quod
1278 1366 1343 1425 me
1358 1343 1586 1454 privaverim
1604 1347 1660 1430 vi·
1780 1354 1786 1363 '
1873 1341 1876 1349 ’

216 1449 339 1551 sione„
360 1456 536 1540 intuitiva
571 1453 651 1536 Dei
681 1452 734 1535 ad
764 1452 974 1567 regendam
1008 1449 1227 1540 Ecclefiam.
1254 1468 1277 1520 ·'
1327 1460 1403 1541 Per
1427 1455 1519 1556 hoc,
1544 1458 1694 1571 quod‘

216 1567 328 1652 Deus
343 1593 391 1653 ex
414 1596 478 1652 me
493 1561 651 1679 suscepit
670 1564 878 1677 humanam
899 1591 1086 1666 naturam,
1105 1592 1251 1653 tantam
1271 1594 1360 1681 erga
1374 1594 1439 1652 me
1456 1576 1660 1673 contraxit,

217 1689 287 1778 (ut
307 1680 358 1765 fic
377 1681 528 1784 dicam)
557 1677 864 1792 obligationem,
895 1682 938 1764 ur
959 1684 1058 1765 hanc
1077 1677 1485 1813 nunquampotuisser
1498 1680 1661 1783 solvere,

216 1793 286 1878 nist
310 1799 440 1878 omnia
468 1800 508 1907 in
534 1823 598 1877 me
625 1791 751 1880 fuisset
771 1816 978 1907 operatus,
1007 1822 1095 1908 quae
1116 1801 1197 1904 ejus
1222 1801 1509 1908 omnipotentia
1533 1804 1663 1911 poruir
1708 1887 1715 1903 ,

219 1911 519 2007 communicare,
546 1914 585 1992 dc
614 1936 703 2024 quae
725 1935 801 2022 ego
821 1913 933 2022 potui
957 1916 1144 2023 reciperes
1394 1910 1402 1920 '

338 2044 390 2116 66
397 2063 433 2138 3.
460 2040 550 2147 Ejus
574 2036 706 2122 divina
716 2034 869 2122 scientia
890 2041 931 2122 dc
950 2062 1061 2123 amor
1074 2035 1243 2124 ascendit
1254 2038 1305 2123 ad
1318 2033 1520 2136 summum,
1539 2063 1660 2151 quan·

216 2165 302 2237 tum
323 2149 364 2228 in
383 2177 479 2260 pura
498 2176 670 2237 creatura
687 2149 760 2236 fuit
776 2145 964 2265 possibile.
1018 2153 1122 2249 Hinc
1142 2152 1396 2240 ardentissime
1420 2152 1662 2250 defideravit,

217 2283 262 2343 ut
284 2256 409 2346 nullus
434 2266 679 2350 damnaretur
699 2291 851 2363 eorum,
875 2270 946 2379 qui
966 2262 1052 2351 su'nt
1069 2266 1332 2379 praedestinari.
1387 2273 1547 2352 Mortua
1569 2263 1662 2351 suit·

217 2367 273 2457 set
283 2401 360 2485 prtc
373 2405 507 2463 amore
517 2385 625 2463 omni
639 2376 750 2480 horai,
766 2378 831 2465 nisi
844 2383 1131 2492 omnipotentia
1143 2384 1219 2466 Dei
1230 2407 1315 2466 eam
1327 2377 1511 2467 seruasset.
1536 2394 1635 2483 664.

337 2517 435 2609 665.
473 2509 648 2591 Christus
665 2532 751 2590 eam
772 2509 967 2597 cbnstituit
983 2512 1022 2592 in
1042 2504 1147 2592 suam
1175 2512 1386 2621 supremam
1409 2506 1664 2595 Eleemofina-

218 2619 327 2719 riam,
349 2624 448 2704 &in
468 2624 549 2726 ejus
570 2621 730 2715 arbitrio
755 2622 950 2707 constituit
980 2621 1287 2706 distributionem
1308 2616 1572 2707 thesaurorum
1593 2626 1679 2707 mi··
1804 2635 1806 2639 ’

218 2727 431 2819 scricordiae
461 2739 501 2818 δι
528 2738 758 2848 gratiarum,
785 2757 828 2818 ut
855 2761 926 2819 eos
949 2731 1147 2822 distribuat
1173 2731 1502 2835 illicanimabur,¹
1522 2736 1665 2852 quibus

218 2842 286 2932 scit
311 2873 381 2931 eos
404 2847 757 2934 convenientissime,
786 2847 958 2933 distribui
982 2845 1105 2960 posse.
1229 2946 1233 2955 p

339 2981 438 3078 667.
475 2997 571 3086 670.
597 2979 834 3067 Celebrabat
856 2985 972 3066 etiam
992 2958 1246 3067 oblationem
1273 2986 1389 3070 trium
1421 2934 1595 3096 Regum,
1624 2984 1664 3064 &

220 3092 456 3206 baptismum
475 3097 625 3228 §bristi
648 3100 688 3180 δι
714 3104 794 3230 ejus⁴
814 3092 1158 3208 quadragenarium
1183 3101 1381 3201 jejunium,
1406 3124 1491 3293 cpio
1510 3121 1665 3206 tempo·

179 3250 196 3264 -
221 3234 265 3294 re
283 3234 354 3319 per
378 3237 436 3311 40
464 3212 548 3295 dics
572 3236 646 3294 nec
668 3210 908 3307 dormiebat,
930 3236 1005 3294 nec
1032 3207 1295 3313 comedebat,
1327 3236 1403 3295 nec
1446 3207 1666 3325 oquebatur

222 3347 313 3521 {¹¹3
336 3317 436 3522 plin,
459 3323 528 3410 nist
549 3351 637 3408 cum
657 3326 696 3409 S.
714 3328 871 3429 Joanne
890 3323 944 3409 de
957 3329 1125 3438 negotiis
1146 3323 1470 3411 concernentibus
1496 3326 1668 3437 regimen

258 3463 279 3520 c
316 3465 408 3523 crae.
1366 3482 1368 3487 ·

267 3664 271 3670 ,
341 3584 440 3675 671.
480 3567 549 3654 Ad
572 3565 689 3674 finem
711 3570 822 3674 hujus
844 3567 1142 3685 quadragesima
1168 3559 1342 3657 Christus
1366 3595 1451 3653 cam
1471 3564 1669 3655 recreabat

214 3689 437 3787 convivio,
470 3680 589 3799 quale
608 3680 676 3794 ipsi
701 3706 929 3794 appararunt
951 3689 992 3769 in
1018 3683 1171 3797 deserto
1194 3680 1332 3799 angeli.
1387 3683 1561 3770 Christus
1577 3707 1670 3794 pro·

224 3803 310 3917 pria
331 3826 449 3885 manu
470 3806 506 3885 ei
526 3798 758 3883 ministrabar
775 3796 904 3882 cibos,

341 3951 440 4034 672.
473 3941 527 4022 Ut
544 3960 623 4048 ego
643 3934 814 4033 credam,
834 3957 923 4045 quae
945 3929 998 4017 de
1020 3937 1065 4019 B.
1081 3933 1244 4044 Virgine
1261 3925 1400 4025 scribo,
1426 3928 1520 4013 mihi
1536 3919 1669 4024 sufficit

223 4046 370 4147 lumen,
388 4054 427 4133 in
448 4077 534 4162 quo
556 4053 624 4132 ista
651 4043 861 4159 cognosco.
918 4046 957 4132 Si
974 4050 1062 4162 quis
1082 4051 1214 4160 potuit
1226 4068 1463 4159 permonere
1476 4040 1688 4148 christum

323 4162 384 4252 D.
409 4163 456 4247 E.
474 4165 531 4248 A.
550 4157 788 4250 demersat.
808 4161 913 4247 Pars
931 4159 986 4248 11.
1200 4160 1318 4244 Nnn
1618 4154 1671 4237 ad
1734 4215 1745 4239 .
