<?xml version="1.0" encoding="UTF-8"?>
<!DOCTYPE html PUBLIC "-//W3C//DTD XHTML 1.0 Transitional//EN"
    "http://www.w3.org/TR/xhtml1/DTD/xhtml1-transitional.dtd">
<html xmlns="http://www.w3.org/1999/xhtml" xml:lang="en" lang="en">
 <head>
  <title>
</title>
<meta http-equiv="Content-Type" content="text/html;charset=utf-8" />
  <meta name='ocr-system' content='tesseract 3.04.00' />
  <meta name='ocr-capabilities' content='ocr_page ocr_carea ocr_par ocr_line ocrx_word'/>
</head>
<body>
  <div class='ocr_page' id='page_1' title='image "./derevelationibu00amorgoog_0830.png"; bbox 0 0 3772 4988; ppageno 0'>
   <div class='ocr_carea' id='block_1_1' title="bbox 547 298 1724 445">
    <p class='ocr_par' dir='ltr' id='par_1_1' title="bbox 547 298 1724 445">
     <span class='ocr_line' id='line_1_1' title="bbox 547 298 1724 445; baseline -0.002 -32"><span class='ocrx_word' id='word_1_1' title='bbox 547 340 651 445; x_wconf 74' lang='lat'>530</span> <span class='ocrx_word' id='word_1_2' title='bbox 837 298 1173 439; x_wconf 78' lang='lat' dir='ltr'><em>Observationes</em></span> <span class='ocrx_word' id='word_1_3' title='bbox 1188 304 1252 405; x_wconf 77' lang='lat' dir='ltr'>ed</span> <span class='ocrx_word' id='word_1_4' title='bbox 1268 306 1420 409; x_wconf 83' lang='lat' dir='ltr'>Renel.</span> <span class='ocrx_word' id='word_1_5' title='bbox 1441 302 1494 405; x_wconf 82' lang='lat' dir='ltr'>ile</span> <span class='ocrx_word' id='word_1_6' title='bbox 1515 300 1724 441; x_wconf 77' lang='lat' dir='ltr'>Agrede.</span> 
     </span>
    </p>
   </div>
   <div class='ocr_carea' id='block_1_2' title="bbox 425 506 1886 3938">
    <p class='ocr_par' dir='ltr' id='par_1_2' title="bbox 425 506 1886 1870">
     <span class='ocr_line' id='line_1_2' title="bbox 434 506 1863 629; baseline -0.001 -29"><span class='ocrx_word' id='word_1_7' title='bbox 434 620 439 629; x_wconf 24' lang='grc' dir='ltr'>Ι</span> <span class='ocrx_word' id='word_1_8' title='bbox 546 510 680 613; x_wconf 89' lang='lat' dir='ltr'>bilem,</span> <span class='ocrx_word' id='word_1_9' title='bbox 699 518 738 597; x_wconf 79' lang='lat' dir='ltr'>dt</span> <span class='ocrx_word' id='word_1_10' title='bbox 757 509 938 600; x_wconf 75' lang='lat' dir='ltr'>landum.</span> <span class='ocrx_word' id='word_1_11' title='bbox 996 516 1044 599; x_wconf 87' lang='lat' dir='ltr'>Et</span> <span class='ocrx_word' id='word_1_12' title='bbox 1060 516 1186 610; x_wconf 78' lang='lat' dir='ltr'>Ecce,</span> <span class='ocrx_word' id='word_1_13' title='bbox 1206 516 1357 624; x_wconf 80' lang='lat' dir='ltr'>inquit,</span> <span class='ocrx_word' id='word_1_14' title='bbox 1379 506 1493 598; x_wconf 79' lang='lat' dir='ltr'>bomo</span> <span class='ocrx_word' id='word_1_15' title='bbox 1516 522 1607 599; x_wconf 79' lang='lat' dir='ltr'>erni</span> <span class='ocrx_word' id='word_1_16' title='bbox 1622 516 1667 601; x_wconf 86' lang='lat' dir='ltr'>in</span> <span class='ocrx_word' id='word_1_17' title='bbox 1680 508 1863 627; x_wconf 77' lang='lat' dir='ltr'>Jerufirlt</span> 
     </span>
     <span class='ocr_line' id='line_1_3' title="bbox 425 586 1846 747; baseline 0 -32"><span class='ocrx_word' id='word_1_18' title='bbox 425 632 442 675; x_wconf 93' lang='grc'>·’</span> <span class='ocrx_word' id='word_1_19' title='bbox 550 626 940 731; x_wconf 69' lang='lat' dir='ltr'>romulianam&amp;</span> <span class='ocrx_word' id='word_1_20' title='bbox 961 625 1071 713; x_wconf 84' lang='lat' dir='ltr'>homo</span> <span class='ocrx_word' id='word_1_21' title='bbox 1092 624 1153 743; x_wconf 63' lang='lat' dir='ltr'>&#39;ll‘</span> <span class='ocrx_word' id='word_1_22' title='bbox 1167 626 1290 745; x_wconf 61' lang='grc' dir='ltr'>1ριιίὶιιι</span> <span class='ocrx_word' id='word_1_23' title='bbox 1308 586 1375 723; x_wconf 63' lang='lat'>&amp;²</span> <span class='ocrx_word' id='word_1_24' title='bbox 1387 631 1607 747; x_wconf 73' lang='lat' dir='ltr'>timoratus,</span> <span class='ocrx_word' id='word_1_25' title='bbox 1634 626 1697 724; x_wconf 71' lang='lat'>65</span> <span class='ocrx_word' id='word_1_26' title='bbox 1722 626 1846 740; x_wconf 83' lang='lat' dir='ltr'>Spirit</span> 
     </span>
     <span class='ocr_line' id='line_1_4' title="bbox 549 737 1869 855; baseline -0.001 -26"><span class='ocrx_word' id='word_1_27' title='bbox 549 747 629 829; x_wconf 79' lang='lat' dir='ltr'>ilus</span> <span class='ocrx_word' id='word_1_28' title='bbox 650 752 736 830; x_wconf 83' lang='lat' dir='ltr'>erni</span> <span class='ocrx_word' id='word_1_29' title='bbox 758 747 798 828; x_wconf 87' lang='lat' dir='ltr'>in</span> <span class='ocrx_word' id='word_1_30' title='bbox 823 771 878 828; x_wconf 85' lang='lat' dir='ltr'>eo.</span> <span class='ocrx_word' id='word_1_31' title='bbox 913 772 916 777; x_wconf 92' lang='lat'>·</span> <span class='ocrx_word' id='word_1_32' title='bbox 936 746 1019 851; x_wconf 85' lang='lat' dir='ltr'>Qui</span> <span class='ocrx_word' id='word_1_33' title='bbox 1037 744 1182 827; x_wconf 84' lang='lat' dir='ltr'>modus</span> <span class='ocrx_word' id='word_1_34' title='bbox 1201 737 1395 853; x_wconf 86' lang='lat' dir='ltr'>loquendi</span> <span class='ocrx_word' id='word_1_35' title='bbox 1418 770 1502 826; x_wconf 91' lang='lat' dir='ltr'>non</span> <span class='ocrx_word' id='word_1_36' title='bbox 1527 744 1739 855; x_wconf 87' lang='lat' dir='ltr'>usurpatur</span> <span class='ocrx_word' id='word_1_37' title='bbox 1761 744 1814 827; x_wconf 88' lang='lat' dir='ltr'>ab</span> <span class='ocrx_word' id='word_1_38' title='bbox 1838 747 1869 828; x_wconf 84' lang='lat' dir='ltr'>E</span> 
     </span>
     <span class='ocr_line' id='line_1_5' title="bbox 544 852 1875 973; baseline -0.002 -28"><span class='ocrx_word' id='word_1_39' title='bbox 544 853 617 958; x_wconf 87' lang='lat' dir='ltr'>lio,</span> <span class='ocrx_word' id='word_1_40' title='bbox 639 856 804 971; x_wconf 82' lang='lat' dir='ltr'>aliisque</span> <span class='ocrx_word' id='word_1_41' title='bbox 816 858 1092 968; x_wconf 74' lang='lat' dir='ltr'>scriptoribus,</span> <span class='ocrx_word' id='word_1_42' title='bbox 1110 857 1278 963; x_wconf 51' lang='lat' dir='ltr'>druell</span> <span class='ocrx_word' id='word_1_43' title='bbox 1292 858 1429 943; x_wconf 88' lang='lat' dir='ltr'>Senno</span> <span class='ocrx_word' id='word_1_44' title='bbox 1453 857 1506 941; x_wconf 90' lang='lat' dir='ltr'>dc</span> <span class='ocrx_word' id='word_1_45' title='bbox 1523 854 1661 973; x_wconf 85' lang='lat' dir='ltr'>aliqua</span> <span class='ocrx_word' id='word_1_46' title='bbox 1679 852 1875 970; x_wconf 75' lang='lat' dir='ltr'>persona</span> 
     </span>
     <span class='ocr_line' id='line_1_6' title="bbox 546 954 1886 1084; baseline -0.001 -25"><span class='ocrx_word' id='word_1_47' title='bbox 546 968 640 1059; x_wconf 76' lang='lat' dir='ltr'>aliis</span> <span class='ocrx_word' id='word_1_48' title='bbox 662 997 769 1069; x_wconf 87' lang='lat' dir='ltr'>nota,</span> <span class='ocrx_word' id='word_1_49' title='bbox 789 1001 824 1055; x_wconf 89' lang='grc' dir='ltr'>ν.</span> <span class='ocrx_word' id='word_1_50' title='bbox 841 1000 878 1084; x_wconf 85' lang='lat' dir='ltr'>g.</span> <span class='ocrx_word' id='word_1_51' title='bbox 895 972 946 1056; x_wconf 89' lang='lat' dir='ltr'>de</span> <span class='ocrx_word' id='word_1_52' title='bbox 966 968 1106 1071; x_wconf 82' lang='lat' dir='ltr'>Pilato,</span> <span class='ocrx_word' id='word_1_53' title='bbox 1126 954 1306 1083; x_wconf 50' lang='lat' dir='ltr'>Gnipho.</span> <span class='ocrx_word' id='word_1_54' title='bbox 1374 966 1565 1082; x_wconf 69' lang='lat' dir='ltr'>Iosephus</span> <span class='ocrx_word' id='word_1_55' title='bbox 1590 996 1731 1057; x_wconf 82' lang='lat' dir='ltr'>autem</span> <span class='ocrx_word' id='word_1_56' title='bbox 1759 972 1886 1059; x_wconf 78' lang='lat' dir='ltr'>desi</span> 
     </span>
     <span class='ocr_line' id='line_1_7' title="bbox 460 1084 1886 1207; baseline 0.002 -38"><span class='ocrx_word' id='word_1_57' title='bbox 460 1180 476 1207; x_wconf 34' lang='grc' dir='ltr'>ι</span> <span class='ocrx_word' id='word_1_58' title='bbox 546 1092 617 1199; x_wconf 89' lang='lat' dir='ltr'>qui</span> <span class='ocrx_word' id='word_1_59' title='bbox 640 1111 821 1197; x_wconf 88' lang='lat' dir='ltr'>tempore</span> <span class='ocrx_word' id='word_1_60' title='bbox 839 1087 1022 1171; x_wconf 82' lang='lat' dir='ltr'>&#39;Herodis</span> <span class='ocrx_word' id='word_1_61' title='bbox 1053 1111 1133 1171; x_wconf 89' lang='lat' dir='ltr'>erat</span> <span class='ocrx_word' id='word_1_62' title='bbox 1158 1089 1339 1169; x_wconf 78' lang='lat' dir='ltr'>Summus</span> <span class='ocrx_word' id='word_1_63' title='bbox 1371 1084 1566 1184; x_wconf 81' lang='lat' dir='ltr'>Pontifex,</span> <span class='ocrx_word' id='word_1_64' title='bbox 1591 1088 1786 1185; x_wconf 84' lang='lat' dir='ltr'>testatur,</span> <span class='ocrx_word' id='word_1_65' title='bbox 1811 1115 1886 1202; x_wconf 89' lang='lat' dir='ltr'>qu·</span> 
     </span>
     <span class='ocr_line' id='line_1_8' title="bbox 547 1197 1882 1318; baseline -0.001 -32"><span class='ocrx_word' id='word_1_66' title='bbox 547 1203 710 1286; x_wconf 86' lang='lat' dir='ltr'>Herode</span> <span class='ocrx_word' id='word_1_67' title='bbox 733 1200 850 1285; x_wconf 82' lang='lat' dir='ltr'>fuerit</span> <span class='ocrx_word' id='word_1_68' title='bbox 874 1204 916 1283; x_wconf 90' lang='lat' dir='ltr'>in</span> <span class='ocrx_word' id='word_1_69' title='bbox 937 1203 1141 1285; x_wconf 90' lang='lat' dir='ltr'>Summum</span> <span class='ocrx_word' id='word_1_70' title='bbox 1168 1200 1440 1285; x_wconf 77' lang='lat' dir='ltr'>Sacerdotium</span> <span class='ocrx_word' id='word_1_71' title='bbox 1469 1197 1663 1290; x_wconf 79' lang='lat' dir='ltr'>intrusus&#39;a</span> <span class='ocrx_word' id='word_1_72' title='bbox 1709 1207 1752 1283; x_wconf 82' lang='grc' dir='ltr'>δι</span> <span class='ocrx_word' id='word_1_73' title='bbox 1776 1231 1882 1318; x_wconf 87' lang='lat' dir='ltr'>quo·</span> 
     </span>
     <span class='ocr_line' id='line_1_9' title="bbox 545 1309 1869 1425; baseline 0.001 -26"><span class='ocrx_word' id='word_1_74' title='bbox 545 1318 706 1414; x_wconf 78' lang='lat' dir='ltr'>tiamne,</span> <span class='ocrx_word' id='word_1_75' title='bbox 725 1319 842 1425; x_wconf 88' lang='lat' dir='ltr'>impia</span> <span class='ocrx_word' id='word_1_76' title='bbox 862 1340 961 1401; x_wconf 86' lang='lat' dir='ltr'>uxor</span> <span class='ocrx_word' id='word_1_77' title='bbox 977 1311 1172 1414; x_wconf 84' lang='lat' dir='ltr'>Herodis,</span> <span class='ocrx_word' id='word_1_78' title='bbox 1199 1309 1317 1401; x_wconf 91' lang='lat' dir='ltr'>fuerit</span> <span class='ocrx_word' id='word_1_79' title='bbox 1340 1314 1451 1421; x_wconf 83' lang='lat' dir='ltr'>hujus</span> <span class='ocrx_word' id='word_1_80' title='bbox 1483 1319 1654 1401; x_wconf 82' lang='lat' dir='ltr'>Simonis</span> <span class='ocrx_word' id='word_1_81' title='bbox 1686 1312 1793 1405; x_wconf 72' lang='lat' dir='ltr'>filiae</span> <span class='ocrx_word' id='word_1_82' title='bbox 1821 1344 1869 1401; x_wconf 82' lang='lat' dir='ltr'>ac</span> 
     </span>
     <span class='ocr_line' id='line_1_10' title="bbox 544 1422 1882 1543; baseline 0.004 -33"><span class='ocrx_word' id='word_1_83' title='bbox 544 1456 626 1540; x_wconf 89' lang='lat' dir='ltr'>que</span> <span class='ocrx_word' id='word_1_84' title='bbox 646 1430 760 1541; x_wconf 89' lang='lat' dir='ltr'>quod</span> <span class='ocrx_word' id='word_1_85' title='bbox 777 1429 860 1513; x_wconf 90' lang='lat' dir='ltr'>duo</span> <span class='ocrx_word' id='word_1_86' title='bbox 880 1433 1049 1517; x_wconf 82' lang='lat' dir='ltr'><strong>Simonis</strong></span> <span class='ocrx_word' id='word_1_87' title='bbox 1067 1425 1149 1524; x_wconf 84' lang='lat' dir='ltr'>filii,</span> <span class='ocrx_word' id='word_1_88' title='bbox 1170 1422 1393 1525; x_wconf 76' lang='lat' dir='ltr'>Eleazarus,</span> <span class='ocrx_word' id='word_1_89' title='bbox 1413 1432 1450 1513; x_wconf 78' lang='lat' dir='ltr'>dr</span> <span class='ocrx_word' id='word_1_90' title='bbox 1472 1434 1614 1533; x_wconf 83' lang='lat' dir='ltr'>Joazar</span> <span class='ocrx_word' id='word_1_91' title='bbox 1636 1424 1714 1513; x_wconf 89' lang='lat' dir='ltr'>suo</span> <span class='ocrx_word' id='word_1_92' title='bbox 1731 1434 1834 1543; x_wconf 89' lang='lat' dir='ltr'>patri</span> <span class='ocrx_word' id='word_1_93' title='bbox 1859 1427 1882 1515; x_wconf 88' lang='lat' dir='ltr'>s</span> 
     </span>
     <span class='ocr_line' id='line_1_11' title="bbox 546 1536 1851 1635; baseline 0.003 -6"><span class='ocrx_word' id='word_1_94' title='bbox 546 1542 678 1629; x_wconf 76' lang='lat' dir='ltr'>sivein</span> <span class='ocrx_word' id='word_1_95' title='bbox 703 1541 934 1629; x_wconf 81' lang='lat' dir='ltr'>Pontificatu</span> <span class='ocrx_word' id='word_1_96' title='bbox 961 1538 1210 1629; x_wconf 81' lang='lat' dir='ltr'>succcllerint.</span> <span class='ocrx_word' id='word_1_97' title='bbox 1269 1542 1373 1628; x_wconf 85' lang='lat' dir='ltr'>Vide</span> <span class='ocrx_word' id='word_1_98' title='bbox 1396 1536 1592 1627; x_wconf 80' lang='lat' dir='ltr'>Saliarium</span> <span class='ocrx_word' id='word_1_99' title='bbox 1619 1545 1673 1627; x_wconf 89' lang='lat' dir='ltr'>ad</span> <span class='ocrx_word' id='word_1_100' title='bbox 1699 1574 1851 1635; x_wconf 87' lang='lat' dir='ltr'>annunt</span> 
     </span>
     <span class='ocr_line' id='line_1_12' title="bbox 545 1654 1886 1775; baseline 0.005 -36"><span class='ocrx_word' id='word_1_101' title='bbox 545 1664 675 1759; x_wconf 81' lang='lat'><strong>4&#39;030.</strong></span> <span class='ocrx_word' id='word_1_102' title='bbox 691 1662 814 1743; x_wconf 85' lang='lat' dir='ltr'>Num.</span> <span class='ocrx_word' id='word_1_103' title='bbox 831 1676 868 1751; x_wconf 79' lang='lat'>8.</span> <span class='ocrx_word' id='word_1_104' title='bbox 884 1681 1010 1760; x_wconf 80' lang='lat'><strong>4058.</strong></span> <span class='ocrx_word' id='word_1_105' title='bbox 1035 1662 1088 1745; x_wconf 85' lang='lat' dir='ltr'>N.</span> <span class='ocrx_word' id='word_1_106' title='bbox 1107 1688 1143 1743; x_wconf 85' lang='lat' dir='ltr'>a.</span> <span class='ocrx_word' id='word_1_107' title='bbox 1157 1668 1287 1756; x_wconf 77' lang='lat'><strong>40⁶1·</strong></span> <span class='ocrx_word' id='word_1_108' title='bbox 1309 1660 1364 1743; x_wconf 83' lang='lat' dir='ltr'>N.</span> <span class='ocrx_word' id='word_1_109' title='bbox 1384 1684 1420 1759; x_wconf 82' lang='lat'>3.</span> <span class='ocrx_word' id='word_1_110' title='bbox 1435 1654 1628 1773; x_wconf 76' lang='lat' dir='ltr'>Jolephus</span> <span class='ocrx_word' id='word_1_111' title='bbox 1645 1660 1853 1775; x_wconf 83' lang='lat' dir='ltr'>Antiquit.</span> <span class='ocrx_word' id='word_1_112' title='bbox 1882 1674 1886 1731; x_wconf 79' lang='lat' dir='ltr'>l</span> 
     </span>
     <span class='ocr_line' id='line_1_13' title="bbox 545 1774 1247 1870; baseline -0.003 -11"><span class='ocrx_word' id='word_1_113' title='bbox 545 1774 593 1859; x_wconf 88' lang='lat' dir='ltr'>C.</span> <span class='ocrx_word' id='word_1_114' title='bbox 614 1776 974 1870; x_wconf 75' lang='lat' dir='ltr'>10.1.17.c.m.</span> <span class='ocrx_word' id='word_1_115' title='bbox 998 1774 1247 1863; x_wconf 83' lang='lat' dir='ltr'><strong>L.18.C·1.</strong></span> 
     </span>
    </p>

    <p class='ocr_par' dir='ltr' id='par_1_3' title="bbox 525 1880 1886 3938">
     <span class='ocr_line' id='line_1_14' title="bbox 658 1880 1856 2003; baseline 0.002 -32"><span class='ocrx_word' id='word_1_116' title='bbox 658 1884 824 2003; x_wconf 73' lang='lat' dir='ltr'>Quini,</span> <span class='ocrx_word' id='word_1_117' title='bbox 847 1882 984 1981; x_wconf 83' lang='lat' dir='ltr'>alletit,</span> <span class='ocrx_word' id='word_1_118' title='bbox 1005 1892 1051 1973; x_wconf 86' lang='lat' dir='ltr'>B.</span> <span class='ocrx_word' id='word_1_119' title='bbox 1068 1890 1265 2001; x_wconf 84' lang='lat' dir='ltr'>Virginem</span> <span class='ocrx_word' id='word_1_120' title='bbox 1279 1888 1433 1998; x_wconf 84' lang='lat' dir='ltr'>integro</span> <span class='ocrx_word' id='word_1_121' title='bbox 1454 1880 1657 1996; x_wconf 80' lang='lat' dir='ltr'>septennio</span> <span class='ocrx_word' id='word_1_122' title='bbox 1676 1885 1856 1974; x_wconf 80' lang='lat' dir='ltr'>mansiile</span> 
     </span>
     <span class='ocr_line' id='line_1_15' title="bbox 542 2000 1875 2113; baseline 0.004 -31"><span class='ocrx_word' id='word_1_123' title='bbox 542 2023 682 2113; x_wconf 76' lang='lat' dir='ltr'>gypto‚</span> <span class='ocrx_word' id='word_1_124' title='bbox 703 2029 846 2111; x_wconf 85' lang='lat' dir='ltr'><strong>nempe</strong></span> <span class='ocrx_word' id='word_1_125' title='bbox 869 2026 997 2113; x_wconf 85' lang='lat' dir='ltr'>usque</span> <span class='ocrx_word' id='word_1_126' title='bbox 1021 2002 1072 2083; x_wconf 87' lang='lat' dir='ltr'>ad</span> <span class='ocrx_word' id='word_1_127' title='bbox 1089 2000 1242 2085; x_wconf 89' lang='lat' dir='ltr'>obitum</span> <span class='ocrx_word' id='word_1_128' title='bbox 1265 2001 1448 2084; x_wconf 80' lang='lat' dir='ltr'>Herodis.</span> <span class='ocrx_word' id='word_1_129' title='bbox 1474 2004 1571 2084; x_wconf 84' lang='lat' dir='ltr'>Part.</span> <span class='ocrx_word' id='word_1_130' title='bbox 1590 2032 1629 2085; x_wconf 82' lang='grc' dir='ltr'>ι.</span> <span class='ocrx_word' id='word_1_131' title='bbox 1642 2006 1774 2087; x_wconf 88' lang='lat' dir='ltr'>Num.</span> <span class='ocrx_word' id='word_1_132' title='bbox 1794 2022 1875 2102; x_wconf 81' lang='grc'>669</span> 
     </span>
     <span class='ocr_line' id='line_1_16' title="bbox 542 2110 1886 2227; baseline 0.003 -30"><span class='ocrx_word' id='word_1_133' title='bbox 542 2119 599 2197; x_wconf 82' lang='lat' dir='ltr'>Ex</span> <span class='ocrx_word' id='word_1_134' title='bbox 619 2118 697 2199; x_wconf 88' lang='lat' dir='ltr'>hoc</span> <span class='ocrx_word' id='word_1_135' title='bbox 729 2112 924 2225; x_wconf 83' lang='lat' dir='ltr'>sequitur,</span> <span class='ocrx_word' id='word_1_136' title='bbox 958 2114 1160 2201; x_wconf 77' lang='lat' dir='ltr'>Herodem</span> <span class='ocrx_word' id='word_1_137' title='bbox 1184 2110 1320 2199; x_wconf 82' lang='lat' dir='ltr'>obiiffe</span> <span class='ocrx_word' id='word_1_138' title='bbox 1347 2110 1456 2197; x_wconf 81' lang='lat' dir='ltr'>sexto</span> <span class='ocrx_word' id='word_1_139' title='bbox 1486 2141 1593 2201; x_wconf 88' lang='lat' dir='ltr'>anno</span> <span class='ocrx_word' id='word_1_140' title='bbox 1621 2118 1714 2227; x_wconf 85' lang='lat' dir='ltr'>poll</span> <span class='ocrx_word' id='word_1_141' title='bbox 1737 2120 1886 2201; x_wconf 87' lang='lat' dir='ltr'>Nativi</span> 
     </span>
     <span class='ocr_line' id='line_1_17' title="bbox 541 2222 1886 2328; baseline 0.002 -16"><span class='ocrx_word' id='word_1_142' title='bbox 541 2230 695 2328; x_wconf 88' lang='lat' dir='ltr'>Christi,</span> <span class='ocrx_word' id='word_1_143' title='bbox 712 2254 778 2313; x_wconf 87' lang='lat' dir='ltr'>aut</span> <span class='ocrx_word' id='word_1_144' title='bbox 804 2231 907 2312; x_wconf 75' lang='lat' dir='ltr'>certe</span> <span class='ocrx_word' id='word_1_145' title='bbox 962 2233 1086 2316; x_wconf 82' lang='lat' dir='ltr'>uinco.</span> <span class='ocrx_word' id='word_1_146' title='bbox 1141 2232 1232 2313; x_wconf 90' lang='lat' dir='ltr'>Hoc</span> <span class='ocrx_word' id='word_1_147' title='bbox 1253 2252 1383 2313; x_wconf 88' lang='lat' dir='ltr'>aurem</span> <span class='ocrx_word' id='word_1_148' title='bbox 1407 2230 1462 2315; x_wconf 84' lang='lat' dir='ltr'>cll</span> <span class='ocrx_word' id='word_1_149' title='bbox 1482 2222 1650 2315; x_wconf 87' lang='lat' dir='ltr'>difficile.</span> <span class='ocrx_word' id='word_1_150' title='bbox 1711 2234 1822 2316; x_wconf 88' lang='lat' dir='ltr'>Nam</span> <span class='ocrx_word' id='word_1_151' title='bbox 1849 2260 1886 2315; x_wconf 60' lang='lat' dir='ltr'>ca</span> 
     </span>
     <span class='ocr_line' id='line_1_18' title="bbox 541 2256 1869 2459; baseline 0.002 -32"><span class='ocrx_word' id='word_1_152' title='bbox 541 2344 607 2439; x_wconf 85' lang='lat' dir='ltr'>est,</span> <span class='ocrx_word' id='word_1_153' title='bbox 627 2343 830 2427; x_wconf 81' lang='lat' dir='ltr'>Herodem</span> <span class='ocrx_word' id='word_1_154' title='bbox 849 2256 983 2429; x_wconf 71' lang='lat' dir='ltr'>obiille</span> <span class='ocrx_word' id='word_1_155' title='bbox 1002 2370 1107 2427; x_wconf 88' lang='lat' dir='ltr'>anno</span> <span class='ocrx_word' id='word_1_156' title='bbox 1124 2337 1279 2445; x_wconf 86' lang='lat' dir='ltr'>Juliano</span> <span class='ocrx_word' id='word_1_157' title='bbox 1297 2371 1347 2444; x_wconf 80' lang='lat'>4¹</span> <span class='ocrx_word' id='word_1_158' title='bbox 1375 2368 1441 2426; x_wconf 89' lang='lat' dir='ltr'>aut</span> <span class='ocrx_word' id='word_1_159' title='bbox 1453 2366 1527 2449; x_wconf 80' lang='lat'>42,</span> <span class='ocrx_word' id='word_1_160' title='bbox 1545 2369 1723 2455; x_wconf 86' lang='lat' dir='ltr'>quorum</span> <span class='ocrx_word' id='word_1_161' title='bbox 1747 2360 1869 2459; x_wconf 80' lang='lat' dir='ltr'>utroq</span> 
     </span>
     <span class='ocr_line' id='line_1_19' title="bbox 538 2450 1869 2571; baseline 0.003 -32"><span class='ocrx_word' id='word_1_162' title='bbox 538 2452 730 2541; x_wconf 83' lang='lat' dir='ltr'>rosolimis</span> <span class='ocrx_word' id='word_1_163' title='bbox 755 2462 853 2543; x_wconf 84' lang='lat' dir='ltr'>circa</span> <span class='ocrx_word' id='word_1_164' title='bbox 871 2482 1023 2571; x_wconf 77' lang='lat' dir='ltr'>tempus</span> <span class='ocrx_word' id='word_1_165' title='bbox 1044 2452 1222 2541; x_wconf 86' lang='lat' dir='ltr'>Paschale</span> <span class='ocrx_word' id='word_1_166' title='bbox 1236 2463 1343 2555; x_wconf 74' lang='lat' dir='ltr'>iuxta</span> <span class='ocrx_word' id='word_1_167' title='bbox 1363 2450 1568 2541; x_wconf 87' lang='lat' dir='ltr'>Calculum</span> <span class='ocrx_word' id='word_1_168' title='bbox 1585 2457 1869 2543; x_wconf 80' lang='lat' dir='ltr'>Astronornicu</span> 
     </span>
     <span class='ocr_line' id='line_1_20' title="bbox 538 2565 1881 2687; baseline 0.003 -32"><span class='ocrx_word' id='word_1_169' title='bbox 538 2573 594 2656; x_wconf 81' lang='lat' dir='ltr'>ne</span> <span class='ocrx_word' id='word_1_170' title='bbox 611 2577 656 2656; x_wconf 88' lang='lat' dir='ltr'>P.</span> <span class='ocrx_word' id='word_1_171' title='bbox 676 2571 833 2656; x_wconf 79' lang='lat' dir='ltr'>Nicasto</span> <span class='ocrx_word' id='word_1_172' title='bbox 852 2575 1101 2657; x_wconf 86' lang='lat' dir='ltr'>Grammatici</span> <span class='ocrx_word' id='word_1_173' title='bbox 1117 2572 1173 2655; x_wconf 86' lang='lat' dir='ltr'>de</span> <span class='ocrx_word' id='word_1_174' title='bbox 1185 2574 1284 2655; x_wconf 72' lang='lat' dir='ltr'>AEra</span> <span class='ocrx_word' id='word_1_175' title='bbox 1298 2565 1462 2682; x_wconf 76' lang='lat' dir='ltr'>Vulgari</span> <span class='ocrx_word' id='word_1_176' title='bbox 1473 2572 1524 2655; x_wconf 83' lang='lat' dir='ltr'>C</span> <span class='ocrx_word' id='word_1_177' title='bbox 1540 2602 1576 2673; x_wconf 78' lang='grc' dir='ltr'>ς.</span> <span class='ocrx_word' id='word_1_178' title='bbox 1589 2570 1881 2687; x_wconf 66' lang='lat' dir='ltr'>incidlnEclips</span> 
     </span>
     <span class='ocr_line' id='line_1_21' title="bbox 539 2682 1869 2799; baseline 0.005 -30"><span class='ocrx_word' id='word_1_179' title='bbox 539 2692 651 2787; x_wconf 80' lang='lat' dir='ltr'>naris,</span> <span class='ocrx_word' id='word_1_180' title='bbox 672 2682 887 2797; x_wconf 73' lang='lat' dir='ltr'>dJosepho</span> <span class='ocrx_word' id='word_1_181' title='bbox 908 2711 1091 2769; x_wconf 87' lang='lat' dir='ltr'>annotata</span> <span class='ocrx_word' id='word_1_182' title='bbox 1114 2690 1155 2767; x_wconf 93' lang='lat' dir='ltr'>in</span> <span class='ocrx_word' id='word_1_183' title='bbox 1179 2712 1308 2769; x_wconf 84' lang='lat' dir='ltr'>morte</span> <span class='ocrx_word' id='word_1_184' title='bbox 1325 2686 1493 2768; x_wconf 85' lang='lat' dir='ltr'>Herodis</span> <span class='ocrx_word' id='word_1_185' title='bbox 1512 2686 1713 2799; x_wconf 83' lang='lat' dir='ltr'>Antiquit.</span> <span class='ocrx_word' id='word_1_186' title='bbox 1735 2690 1783 2775; x_wconf 84' lang='lat' dir='ltr'>l..</span> <span class='ocrx_word' id='word_1_187' title='bbox 1805 2719 1869 2789; x_wconf 88' lang='grc' dir='ltr'>ι7.</span> 
     </span>
     <span class='ocr_line' id='line_1_22' title="bbox 534 2794 1830 2912; baseline 0.006 -31"><span class='ocrx_word' id='word_1_188' title='bbox 534 2801 673 2910; x_wconf 87' lang='lat' dir='ltr'>ltaque</span> <span class='ocrx_word' id='word_1_189' title='bbox 689 2804 880 2883; x_wconf 84' lang='lat' dir='ltr'>Nativitas</span> <span class='ocrx_word' id='word_1_190' title='bbox 899 2801 1036 2881; x_wconf 81' lang='lat' dir='ltr'>Christi</span> <span class='ocrx_word' id='word_1_191' title='bbox 1052 2794 1266 2912; x_wconf 81' lang='lat' dir='ltr'>contigillet</span> <span class='ocrx_word' id='word_1_192' title='bbox 1285 2826 1388 2882; x_wconf 90' lang='lat' dir='ltr'>anno</span> <span class='ocrx_word' id='word_1_193' title='bbox 1404 2794 1562 2901; x_wconf 89' lang='lat' dir='ltr'>Juliano</span> <span class='ocrx_word' id='word_1_194' title='bbox 1585 2814 1635 2903; x_wconf 83' lang='lat'>36</span> <span class='ocrx_word' id='word_1_195' title='bbox 1662 2828 1733 2886; x_wconf 90' lang='lat' dir='ltr'>aut</span> <span class='ocrx_word' id='word_1_196' title='bbox 1763 2834 1830 2907; x_wconf 80' lang='lat'>37.</span> 
     </span>
     <span class='ocr_line' id='line_1_23' title="bbox 534 2909 1886 3031; baseline 0.008 -38"><span class='ocrx_word' id='word_1_197' title='bbox 534 2918 593 3019; x_wconf 84' lang='lat' dir='ltr'>jus</span> <span class='ocrx_word' id='word_1_198' title='bbox 613 2919 723 2996; x_wconf 86' lang='lat' dir='ltr'>Mors</span> <span class='ocrx_word' id='word_1_199' title='bbox 742 2940 846 2999; x_wconf 88' lang='lat' dir='ltr'>anno</span> <span class='ocrx_word' id='word_1_200' title='bbox 872 2909 1029 3016; x_wconf 88' lang='lat' dir='ltr'>Juliano</span> <span class='ocrx_word' id='word_1_201' title='bbox 1061 2935 1114 3011; x_wconf 82' lang='lat'>⁶9</span> <span class='ocrx_word' id='word_1_202' title='bbox 1141 2941 1206 2997; x_wconf 90' lang='lat' dir='ltr'>aur</span> <span class='ocrx_word' id='word_1_203' title='bbox 1228 2940 1296 3009; x_wconf 88' lang='lat'>70.</span> <span class='ocrx_word' id='word_1_204' title='bbox 1354 2915 1494 2997; x_wconf 89' lang='lat' dir='ltr'>Omnia</span> <span class='ocrx_word' id='word_1_205' title='bbox 1517 2940 1647 2997; x_wconf 79' lang='lat' dir='ltr'>autent</span> <span class='ocrx_word' id='word_1_206' title='bbox 1672 2919 1745 3001; x_wconf 85' lang='lat' dir='ltr'>ista</span> <span class='ocrx_word' id='word_1_207' title='bbox 1771 2946 1886 3031; x_wconf 88' lang='lat' dir='ltr'>repu</span> 
     </span>
     <span class='ocr_line' id='line_1_24' title="bbox 530 3024 1874 3142; baseline 0.004 -35"><span class='ocrx_word' id='word_1_208' title='bbox 530 3030 795 3111; x_wconf 85' lang='lat' dir='ltr'>monumentis</span> <span class='ocrx_word' id='word_1_209' title='bbox 811 3030 998 3111; x_wconf 84' lang='lat' dir='ltr'>Hilloriae.</span> <span class='ocrx_word' id='word_1_210' title='bbox 1016 3033 1153 3139; x_wconf 84' lang='lat' dir='ltr'>Pagius</span> <span class='ocrx_word' id='word_1_211' title='bbox 1166 3035 1205 3111; x_wconf 88' lang='lat' dir='ltr'>in</span> <span class='ocrx_word' id='word_1_212' title='bbox 1218 3028 1415 3137; x_wconf 84' lang='lat' dir='ltr'>Apparatu</span> <span class='ocrx_word' id='word_1_213' title='bbox 1429 3024 1737 3142; x_wconf 75' lang='lat' dir='ltr'>chronologico</span> <span class='ocrx_word' id='word_1_214' title='bbox 1750 3036 1874 3121; x_wconf 85' lang='lat' dir='ltr'>Num.</span> 
     </span>
     <span class='ocr_line' id='line_1_25' title="bbox 534 3142 1875 3249; baseline 0.007 -26"><span class='ocrx_word' id='word_1_215' title='bbox 534 3142 703 3237; x_wconf 84' lang='lat' dir='ltr'>testatur,</span> <span class='ocrx_word' id='word_1_216' title='bbox 719 3150 824 3249; x_wconf 82' lang='lat' dir='ltr'>juxta</span> <span class='ocrx_word' id='word_1_217' title='bbox 839 3170 975 3225; x_wconf 84' lang='lat' dir='ltr'>omnes</span> <span class='ocrx_word' id='word_1_218' title='bbox 993 3142 1215 3225; x_wconf 81' lang='lat' dir='ltr'>indubitato</span> <span class='ocrx_word' id='word_1_219' title='bbox 1233 3145 1482 3225; x_wconf 83' lang='lat' dir='ltr'>Nativitatem</span> <span class='ocrx_word' id='word_1_220' title='bbox 1500 3145 1646 3227; x_wconf 84' lang='lat' dir='ltr'>Christi</span> <span class='ocrx_word' id='word_1_221' title='bbox 1661 3146 1818 3231; x_wconf 88' lang='lat' dir='ltr'>debere</span> <span class='ocrx_word' id='word_1_222' title='bbox 1828 3176 1875 3231; x_wconf 92' lang='lat' dir='ltr'>co</span> 
     </span>
     <span class='ocr_line' id='line_1_26' title="bbox 531 3253 1883 3371; baseline 0.009 -35"><span class='ocrx_word' id='word_1_223' title='bbox 531 3258 689 3339; x_wconf 84' lang='lat' dir='ltr'>diinrra</span> <span class='ocrx_word' id='word_1_224' title='bbox 710 3284 853 3340; x_wconf 88' lang='lat' dir='ltr'>annum</span> <span class='ocrx_word' id='word_1_225' title='bbox 875 3253 1070 3359; x_wconf 76' lang='lat' dir='ltr'>julianum</span> <span class='ocrx_word' id='word_1_226' title='bbox 1095 3280 1154 3357; x_wconf 82' lang='lat'>40</span> <span class='ocrx_word' id='word_1_227' title='bbox 1180 3260 1219 3337; x_wconf 76' lang='grc' dir='ltr'>δι</span> <span class='ocrx_word' id='word_1_228' title='bbox 1246 3270 1316 3365; x_wconf 85' lang='grc'>46.</span> <span class='ocrx_word' id='word_1_229' title='bbox 1347 3256 1391 3339; x_wconf 88' lang='lat' dir='ltr'>id</span> <span class='ocrx_word' id='word_1_230' title='bbox 1414 3255 1463 3341; x_wconf 80' lang='lat' dir='ltr'>sic</span> <span class='ocrx_word' id='word_1_231' title='bbox 1487 3261 1672 3371; x_wconf 79' lang='lat' dir='ltr'>exigente</span> <span class='ocrx_word' id='word_1_232' title='bbox 1703 3264 1883 3347; x_wconf 77' lang='lat' dir='ltr'>circumi}</span> 
     </span>
     <span class='ocr_line' id='line_1_27' title="bbox 533 3367 1884 3484; baseline 0.007 -33"><span class='ocrx_word' id='word_1_233' title='bbox 533 3394 753 3479; x_wconf 87' lang='lat' dir='ltr'>temporum</span> <span class='ocrx_word' id='word_1_234' title='bbox 784 3400 821 3453; x_wconf 90' lang='lat' dir='ltr'>v.</span> <span class='ocrx_word' id='word_1_235' title='bbox 843 3399 879 3480; x_wconf 80' lang='lat' dir='ltr'>g.</span> <span class='ocrx_word' id='word_1_236' title='bbox 907 3378 1002 3479; x_wconf 87' lang='lat' dir='ltr'>quia</span> <span class='ocrx_word' id='word_1_237' title='bbox 1027 3398 1073 3454; x_wconf 85' lang='lat' dir='ltr'>ex</span> <span class='ocrx_word' id='word_1_238' title='bbox 1093 3367 1268 3479; x_wconf 86' lang='lat' dir='ltr'>Josepho</span> <span class='ocrx_word' id='word_1_239' title='bbox 1294 3373 1338 3455; x_wconf 85' lang='lat' dir='ltr'>L.</span> <span class='ocrx_word' id='word_1_240' title='bbox 1364 3392 1426 3465; x_wconf 72' lang='grc' dir='ltr'>ιε.</span> <span class='ocrx_word' id='word_1_241' title='bbox 1449 3373 1648 3484; x_wconf 82' lang='lat' dir='ltr'>Antiquit.</span> <span class='ocrx_word' id='word_1_242' title='bbox 1673 3374 1731 3459; x_wconf 88' lang='lat' dir='ltr'>C.</span> <span class='ocrx_word' id='word_1_243' title='bbox 1759 3406 1801 3473; x_wconf 85' lang='lat'>7.</span> <span class='ocrx_word' id='word_1_244' title='bbox 1836 3405 1884 3461; x_wconf 86' lang='lat' dir='ltr'>co</span> 
     </span>
     <span class='ocr_line' id='line_1_28' title="bbox 530 3479 1886 3591; baseline 0.008 -25"><span class='ocrx_word' id='word_1_245' title='bbox 530 3479 693 3566; x_wconf 78' lang='lat' dir='ltr'>Pilatum</span> <span class='ocrx_word' id='word_1_246' title='bbox 719 3510 799 3567; x_wconf 89' lang='lat' dir='ltr'>non</span> <span class='ocrx_word' id='word_1_247' title='bbox 828 3481 902 3569; x_wconf 76' lang='lat' dir='ltr'>css&#39;e</span> <span class='ocrx_word' id='word_1_248' title='bbox 925 3482 1067 3569; x_wconf 70' lang='lat' dir='ltr'>focium</span> <span class='ocrx_word' id='word_1_249' title='bbox 1094 3484 1294 3568; x_wconf 83' lang='lat' dir='ltr'>Praesrdem</span> <span class='ocrx_word' id='word_1_250' title='bbox 1317 3510 1570 3591; x_wconf 30' lang='lat' dir='ltr'>ante-annom</span> <span class='ocrx_word' id='word_1_251' title='bbox 1593 3487 1849 3576; x_wconf 85' lang='lat' dir='ltr'>duodecimo</span> <span class='ocrx_word' id='word_1_252' title='bbox 1885 3550 1886 3561; x_wconf 38' lang='grc' dir='ltr'><strong>ι</strong></span> 
     </span>
     <span class='ocr_line' id='line_1_29' title="bbox 528 3597 1885 3708; baseline 0.008 -30"><span class='ocrx_word' id='word_1_253' title='bbox 528 3600 626 3708; x_wconf 89' lang='lat' dir='ltr'>perii</span> <span class='ocrx_word' id='word_1_254' title='bbox 643 3597 808 3686; x_wconf 62' lang='lat' dir='ltr'>Tiberim</span> <span class='ocrx_word' id='word_1_255' title='bbox 853 3624 973 3681; x_wconf 87' lang='lat' dir='ltr'>annus</span> <span class='ocrx_word' id='word_1_256' title='bbox 1005 3604 1101 3683; x_wconf 77' lang='lat' dir='ltr'>uero</span> <span class='ocrx_word' id='word_1_257' title='bbox 1132 3598 1392 3683; x_wconf 78' lang='lat' dir='ltr'>duodecimus</span> <span class='ocrx_word' id='word_1_258' title='bbox 1421 3602 1565 3683; x_wconf 81' lang='lat' dir='ltr'>Tiberii</span> <span class='ocrx_word' id='word_1_259' title='bbox 1592 3603 1737 3689; x_wconf 87' lang='lat' dir='ltr'>incidit</span> <span class='ocrx_word' id='word_1_260' title='bbox 1769 3610 1810 3691; x_wconf 92' lang='lat' dir='ltr'>in</span> <span class='ocrx_word' id='word_1_261' title='bbox 1838 3634 1885 3690; x_wconf 83' lang='lat' dir='ltr'>an</span> 
     </span>
     <span class='ocr_line' id='line_1_30' title="bbox 525 3706 1863 3823; baseline 0.006 -30"><span class='ocrx_word' id='word_1_262' title='bbox 525 3706 717 3815; x_wconf 63' lang='lat' dir='ltr'>lulianum</span> <span class='ocrx_word' id='word_1_263' title='bbox 741 3740 811 3806; x_wconf 85' lang='lat'>71·</span> <span class='ocrx_word' id='word_1_264' title='bbox 830 3711 1000 3823; x_wconf 86' lang='lat' dir='ltr'>sequitur</span> <span class='ocrx_word' id='word_1_265' title='bbox 1022 3716 1135 3821; x_wconf 89' lang='lat' dir='ltr'>proin</span> <span class='ocrx_word' id='word_1_266' title='bbox 1152 3710 1316 3796; x_wconf 76' lang='lat' dir='ltr'>Pilatum</span> <span class='ocrx_word' id='word_1_267' title='bbox 1331 3738 1439 3797; x_wconf 88' lang='lat' dir='ltr'>anno</span> <span class='ocrx_word' id='word_1_268' title='bbox 1454 3714 1611 3815; x_wconf 80' lang='lat' dir='ltr'>Juliano</span> <span class='ocrx_word' id='word_1_269' title='bbox 1638 3731 1692 3813; x_wconf 81' lang='lat'>69</span> <span class='ocrx_word' id='word_1_270' title='bbox 1716 3744 1787 3805; x_wconf 86' lang='lat' dir='ltr'>aur</span> <span class='ocrx_word' id='word_1_271' title='bbox 1806 3750 1863 3819; x_wconf 91' lang='lat'>70</span> 
     </span>
     <span class='ocr_line' id='line_1_31' title="bbox 528 3823 1857 3938; baseline 0.011 -31"><span class='ocrx_word' id='word_1_272' title='bbox 528 3826 624 3908; x_wconf 87' lang='lat' dir='ltr'>dnm</span> <span class='ocrx_word' id='word_1_273' title='bbox 659 3823 768 3908; x_wconf 82' lang='lat' dir='ltr'>inille</span> <span class='ocrx_word' id='word_1_274' title='bbox 790 3824 988 3910; x_wconf 82' lang='lat' dir='ltr'>Praefidcm</span> <span class='ocrx_word' id='word_1_275' title='bbox 1011 3827 1163 3929; x_wconf 78' lang='lat' dir='ltr'>Judaeae.</span> <span class='ocrx_word' id='word_1_276' title='bbox 1218 3829 1323 3938; x_wconf 83' lang='lat' dir='ltr'>Ergo</span> <span class='ocrx_word' id='word_1_277' title='bbox 1342 3824 1369 3911; x_wconf 83' lang='lat' dir='ltr'>sr</span> <span class='ocrx_word' id='word_1_278' title='bbox 1393 3828 1566 3913; x_wconf 80' lang='lat' dir='ltr'>Christus</span> <span class='ocrx_word' id='word_1_279' title='bbox 1585 3824 1721 3917; x_wconf 82' lang='lat' dir='ltr'>suiliet</span> <span class='ocrx_word' id='word_1_280' title='bbox 1742 3862 1857 3921; x_wconf 81' lang='lat' dir='ltr'>natus</span> 
     </span>
    </p>
   </div>
   <div class='ocr_carea' id='block_1_3' title="bbox 401 3937 1879 4054">
    <p class='ocr_par' dir='ltr' id='par_1_4' title="bbox 401 3937 1879 4054">
     <span class='ocr_line' id='line_1_32' title="bbox 401 3937 1879 4054; baseline 0.012 -36"><span class='ocrx_word' id='word_1_281' title='bbox 401 4034 405 4039; x_wconf 22' lang='lat'>¹</span> <span class='ocrx_word' id='word_1_282' title='bbox 528 3937 685 4042; x_wconf 86' lang='lat' dir='ltr'>Juliano</span> <span class='ocrx_word' id='word_1_283' title='bbox 711 3958 759 4039; x_wconf 82' lang='lat'>3⁶</span> <span class='ocrx_word' id='word_1_284' title='bbox 780 3966 845 4022; x_wconf 92' lang='lat' dir='ltr'>aut</span> <span class='ocrx_word' id='word_1_285' title='bbox 870 3970 934 4039; x_wconf 82' lang='lat'>37,</span> <span class='ocrx_word' id='word_1_286' title='bbox 956 3944 994 4020; x_wconf 73' lang='grc' dir='ltr'>δι</span> <span class='ocrx_word' id='word_1_287' title='bbox 1022 3940 1049 4024; x_wconf 85' lang='lat' dir='ltr'>si</span> <span class='ocrx_word' id='word_1_288' title='bbox 1073 3938 1224 4023; x_wconf 83' lang='lat' dir='ltr'>obiillet</span> <span class='ocrx_word' id='word_1_289' title='bbox 1244 3968 1351 4023; x_wconf 86' lang='lat' dir='ltr'>anno</span> <span class='ocrx_word' id='word_1_290' title='bbox 1374 3945 1489 4026; x_wconf 80' lang='lat' dir='ltr'>aratis</span> <span class='ocrx_word' id='word_1_291' title='bbox 1519 3970 1585 4043; x_wconf 82' lang='lat'>33,</span> <span class='ocrx_word' id='word_1_292' title='bbox 1607 3972 1735 4054; x_wconf 88' lang='lat' dir='ltr'>prout</span> <span class='ocrx_word' id='word_1_293' title='bbox 1766 3952 1879 4035; x_wconf 87' lang='lat' dir='ltr'>oblill</span> 
     </span>
    </p>
   </div>
   <div class='ocr_carea' id='block_1_4' title="bbox 522 4048 1846 4283">
    <p class='ocr_par' dir='ltr' id='par_1_5' title="bbox 522 4048 1846 4283">
     <span class='ocr_line' id='line_1_33' title="bbox 525 4048 1836 4164; baseline 0.012 -27"><span class='ocrx_word' id='word_1_294' title='bbox 525 4053 679 4137; x_wconf 78' lang='lat' dir='ltr'>firmant</span> <span class='ocrx_word' id='word_1_295' title='bbox 696 4056 752 4137; x_wconf 85' lang='lat' dir='ltr'>hac</span> <span class='ocrx_word' id='word_1_296' title='bbox 770 4050 1037 4137; x_wconf 83' lang='lat' dir='ltr'>llevelationcs</span> <span class='ocrx_word' id='word_1_297' title='bbox 1052 4048 1204 4164; x_wconf 89' lang='lat' dir='ltr'>propos.</span> <span class='ocrx_word' id='word_1_298' title='bbox 1229 4082 1285 4149; x_wconf 86' lang='lat' dir='ltr'>r.‚</span> <span class='ocrx_word' id='word_1_299' title='bbox 1307 4052 1478 4164; x_wconf 86' lang='lat' dir='ltr'>sequitur</span> <span class='ocrx_word' id='word_1_300' title='bbox 1497 4058 1701 4144; x_wconf 87' lang='lat' dir='ltr'>Christum</span> <span class='ocrx_word' id='word_1_301' title='bbox 1722 4062 1836 4152; x_wconf 85' lang='lat' dir='ltr'>fuille</span> 
     </span>
     <span class='ocr_line' id='line_1_34' title="bbox 522 4163 1846 4283; baseline 0.011 -28"><span class='ocrx_word' id='word_1_302' title='bbox 522 4166 658 4269; x_wconf 80' lang='lat' dir='ltr'>lixum,</span> <span class='ocrx_word' id='word_1_303' title='bbox 680 4194 887 4283; x_wconf 85' lang='lat' dir='ltr'>antequam</span> <span class='ocrx_word' id='word_1_304' title='bbox 901 4164 1042 4255; x_wconf 83' lang='lat' dir='ltr'>Pilatus</span> <span class='ocrx_word' id='word_1_305' title='bbox 1063 4166 1187 4256; x_wconf 85' lang='lat' dir='ltr'>fuerat</span> <span class='ocrx_word' id='word_1_306' title='bbox 1202 4163 1332 4256; x_wconf 86' lang='lat' dir='ltr'>Praeies</span> <span class='ocrx_word' id='word_1_307' title='bbox 1348 4169 1500 4274; x_wconf 79' lang='lat' dir='ltr'>Judarae,</span> <span class='ocrx_word' id='word_1_308' title='bbox 1521 4197 1615 4259; x_wconf 88' lang='lat' dir='ltr'>cum</span> <span class='ocrx_word' id='word_1_309' title='bbox 1636 4199 1779 4269; x_wconf 84' lang='lat' dir='ltr'>tamen</span> <span class='ocrx_word' id='word_1_310' title='bbox 1797 4210 1846 4271; x_wconf 83' lang='lat' dir='ltr'>ex</span> 
     </span>
    </p>
   </div>
   <div class='ocr_carea' id='block_1_5' title="bbox 0 0 1890 4982">
    <p class='ocr_par' dir='ltr' id='par_1_6' title="bbox 0 0 1890 4982">
     <span class='ocr_line' id='line_1_35' title="bbox 0 0 1890 4982; baseline 0 0"><span class='ocrx_word' id='word_1_311' title='bbox 0 0 1890 4982; x_wconf 95' lang='lat' dir='ltr'> </span> 
     </span>
    </p>
   </div>
  </div>
 </body>
</html>
