3772 4988
102 343 105 353 ,
219 226 315 331 162
523 220 724 325 ueneni
748 223 795 319 S.
819 167 1072 351 Elisiletbae
1093 218 1344 357 Scbdnaug.

211 460 283 547 per
297 432 393 516 inira
413 426 628 515 divinamm
652 430 925 540 operationum
949 454 1040 513 cum
1063 429 1242 513 humanis
1267 429 1464 513 mixtione
1488 423 1660 519 delitiari.

211 573 292 631 tem
311 573 398 629 cuni
421 544 527 626 Deo.
611 546 702 626 Hac
723 569 811 626 mea
835 547 952 624 etiam
978 544 1037 626 de.
1048 539 1231 627 similibus
1261 537 1421 627 aliarum
1454 548 1661 632 animatum

212 657 422 746 sannarum
453 656 662 741 visionibus
683 683 791 740 mens
813 657 886 755 est,
909 656 1112 768 inquibus
1141 659 1309 739 humana
1339 662 1604 747 examinanda
1627 666 1661 747 &

213 773 457 888 corrigenda,
480 771 610 856 divina
635 792 764 854 autem
789 765 1037 881 suspicienda,
1066 774 1106 853 δι
1134 765 1406 882 amplectenda
1427 771 1532 864 suut.
1648 866 1653 871 ,

689 1108 692 1113 -
741 1018 914 1153 Num.
1008 1014 1133 1151 IX.
1225 1066 1237 1087 ·

211 1265 662 1408 Revelationes
760 1267 821 1400 S.
921 1259 1290 1401 Elisabethae
1394 1268 1655 1450 Virginis

96 1448 103 1457 ’
283 1442 728 1582 schonaugiensis,
765 1475 826 1545 ex
863 1439 1061 1547 Codice
1094 1441 1209 1561 Ms,
1242 1437 1494 1552 asservato
1531 1451 1605 1557 ad

391 1700 397 1709 ,
448 1582 528 1690 ’8.
567 1580 864 1689 Udalricum
901 1586 1152 1723 Augusta,
1187 1614 1247 1689 ac
1282 1586 1388 1690 scri·

661 1748 776 1865 pto
822 1732 950 1832 circa
1011 1756 1209 1835 annum

850 1909 865 1975 i
887 1905 1025 1999 450.

658 2194 661 2203 ·
749 2116 1126 2250 Prodmium.

110 2456 119 2469 ,
209 2374 287 2460 Hie
313 2368 369 2454 eil
395 2362 494 2455 liber
520 2371 665 2452 viarum
694 2368 786 2464 Dei,
815 2371 883 2482 qui
913 2371 1156 2452 annuntiatus
1179 2367 1234 2452 esl
1257 2365 1309 2452 ab
1335 2368 1487 2484 angelo
1507 2373 1581 2460 Dei
1601 2365 1642 2454 tl

206 2485 330 2572 tiffimi
358 2478 547 2568 Elisabeth
577 2476 718 2567 ancillae
739 2486 880 2568 Christi
897 2488 936 2565 δι
960 2486 1037 2566 Dei
1059 2486 1149 2579 vivi,
1173 2486 1377 2593 inquirito
1399 2511 1510 2572 anno
1534 2486 1638 2573 visita

207 2604 325 2684 tionis
353 2604 456 2704 ejus,
480 2603 528 2680 in
564 2622 648 2708 quo
693 2596 852 2680 visitavit
884 2623 970 2680 eam
1002 2599 1165 2706 Spiritus
1200 2592 1440 2684 adsalutem
1467 2604 1639 2696 omnium,

297 2715 365 2825 qui
386 2735 563 2822 paternas
586 2710 875 2794 admonitiones
906 2714 982 2793 Dei
1006 2735 1112 2822 grata
1145 2708 1426 2797 benedidione
1452 2717 1576 2827 perci·

418 2827 540 2936 piunt.
598 2825 744 2909 sterit
765 2830 805 2907 in
825 2851 929 3025 αηιὲ)
948 2828 1163 3023 DLonpinioe
1181 2825 1456 2913 incarnationis

798 2943 858 3023 M.
925 2997 937 3023 .
1001 2944 1068 3023 V.

429 3278 621 3366 Elisabeth
653 3280 731 3363 vidi
763 3283 804 3362 in
836 3278 982 3363 visione
1010 3276 1158 3391 spiritus
1191 3287 1269 3363 mei
1308 3304 1489 3366 montem
1528 3275 1638 3366 eutel-

55 3182 58 3186 ’
210 3198 249 3257 t.
410 3156 545 3252 hilum
575 3164 629 3248 est
655 3168 695 3248 in
725 3162 892 3248 exordio
922 3165 1048 3279 quinti
1067 3168 1161 3249 anni
1177 3162 1402 3251 visitationis
1416 3192 1528 3253 meae.
1571 3169 1639 3278 Ego

268 3196 405 3555 F
429 3393 510 3478 siim
537 3442 556 3459 -
585 3397 626 3474 δι
656 3392 763 3506 quasi
791 3418 868 3476 tres
898 3398 978 3478 vias
1005 3390 1030 3478 i
1067 3392 1197 3477 radice
1220 3399 1303 3499 ejus
1327 3383 1458 3506 usque
1485 3397 1539 3482 ad
1556 3392 1638 3481 suin

432 3534 537 3591 mum
563 3515 770 3617 porrectas.
809 3552 827 3572 ·
891 3513 1012 3591 Mons
1050 3502 1251 3605 excelsus,
1287 3502 1383 3592 sicut
1420 3509 1473 3593 ab
1514 3536 1562 3595 an
1586 3503 1638 3593 elo

207 3624 389 3739 percepi,
429 3616 596 3703 altitudo
629 3615 793 3705 coelestis
831 3616 1079 3705 beatitudinis
1116 3622 1182 3707 est.
1212 3668 1234 3689 ·
1300 3625 1374 3706 Via
1412 3536 1640 3736 hyacinhuu

171 3819 179 3833 ,
209 3728 551 3845 contemplationis
580 3734 744 3818 studium
773 3737 903 3822 esli-
962 3739 1024 3818 via
1050 3737 1179 3818 viridis
1207 3760 1366 3832 eonim,
1399 3742 1470 3849 qui
1499 3734 1639 3823 inedi-

208 3874 259 3932 va
281 3852 357 3930 vita
379 3842 538 3958 perfossi
557 3843 654 3930 sunt.
678 3896 696 3913 ·
754 3852 829 3934 Via
853 3874 1045 3960 purpurea
1072 3848 1276 3932 beatorum
1297 3852 1518 3962 Martyrum
1546 3852 1638 3936 eii·

207 3965 323 4047 Tunc
353 3954 510 4073 angelus
543 3960 641 4044 diiiit
668 3962 830 4049 admei
875 3966 976 4047 Ecce
1009 3962 1184 4075 incepisli
1215 3959 1353 4050 librum
1380 3970 1534 4054 viarum
1563 3963 1635 4056 Del

1424 4091 1427 4097 ’
1564 4078 1637 4166 ficit
1686 4162 1688 4171 .
