3796 4994
439 294 447 307 ἱ
515 356 719 459 Revela.
746 354 801 455 de
826 342 1016 488 Agreda.
1052 358 1223 452 ΡΜ.
1493 384 1586 483 241

145 561 232 652 tum
248 553 473 656 materialis,
492 554 560 659 sed
589 562 706 647 etiam
731 555 1011 661 immaterialis,
1046 585 1189 671 nempe
1215 548 1354 670 angeli
1438 557 1592 643 Eodem

144 699 349 787 tempore,
384 699 469 786 quo
494 674 622 761 DEus·
640 679 782 759 creavit
812 669 957 759 coelum
996 669 1256 786 profanatis,
1299 671 1441 755 cenavit
1476 675 1593 757 etiam

144 811 287 874 terram
308 787 483 885 fiunem,
519 791 559 872 δε
585 791 626 891 in
662 794 743 895 ejus
763 788 899 872 medio
909 784 1131 887 infernum,
1154 782 1331 891 limbum,
1349 790 1389 867 ἀ
1408 780 1593 898 purgatis-

143 906 260 988 rium.
337 906 452 1003 m
485 886 676 1011 reprimit
697 895 825 987 lucem
858 900 1108 998 attachus,
1129 926 1200 1012 per
1227 897 1343 1012 quod
1365 923 1449 982 non
1468 895 1594 985 soltlm

143 1010 374 1128 intelligitur
397 998 585 1126 stpuatio
608 1019 736 1100 noctis
757 1020 798 1098 &
821 993 1123 1104 diei'naturaliss
1148 1011 1216 1100 sed
1229 1016 1347 1099 etiam
1361 1011 1500 1100 divifio
1517 1013 1593 1098 bo·
1665 1126 1669 1133 ἡ

142 1154 289 1215 norum
309 1124 537 1241 angelorum
559 1125 584 1213 a
605 1122 727 1213 malis.

251 1297 331 1378 33.
368 1270 514 1389 Angeli
549 1270 706 1363 fumant
747 1280 863 1362 creati
893 1277 938 1363 in
964 1272 1144 1390 supremo
1176 1271 1283 1362 coelo
1323 1280 1364 1362 δι
1392 1280 1433 1362 iu
1462 1278 1594 1392 gratia
1648 1368 1652 1375 ,
1742 1322 1747 1329 ·

11 1418 17 1429 ·
143 1393 246 1477 Tam
274 1390 375 1474 boni
407 1384 527 1500 quiam
560 1388 650 1473 mali
668 1386 794 1503 angeli
819 1389 975 1475 feretum
997 1399 1165 1476 viatores
1187 1388 1316 1507 vald·
1325 1395 1471 1507 exiguo
1494 1416 1594 1479 tem=

148 1530 272 1619 pote,
294 1503 408 1618 quod
435 1504 588 1587 duravit
619 1503 766 1587 tantum
799 1531 869 1616 per
893 1511 963 1590 tria
996 1507 1194 1607 instantia,
1211 1501 1284 1589 sed
1314 1501 1606 1619 aliquantulum

149 1617 272 1703 diffita
293 1623 392 1702 inter
405 1614 456 1701 se.
543 1620 586 1701 ln
610 1610 738 1729 plimo
761 1620 916 1705 Instanti
929 1618 1086 1703 fuerunt
1103 1625 1230 1704 creati.
1313 1624 1405 1704 Post
1426 1623 1595 1732 primum

147 1734 293 1837 Instans
318 1730 553 1846 sequebatur
574 1737 712 1844 exigua
731 1727 882 1815 morula
914 1728 989 1817 seu·
1004 1728 1165 1817 alterum
1184 1734 1340 1829 lnllans,
1364 1737 1405 1815 in
1422 1761 1511 1846 quo
1528 1761 1593 1820 an·

179 1841 248 1930 elis
269 1843 565 2041 proponebatur
586 1845 810 1929 mandatum
837 1845 1054 1929 obediendi
1080 1849 1208 1933 Duo.
1281 1850 1329 1929 Et
1348 1849 1388 1929 in
1414 1847 1495 1931 hoc
1509 1845 1595 1961 ipso

198 1961 307 2044 stanti
360 1959 494 2043 abatur
510 1953 574 2042 illa
599 1985 729 2073 pugna
746 1959 948 2046 Michaelis
968 1986 1060 2046 cum
1080 1962 1279 2065 Dracone,
1299 1959 1350 2049 de
1373 1986 1454 2075 qua
1468 1957 1598 2049 scribi·
1664 1996 1668 2005 ·

151 2097 216 2159 tur
241 2068 408 2185 Apocal.
426 2074 481 2158 C.
503 2100 568 2158 ta.
1392 2126 1424 2179 p.

270 2228 338 2306 84·
373 2209 562 2318 Quamvis
585 2207 626 2287 in
647 2204 725 2289 hoc
745 2204 918 2293 secundo
945 2210 1099 2293 Instanti
1121 2214 1251 2294 omnia
1306 2204 1486 2295 otuilseut
1506 2238 1598 2326 per·

154 2326 217 2437 agi
237 2316 448 2416 celerrimi,
468 2312 640 2403 intellexi
662 2343 806 2418 tamen,
830 2323 946 2436 quod
961 2322 1118 2423 bonitas
1140 2326 1229 2408 DEI
1248 2237 1309 2408 ub
1329 2321 1445 2409 fuerit
1466 2322 1599 2440 aliqua

154 2461 267 2521 mora
292 2433 497 2545 [culpatio
519 2441 730 2565 tgnporis,
755 2462 840 2548 quo
874 2437 1037 2520 durante
1066 2433 1266 2548 proposuit
1294 2433 1439 2550 angelis
1473 2438 1599 2553 excel·

153 2548 314 2635 lentiam
334 2544 405 2631 suae
424 2550 618 2646 amicinae,
649 2551 691 2628 δι
713 2553 938 2665 gravitatem
958 2554 1134 2661 peccatis
1168 2556 1434 2663 proemium&
1457 2547 1599 2665 suppli·

10 2748 16 2763 ,
154 2671 284 2752 ciums
325 2659 495 2745 ostendit
526 2657 600 2744 illis
625 2686 797 2775 namque
818 2659 883 2747 inf
946 2690 1035 2762 um,
1056 2670 1098 2747 &
1115 2689 1251 2776 poeuas
1271 2661 1343 2747 illis
1360 2690 1601 2783 praeparatm,

23 2768 41 2795 ’
154 2771 250 2864 use
279 2797 528 2889 opponerent
551 2778 676 2858 DEO.
746 2775 896 2890 Ctimp
960 2782 1084 2863 'nuces
1105 2779 1317 2875 restiterint,
1342 2783 1384 2864 in
1406 2775 1603 2873 infernum

155 2889 318 2982 detrulia
354 2891 451 2972 boni
469 2904 600 2973 autem
622 2893 799 3001 ingratia
822 2888 1006 3006 &gloria
1031 2891 1247 2980 confirmati
1270 2891 1375 3015 suut..
1447 2895 1497 2980 Et
1521 2897 1604 2986 hoe

156 3006 511 3119 contigitintertio
528 3004 694 3088 Instanti
1192 3006 1195 3011 ’

273 3179 340 3258 85·
357 3171 426 3257 86.
445 3175 514 3253 87·
537 3154 761 3245 &cccrum
791 3182 921 3247 autem
951 3155 1119 3246 Luciferi
1146 3153 1318 3275 intellexi
1341 3161 1381 3243 in
1399 3158 1481 3242 hoc
1498 3153 1601 3269 poli-

156 3297 240 3362 tum
260 3268 379 3357 mue.
462 3270 598 3356 Primb
628 3272 781 3359 Lucifer
807 3273 1052 3360 considerans
1074 3270 1139 3359 sua
1172 3273 1280 3359 dona
1311 3271 1444 3359 exarsit
1465 3298 1601 3357 amore

153 3386 210 3475 sui
231 3386 471 3472 inordinato.
552 3388 598 3470 In
631 3413 677 3472 ea
711 3387 1026 3474 confideratione
1048 3383 1105 3473 sui
1135 3391 1247 3472 nimis
1275 3387 1341 3472 diu
1365 3382 1403 3471 sa
1424 3387 1605 3484 detinuit,'

155 3508 427 3614 &propterea
452 3494 602 3613 languit
627 3504 669 3584 in
694 3500 904 3589 referendis
928 3504 1043 3589 DEO
1063 3506 1223 3616 gratiis:
1274 3505 1484 3587 Convertit
1504 3526 1603 3615 ergo

156 3611 197 3700 se
213 3613 422 3725 denuo‘ad
440 3609 494 3698 sui
516 3612 892 3705 confidentionems
924 3614 978 3701 dc
996 3643 1107 3701 novo
1123 3615 1192 3701 fibi
1219 3611 1363 3728 placuit
1385 3613 1449 3700 sua
1475 3609 1602 3699 excel·

156 3723 288 3825 lautia,
305 3731 344 3811 &
363 3726 599 3812 attribuebat
616 3754 702 3814 eam
728 3729 798 3815 fibi
823 3754 1010 3843 tanquam
1039 3757 1121 3815 tem
1142 3729 1212 3814 libi
1235 3735 1442 3843 propriam.
1501 3733 1605 3813 ilinc

155 3836 293 3926 extulit
313 3835 482 3954 se-lupra
506 3837 626 3946 sep&
650 3842 784 3928 exarfit
808 3847 955 3928 invidia
977 3868 1069 3958 erga
1089 3838 1186 3928 allos
1209 3846 1267 3929 ob
1293 3845 1465 3942 bonum,
1487 3842 1604 3957 quod

158 3982 245 4040 non
270 3953 417 4053 habuit,
444 3960 485 4038 &
508 3955 607 4040 odio
633 3983 726 4070 erga
751 3959 892 4043 DEum
919 3961 959 4042 &
979 3962 1061 4066 ejus
1087 3980 1302 4042 creaturan·
1367 3957 1464 4040 lnde
1490 3978 1605 4040 exor-

155 4092 197 4158 ta
220 4073 300 4182 ejus
332 4064 513 4154 volontas
542 4097 626 4153 non
659 4071 872 4158 obediendi
901 4073 1016 4174 Deo,
1043 4066 1083 4161 sc
1114 4066 1374 4160 constituendi
1397 4098 1472 4184 pro
1494 4069 1606 4175 obje·
1661 4058 1669 4107 ²

272 4181 334 4273 D.
356 4181 405 4271 Ε.
421 4185 478 4270 Α.
495 4179 541 4271 de
559 4182 742 4282 ueneat.
764 4185 867 4276 Pars
887 4184 946 4279 lla
1044 4173 1055 4182 ”
1146 4185 1227 4272 uh
1539 4187 1607 4272 mo

1762 272 1827 317 ’Ὺ
