3796 4994
526 252 631 379 Reg.
653 239 801 345 Prass.
820 272 876 342 ex
898 250 941 341 S.
961 249 1104 384 Joatr.
1130 244 1181 344 de
1207 238 1353 345 Cruces
1559 283 1653 375 223

217 452 382 538 doemon
415 449 517 534 vero
553 448 847 536 commovendo
885 442 1027 559 species
1056 456 1097 533 δι
1126 452 1280 550 obiedla
1308 453 1357 536 ad
1386 448 1513 536 falsam
1541 462 1658 541 ratio·

215 571 446 652 cinationem
481 566 637 649 idonea.
698 568 853 647 Interim
880 568 1003 645 anima
1031 561 1178 673 semper
1203 569 1331 675 potest
1359 567 1563 652 intendere
1582 567 1656 658 illis

214 684 403 765 verbisne
434 677 676 763 discursibus.
693 703 877 789 tanquam
909 676 959 759 ab
984 681 1060 760 alio
1088 678 1225 770 distis,
1263 679 1393 789 sicque
1421 681 1591 764 incidere
1616 690 1656 767 in

215 821 362 880 errores
394 787 608 903 plurimos,
641 795 805 873 maxime
845 817 930 871 cum
955 796 1080 872 anima
1107 788 1219 873 semel
1254 791 1575 902 contemplationi
1599 801 1660 878 in·

214 933 318 994 tenta
352 901 594 990 connaturali
622 901 716 987 serie
750 898 955 986 afferrnum
998 904 1109 1016 possit
1141 908 1364 987 inflammari
1399 909 1449 988 ad
1482 934 1659 994 amorem

215 1025 306 1119 Dei,
339 1025 382 1119 &
411 1013 507 1103 alios
537 1013 741 1101 consuetos
768 1023 951 1100 virtutum
980 1026 1106 1108 adure
1134 1021 1317 1132 adeoque
1346 1022 1583 1132 nequidem
1613 1049 1663 1105 ex

217 1132 422 1221 menibus
463 1134 577 1215 bonis
629 1128 787 1215 discerni
841 1128 982 1240 possit,
1032 1157 1079 1215 an
1119 1125 1306 1215 allocutio
1356 1135 1566 1218 existimata
1617 1133 1662 1218 fit

218 1245 391 1335 totaliter
432 1245 456 1332 ὲ
498 1249 637 1341 Deo,
681 1272 731 1328 an
769 1247 864 1328 vero
905 1245 1021 1328 etiam
1059 1240 1475 1348 arationenaruralr,
1504 1253 1543 1332 δι
1572 1247 1663 1334 doe·

220 1389 351 1452 mune.
391 1404 395 1412 ·
1152 1407 1153 1412 Ν

322 1576 493 1706 Regula
533 1607 612 1673 αι.
684 1569 860 1707 Itaque
897 1577 1027 1672 circa
1061 1566 1181 1672 tales
1218 1566 1549 1677 allocutiones
1585 1580 1661 1675 in·
1759 1530 1782 1561 ⁶
1814 1624 1844 1663 „-

229 1738 387 1818 ternas
424 1711 489 1815 ad
524 1721 752 1814 animam
789 1711 1043 1813 ordinatas
1095 1743 1184 1841 per
1231 1710 1454 1816 modum
1491 1712 1663 1817 discur-

235 1850 307 1956 slrs
331 1884 427 1958 nec
449 1885 509 1954 cx
540 1877 720 1955 natura
747 1851 1010 1954 bonorum
1048 1847 1322 1956 cffcduum
1352 1856 1433 1957 seu
1469 1868 1663 1961 motio·
1775 1993 1778 2001 Ι

239 2027 349 2100 num
378 1997 613 2133 cognosci
637 1997 821 2128 potest,
848 2026 913 2096 an
938 1994 1030 2095 fint
1060 1990 1089 2094 ὲ
1116 1990 1280 2107 DEO.

250 2225 256 2235 '
329 2223 496 2351 Regula
537 2252 615 2318 22.
677 2214 853 2352 Itaque
888 2213 1215 2321 revelationes
1252 2214 1393 2321 fadar
1429 2252 1519 2357 per
1554 2253 1667 2328 mo·

252 2355 354 2462 dum
388 2355 709 2464 allocutionis
746 2357 925 2459 divinae
974 2366 1182 2459 internae
1232 2357 1294 2459 ad
1332 2367 1594 2480 animam,
1630 2368 1664 2469 sr

176 2518 180 2565 ³
255 2503 340 2604 sunt
374 2499 620 2602 ordinatas
643 2497 1007 2634 permodum
1044 2494 1304 2614 discursus,
1342 2498 1394 2604 dc
1429 2505 1545 2636 post
1582 2539 1667 2643 ap·

257 2637 560 2769 piscationem
608 2648 766 2741 animi
802 2637 864 2742 ad
909 2639 1437 2774 contemplationem,
1473 2656 1669 2752 univer·

259 2781 324 2883 sun
370 2779 643 2910 rejiciendae
688 2781 799 2884 sunt
843 2801 1095 2918 tanquam
1139 2779 1342 2901 dubiae,
1395 2780 1448 2889 δι
1483 2812 1543 2888 ex
1578 2791 1668 2894 suo

258 2951 404 3054 genere
440 2929 714 3024 innumeris
751 2918 1135 3053 deceptionibus
1173 2924 1425 3028 obnoxiae.
1499 2956 1566 3034 Hae
1594 2977 1672 3041 tres

258 3057 384 3171 legulae
415 3066 663 3146 continentur
697 3064 738 3142 in
772 3056 946 3171 sequenti
988 3061 1163 3143 dodrina
1202 3065 1240 3144 S.
1279 3069 1440 3166 Joannis
1475 3063 1672 3153 aCruce.

255 3173 378 3261 LCC.
396 3178 451 3275 C,
474 3189 540 3260 28.
557 3179 597 3255 δι
616 3177 666 3257 C.
688 3204 751 3269 29.
777 3171 827 3257 sic
852 3176 989 3257 haber:
1030 3181 1180 3257 Tertius
1209 3179 1365 3273 modus,
1390 3205 1473 3288 quo
1500 3173 1673 3260 form-an·

254 3309 300 3371 rur
318 3284 647 3403 supernaturaliter
674 3291 860 3398 imagines
882 3293 922 3370 in
947 3292 1191 3399 imaginativa
1215 3284 1324 3375 nullo
1349 3294 1545 3374 mediante
1568 3288 1675 3377 sensu

252 3424 441 3516 corporeo,
469 3398 514 3484 fit
539 3427 609 3512 per
638 3395 893 3485 allocutiones
920 3408 1084 3484 internas
1123 3405 1172 3482 ad
1202 3407 1377 3485 animam
1436 3402 1516 3513 lpse
1545 3430 1676 3491 autem

247 3513 313 3601 nze
332 3515 522 3603 allocutio
535 3513 581 3599 fit
602 3509 739 3624 triplici
758 3513 909 3603 modos
938 3520 1064 3626 primo
1084 3541 1151 3623 per
1174 3514 1291 3597 verba
1314 3517 1492 3600 ordinata
1511 3545 1556 3601 ac
1580 3547 1678 3604 con·¹

221 3648 331 3715 ‘nexa
346 3642 387 3715 in
410 3622 761 3722 immanifestius,
791 3655 874 3737 quo
898 3629 1023 3711 modo
1041 3632 1166 3709 anima
1187 3623 1313 3711 secum
1340 3624 1513 3742 loquitur
1534 3639 1573 3716 in
1594 3630 1680 3717 col·

240 3737 396 3831 leuiom
421 3751 591 3826 interna.
648 3742 832 3824 Secundo
853 3768 922 3849 per
942 3743 1059 3825 verba
1078 3737 1254 3840 formalia
1312 3746 1422 3826 uibus
1448 3741 1519 3828 alia
1550 3742 1639 3854 pcrs
1662 3795 1679 3812 ·
1837 3796 1849 3803 -

238 3885 283 3944 ua
307 3887 380 3943 nos
397 3853 500 3943 solet
525 3847 677 3965 alloqui
699 3857 812 3935 eriam
840 3857 933 3937 dnm
954 3883 1036 3937 non
1067 3850 1193 3936 sumus
1229 3772 1385 3940 colledi
1410 3884 1484 3939 nec
1507 3856 1680 3942 discurri·

235 4000 312 4061 nus
332 3973 400 4088 ipfi
423 3970 656 4059 nobiscnm
712 3969 850 4051 Tertio
877 3996 947 4080 per
975 3968 1093 4053 verba
1122 3972 1301 4079 practica,
1328 3994 1414 4082 quae
1436 3969 1478 4053 id
1499 3970 1620 4082 ipsum
1639 3977 1681 4051 in

1551 4106 1682 4162 anima
