3796 4994
470 274 472 280 ¹
635 313 835 413 Revelat.
855 308 1110 449 deAgrrdn
1132 317 1247 413 Part
1268 319 1305 416 1.
1569 349 1665 440 231

231 608 235 615 ,
342 546 408 621 rt.
429 530 494 607 ιι.
517 543 532 603 t
541 544 581 617 7.
611 517 657 603 In
684 517 823 604 eadem
846 511 934 604 luce
956 517 1074 605 DEus
1096 540 1200 603 tanta
1218 513 1390 603 claritate
1415 521 1455 602 n
1470 519 1667 607 contudi·-

219 664 272 724 ue
288 632 546 749 cognoscitur,
569 655 612 717 ut
629 631 682 716 de
696 631 855 738 objecto
869 626 1018 730 nullum
1041 627 1279 746 relinquatur
1292 629 1468 719 dubium.
1526 642 1665 746 (ὶιιιιιιΙ

220 752 277 836 do
294 756 421 835 anima
438 749 511 830 bac
535 741 623 834 luce
652 771 697 829 ac
725 744 872 831 visione
899 743 1061 842 fruitur,
1088 750 1128 829 δι
1156 772 1241 831 eam
1275 770 1359 830 non
1384 750 1536 846 amittit,
1566 775 1666 834 nun·

220 891 340 976 quatu
359 865 540 957 uincitur.
653 861 779 943 Immo
809 859 998 944 tribuit&
1029 863 1184 971 corpori
1208 853 1514 958 alleyiationem,
1541 861 1667 975 idque

217 977 348 1061 reddit
366 967 503 1087 aliquo
530 969 656 1056 modo
673 965 878 1082 spirituale,
901 995 944 1057 ut
967 976 1130 1083 gravitas
1148 965 1248 1056 illius
1270 970 1482 1070 evanescat,
1503 998 1570 1059 aut
1590 979 1666 1059 im·
1744 1079 1748 1085 .

150 1172 153 1193 ,
205 1127 208 1133 ²
220 1088 412 1201 pediatur.
481 1091 594 1171 Tunc
616 1089 656 1167 in
679 1084 864 1173 omnibus
890 1084 1107 1171 actionibus
1130 1081 1285 1173 sentittu
1304 1084 1502 1174 affistenm
1517 1082 1667 1201 spiritur

220 1203 376 1298 Cluiili,
399 1203 470 1314 qui
491 1199 544 1284 est
563 1200 686 1294 Deus,
715 1200 755 1283 δι
783 1205 862 1281 vita
880 1202 1028 1284 anima,

340 1368 407 1442 ιε.
435 1372 501 1443 ι9.
529 1350 631 1431 Νοιι
651 1343 757 1441 dico,
780 1341 895 1455 quod
915 1343 996 1429 haec
1016 1339 1084 1429 lux
1110 1340 1155 1429 stt
1179 1366 1265 1431 tota
1290 1340 1377 1438 luxa
1412 1343 1479 1435 sed
1500 1351 1556 1435 est
1575 1379 1665 1466 pars

219 1457 340 1552 illiusr
370 1468 410 1546 δι
431 1486 578 1654 capara
596 1460 650 1544 est
670 1453 800 1570 aliqua
818 1461 995 1568 cognitio
1013 1454 1123 1569 supra
1138 1462 1238 1543 viret
1258 1485 1412 1547 naturae.
1480 1466 1556 1548 Per
1577 1495 1665 1554 earn
1783 1478 1805 1499 '
1869 1591 1880 1604 ι

221 1577 407 1661 vifionem
438 1579 478 1657 in
496 1594 624 1656 ormat
653 1571 773 1654 DEut
801 1596 872 1682 per
899 1570 1064 1655 modum
1096 1575 1231 1657 animae
1258 1572 1486 1660 vivificantis
1511 1576 1666 1667 intelle·

221 1697 341 1786 dum,
360 1693 476 1800 eique
495 1685 630 1770 tribuit
643 1707 786 1768 certam
804 1677 973 1794 aliquam
996 1689 1274 1795 proprietatem
1293 1712 1342 1772 ac
1360 1683 1582 1790 claritatem,
1591 1694 1664 1806 pet

220 1830 338 1916 quam
359 1803 535 1911 potentia
565 1801 701 1882 animae
730 1796 906 1879 redditur
928 1802 1223 1908 proportionata
1241 1799 1292 1880 ad
1315 1807 1582 1911 cognitionem
1602 1805 1683 1892 su··
1752 1810 1765 1816 “

217 1911 513 2027 permaturalem.
596 1915 687 1992 Hoc
715 1910 850 1992 medio
873 1910 1169 2021 comprehendit
1194 1906 1410 1996 intellectus
1436 1942 1524 1998 cum
1552 1925 1662 2004 certi·

219 2029 358 2112 tudine
375 2053 434 2124 ea,
484 2052 539 2107 uae
557 2025 777 2107 ereduntur.
860 2024 965 2134 Sap.
989 2048 1032 2120 7.
1060 2027 1154 2107 Haec
1178 2018 1246 2128 lux
1275 2026 1328 2109 eil
1350 2027 1660 2147 inextinguibilis,

223 2137 282 2234 ὅ
309 2146 433 2227 omniu
453 2056 561 2225 lona
587 2144 779 2222 uenerunt
805 2132 895 2220 mili
916 2138 1175 2249 pariterstcnm
1202 2132 1291 2235 illa,
1320 2133 1379 2235 δ’
1406 2141 1663 2235 innumerabi-

219 2251 263 2341 lis
288 2247 457 2366 honestas
481 2272 555 2364 per
586 2273 720 2334 nunus
744 2244 876 2355 iliius3
926 2244 1003 2334 lac
1027 2245 1099 2332 lux
1126 2246 1305 2361 precedit
1330 2279 1387 2338 me
1414 2250 1470 2340 ad
1495 2252 1662 2375 dirigen-

220 2365 309 2452 dum
325 2372 376 2453 in
397 2368 495 2451 oia:
540 2389 651 2474 quam
671 2361 752 2470 fine
775 2361 927 2467 fidiora
961 2358 1078 2448 didici
1090 2416 1105 2463 ,
1128 2361 1209 2471 fine
1234 2364 1386 2454 inuidia
1416 2376 1661 2475 communico,

220 2479 279 2577 ἐς
296 2475 518 2592 honestatem
536 2473 637 2564 iuius
653 2502 729 2562 nort
753 2473 937 2588 ulfcoMo
958 2479 1034 2560 dcc.

339 2674 403 2744 ¹9·
439 2647 483 2731 ln
515 2647 588 2728 hac
619 2639 708 2726 luce
741 2639 906 2726 ascendo
938 2638 989 2726 ad
1023 2642 1178 2731 Deumr
1218 2644 1258 2727 dt
1283 2646 1325 2728 in
1346 2643 1440 2736 Deo
1463 2647 1660 2761 cognosco

221 2755 508 2872 dispositionem
530 2757 651 2853 orbis,
679 2761 716 2838 ἃ
738 2761 836 2840 vires
859 2751 1168 2844 elementorumr
1212 2758 1374 2856 initium,
1394 2763 1592 2866 medium,
1617 2773 1660 2855 de

216 2879 335 2971 finem
360 2897 596 2985 temporum,
624 2867 891 2957 viciffitudines
920 2895 1062 2968 rerum,
1096 2866 1240 2954 cursum
1265 2897 1471 2974 annorum,
1493 2906 1663 2993 propos.

217 2988 356 3079 tione's'
370 2990 411 3071 dt
434 2987 686 3098 proprietates
708 3009 976 3079 creaturarum,
993 2978 1175 3095 pericula,
1192 2988 1378 3086 adiuuet,
1397 2993 1437 3073 n
1455 2988 1662 3080 abscondi·

214 3128 259 3190 ta
273 3104 498 3199 hominum
525 3102 644 3195 initia,
664 3096 853 3194 finem&
878 3099 1191 3182 constitutionem
1212 3125 1255 3182 re
1281 3127 1431 3188 norum.
1513 3111 1659 3195 omnir

172 3276 175 3287 -
216 3219 299 3302 hate
324 3211 607 3328 cognoscuntur
626 3216 668 3295 in
686 3206 749 3294 iila
767 3206 854 3295 luce
872 3210 964 3310 Dei.
1041 3209 1120 3297 Sed
1145 3125 1312 3322 quanlo
1338 3219 1465 3302 anima
1492 3221 1532 3301 in
1556 3217 1659 3304 infe·

215 3328 423 3416 riutiliat'u
446 3327 521 3423 est,
543 3322 598 3411 to
616 3351 778 3436 nempe,
802 3349 922 3437 quem
945 3322 1138 3445 ordinarie
1162 3323 1303 3435 nabet,
1328 3321 1423 3433 licet
1453 3352 1579 3416 utatur
1599 3326 1657 3419 es

219 3440 336 3528 sentia
355 3440 465 3546 hujus
489 3436 600 3538 lueis,
624 3435 731 3522 aliter
751 3464 812 3547 res¹
829 3433 1013 3522 sehabet
1079 3438 1124 3523 lu
1139 3437 1220 3522 hoc
1242 3428 1346 3526 enim
1361 3437 1536 3530 inferiori
1559 3441 1658 3535 loco

218 3583 302 3643 non
329 3552 459 3639 habeo
476 3560 672 3659 'majorem
700 3553 980 3664 cognitionem,
1001 3546 1122 3664 quim
1148 3577 1236 3665 quae
1261 3546 1394 3642 sufficit
1422 3556 1473 3642 ad
1498 3562 1658 3651 vitanda

218 3671 375 3783 propria
395 3662 563 3779 pericula
585 3671 624 3749 dt
649 3690 820 3777 peccata,
841 3668 880 3748 dr
902 3663 953 3752 ad
970 3664 1295 3775 ..compatiendum
1312 3669 1560 3765 hominibutr
1583 3699 1658 3763 nee

218 3784 312 3866 mihi
334 3805 426 3866 tunc
439 3775 545 3878 licet,
565 3779 616 3864 ad
645 3782 824 3865 homines
844 3803 931 3863 cum
962 3772 1137 3875 claritate,
1153 3784 1199 3862 ea'
1225 3775 1360 3893 loqui,
1386 3811 1474 3896 quae
1504 3811 1658 3903 eogno-

216 3892 307 3985 scor
346 3920 420 3979 nee
450 3898 565 3979 etiam
594 3889 725 3982 seirent
749 3917 845 4015 tuuc
858 3886 1125 4017 illuit-llll?
1146 3898 1190 3979 in
1209 3917 1262 4003 eo
1282 3894 1381 3983 statu
1400 3896 1539 3988 uideor
1561 3904 1657 3989 milu'

216 4006 326 4122 quast
353 4031 459 4093 muta
481 4000 569 4112 esse,
670 4009 675 4018 ’
1186 4120 1190 4127 ¹
1342 4084 1346 4089 .
1794 4094 1796 4099 .

1510 4149 1580 4213 20·
1605 4124 1656 4232 B.
