3796 4994
616 345 816 446 uenerat.
841 344 895 441 de
918 343 1105 481 Agreda.
1136 336 1250 445 Pars
1275 355 1311 444 1.
1579 351 1673 452 261
1711 438 1715 446 ,
1827 448 1831 455 .

231 522 303 639 airu
326 551 494 639 tribuum
520 545 650 662 sfrass.
738 555 890 636 Horum
924 543 1148 664 angelorum
1178 546 1347 635 officium
1373 551 1454 645 est,
1494 547 1673 640 Clientes

231 672 363 750 Mariae
385 664 458 749 suis
479 661 786 775 inspirationibus
811 668 971 748 invitare
996 665 1048 746 ad
1073 666 1296 753 Civitatem.
1373 669 1445 750 Per
1466 665 1677 754 duodecim

223 781 352 888 ‚tribus
377 781 596 863 indicantur
614 804 752 861 omnes
770 772 894 861 elesii.
950 783 1068 896 Porta
1095 778 1149 859 est
1165 781 1299 862 Maria.

351 955 445 1026 274·
475 929 580 1012 Cum
613 926 820 1010 admittier
837 924 893 1008 ob
911 925 1012 1010 hanc
1034 926 1261 1040 dignitatern
1277 930 1321 1010 B.
1342 931 1521 1039 Virginis,
1539 935 1681 1041 nempe

229 1042 345 1155 quod
366 1039 442 1150 ipsa
464 1038 507 1123 srt
528 1039 727 1123 mediatrix
757 1045 795 1122 δι
818 1066 932 1151 porta
960 1044 1135 1122 omnium
1155 1033 1379 1140 electorum,
1399 1044 1493 1124 mihi
1515 1040 1675 1131 insinua·

229 1179 313 1240 turn
335 1153 421 1251 fuit,
443 1153 493 1236 src
516 1154 666 1236 decere.
725 1156 829 1238 Cum
859 1159 961 1237 enirn
986 1158 1030 1234 B.
1058 1157 1180 1264 Virgo
1199 1148 1300 1264 passa
1317 1152 1433 1239 fuerit
1450 1181 1538 1238 curn
1562 1159 1676 1239 Chri·

228 1269 289 1352 sto
311 1270 350 1349 dr
377 1273 417 1350 in
440 1269 611 1363 Christo,
633 1274 737 1373 cujus
763 1291 853 1350 caro
877 1291 958 1350 erat
973 1263 1089 1376 ipsius
1122 1293 1237 1375 caro,
1258 1266 1428 1351 Christus
1454 1273 1490 1352 ei
1513 1265 1677 1356 contulit

230 1381 459 1494 dignitatem
481 1380 594 1477 banc,
623 1405 664 1462 ut
687 1375 819 1492 &ipsa
840 1376 932 1463 esset
954 1373 1225 1490 Redemptr'ixr
1256 1385 1297 1463 dc
1321 1375 1486 1465 'contulit
1504 1382 1573 1493 ipsr
1592 1410 1677 1465 me·

227 1499 298 1580 rita
327 1520 373 1577 ac
406 1490 572 1578 frusiurn
608 1493 911 1604 redemptionis,
942 1517 985 1576 ut
1005 1516 1057 1576 ea·
1070 1494 1335 1591 distribueret,
1369 1499 1409 1576 dr
1431 1495 1567 1578 eadem
1590 1523 1672 1579 non

227 1606 295 1691 nist
314 1635 382 1719 pet
406 1600 505 1690 illius
535 1632 670 1689 manus
691 1602 829 1691 filetus
852 1606 1113 1720 obtingerent.
1200 1616 1238 1691 0
1263 1603 1495 1692 admirabilis
1522 1605 1673 1721 thesau-

227 1727 323 1804 raria
342 1723 432 1816 Dei,
455 1718 574 1831 quim
593 1721 696 1803 bene
717 1724 790 1803 tuis
814 1720 989 1805 manibus
1014 1720 1228 1805 concrediti
1249 1716 1334 1805 sunt
1352 1718 1514 1805 thesauri
1545 1727 1671 1807 omni·

224 1838 408 1946 potentie
425 1836 524 1916 Dei!
552 1831 797 1919 Aboriense
811 1843 933 1949 porse
954 1843 1060 1940 sres3
1088 1834 1137 1921 ab
1156 1830 1348 1942 Aquilone
1366 1844 1485 1943 porte
1502 1846 1579 1920 sarr
1594 1842 1683 1919 &c.·

225 1944 421 2056 Quehbet
470 1951 572 2030 enirn
614 1975 662 2029 ex
704 1948 824 2032 tribus
864 1943 1033 2060 personis
1076 1951 1259 2058 permittit
1309 1948 1454 2032 aditum
1505 1944 1670 2032 hbtrurn
1796 1970 1807 1983 ·

223 2065 267 2145 B.
290 2064 436 2173 'Virgini
456 2059 507 2144 ad
524 2056 630 2143 suum
653 2064 875 2158 Thronum,
898 2086 940 2145 ut
961 2061 1017 2143 ibi
1040 2055 1296 2171 supplicando
1323 2087 1428 2174 petat
1463 2064 1568 2145 dona
1595 2090 1668 2172 pro

222 2171 295 2258 suis
316 2174 547 2274 Clieutibus,
562 2179 690 2286 iisque
714 2176 923 2259 distribuat.
1010 2173 1234 2282 Quomodo
1266 2171 1305 2259 se
1332 2172 1565 2260 excusabunt
1590 2180 1688 2259 hav

224 2291 345 2388 retici,
382 2282 564 2400 gentiles,
594 2293 633 2370 ὅ(
655 2313 901 2398 peccatores,
934 2286 961 2372 sr
993 2285 1186 2373 noluerint
1216 2294 1357 2373 intrare
1398 2318 1467 2400 pet
1496 2314 1666 2400 apertam

223 2426 398 2514 portamr
425 2401 590 2484 maxime
611 2427 697 2483 cum
721 2399 880 2485 thesauri
906 2402 1032 2487 sintin
1057 2429 1173 2486 manu
1187 2404 1303 2507 ‚hujus
1325 2405 1499 2514 Regina,
1522 2409 1562 2486 dc
1586 2400 1664 2513 ipsa

222 2543 293 2629 pet
317 2510 475 2626 angelos
494 2538 609 2597 vocet
627 2514 677 2597 ad
699 2516 945 2598 intrandum?
1290 2578 1304 2600 ,-

341 2676 437 2767 283·
491 2667 627 2749 DEUS
655 2662 723 2748 srbi
765 2663 879 2774 elegit
907 2667 953 2746 B.
979 2664 1177 2774 Virginem
1204 2665 1255 2745 in·
1273 2661 1553 2747 habitationem
1580 2663 1667 2776 pul·
1714 2729 1721 2743 .

221 2784 475 2867 cherrimam‚
526 2784 569 2862 de
611 2803 799 2890 quantum
834 2782 876 2860 in
905 2801 1002 2888 pura
1030 2801 1201 2862 creatura
1228 2779 1283 2861 est
1308 2775 1504 2888 posbbise,
1534 2778 1662 2891 perfe-

220 2895 428 2981 diffimam.
479 2957 482 2964 -
527 2930 530 2935 ’
1299 2924 1305 2939 ’

197 3007 199 3011 ’
338 3039 433 3120 284.
464 3021 573 3104 Deus
595 3015 663 3128 ipsr
682 3015 846 3103 contulit
871 3019 1097 3132 potestatem
1127 3021 1167 3102 in
1197 3017 1427 3114 doemones,
1459 3020 1517 3102 ob
1547 2984 1660 3134 {uod

218 3162 301 3220 non
326 3135 521 3219 audebant
544 3136 729 3216 accedere
752 3133 899 3236 adeius
922 3135 1089 3214 divinam
1113 3130 1358 3242 presentiam.
1432 3135 1580 3244 Neque
1603 3130 1661 3216 ul·

216 3248 276 3334 lus
304 3250 469 3332 doemon
495 3274 665 3358 unquam
686 3245 735 3327 ad
758 3274 842 3329 earn
868 3245 1016 3328 acceffit
1035 3244 1113 3330 fine
1133 3272 1251 3357 poena
1271 3251 1308 3328 dr
1333 3239 1487 3340 dolore.
1547 3251 1660 3330 Hanc

216 3364 446 3475 potestatem
459 3367 498 3444 in
519 3363 726 3443 doemones
740 3355 955 3443 habuissent
970 3387 1107 3444 omnes
1117 3363 1313 3457 homiues,
1329 3357 1359 3443 sa
1374 3385 1660 3473 per-peccatum

217 3480 330 3589 prirni
353 3479 520 3558 bominis
544 3501 627 3583 eam
648 3501 728 3555 non
758 3467 1016 3583 perdidissent.

343 3608 438 3686 285.
467 3589 576 3697 Saepe
599 3593 638 3691 in
656 3587 849 3669 vita'vidit
871 3589 1000 3671 Deum
1021 3582 1132 3672 clare.

338 3715 431 3793 286.
461 3696 634 3787 s'ertium
652 3696 944 3810 fundamentum
970 3694 1227 3786 calcedonius.
1316 3701 1392 3784 Hie
1414 3693 1511 3813 sapis
1537 3696 1660 3786 habet

213 3820 322 3903 suurn
342 3842 489 3898 nomen
513 3812 711 3924 dregione
732 3812 996 3908 Casaedoniae,
1016 3815 1055 3895 dr
1077 3807 1181 3896 lucet
1205 3812 1255 3895 ad
1276 3805 1408 3897 sumen
1431 3812 1600 3899 candelae
1615 3821 1657 3900 in

214 3931 396 4013 tenebris.
457 3916 674 4039 'Significat
703 3954 849 4010 nomen
872 3931 911 4007 dr
936 3918 1093 4010 virtutes
1117 3931 1257 4012 Mariae.
1315 3925 1506 4011 ,Nomen
1528 3930 1658 4012 Mariae
1819 4013 1825 4030 ,

214 4048 332 4129 etiam
349 4036 504 4127 sumitur
530 4043 555 4127 ὲ
579 4044 742 4153 regione
768 4044 942 4238 originip<
950 4066 1097 4236 pempe
1115 4034 1233 4133 tei'rar
1261 4042 1300 4123 dt
1319 4041 1361 4124 iu
1384 4030 1515 4154 lingua
1540 4033 1659 4123 satiba

1008 4182 1028 4258 ³
1531 4176 1658 4235 muta·
