3772 4988
212 256 308 331 toa
353 180 357 185 ι
590 239 897 340 Revelationes
931 245 977 339 S.
1014 235 1259 340 Gertrudis.

209 432 316 519 Cum
336 437 606 527 monasterium
627 439 722 528 esset
751 469 950 558 gravatum
982 443 1141 539 debito,
1169 436 1388 528 Geruudes
1412 436 1646 550 deprecaba-

209 568 274 641 tur
296 550 524 653 Dominum,
553 580 595 639 ut
616 564 762 664 juvaret
785 558 1003 669 provisores
1028 556 1198 652 claustri,
1234 581 1276 639 ur
1311 549 1529 665 persolvere
1555 581 1647 664 pos·

211 658 295 745 sent
319 665 433 775 quod
458 667 669 757 debebant.
737 668 952 785 Respondit
975 675 1193 757 Dominusr
1248 669 1359 777 Quid
1382 668 1474 750 inde
1496 694 1573 778 ego
1590 662 1648 749 lu·

212 798 356 874 naret,
388 776 414 860 fi
443 784 624 885 juvarem.
644 830 666 852 ·
720 786 826 870 Cum
859 789 954 872 vero
980 783 1195 870 Gerrrudes
1223 810 1306 866 non
1339 781 1551 875 desisteret,
1582 779 1647 862 led

209 888 404 973 instantius
423 898 636 979 Dominum
656 925 861 995 exoraret,
886 925 928 983 ut
961 896 1221 1009 provisoribus
1256 892 1402 978 claustri
1428 893 1650 1004 praedidum

212 1025 421 1113 gravamen
441 1001 658 1112 alleviaret,
696 1016 889 1096 Dominus
917 1010 1135 1124 respondit:
1180 1009 1266 1092 Cur
1287 1007 1359 1092 tibi
1382 1007 1522 1090 durum
1543 1005 1651 1090 vide·

212 1136 289 1212 tur,
308 1115 336 1199 st
357 1113 495 1232 aliquis
524 1117 631 1207 causa
654 1129 732 1208 mei
754 1129 973 1236 gravamina
997 1120 1156 1207 suffert?
1184 1124 1232 1206 Et
1256 1126 1298 1206 1.
1327 1149 1362 1222 3.
1382 1124 1434 1204 C.
1454 1147 1523 1216 7¹·
1550 1121 1653 1204 Cum

214 1229 429 1315 Gertrudes
450 1260 580 1319 oraret
600 1265 675 1350 pro
709 1239 881 1350 quadam
904 1233 1066 1348 persona
1099 1230 1213 1320 valde
1240 1238 1487 1345 impatiente,
1512 1234 1653 1314 Domi·

214 1367 288 1426 nus
311 1343 406 1429 dixit
429 1346 608 1435 adeam:
636 1353 836 1464 interroga
856 1347 960 1436 illam
984 1347 1198 1462 personam,
1219 1346 1354 1461 quales
1380 1342 1565 1430 molestiae
1589 1345 1656 1430 sibi

218 1463 451 1543 conveniant
474 1465 550 1545 &e
584 1467 624 1546 δι
646 1467 689 1549 L
718 1497 753 1570 ς.
780 1469 831 1549 C.
855 1494 921 1562 72.
982 1464 1087 1549 Ciam
1118 1462 1333 1546 Gerttudes
1359 1484 1489 1543 oraret
1512 1484 1654 1571 magno

218 1561 358 1654 assessu
375 1600 449 1684 pro
471 1571 601 1687 aliqua
626 1576 815 1688 persona,
843 1579 1039 1661 Dominus
1063 1571 1290 1688 respondite
1334 1578 1460 1685 Magis
1485 1575 1655 1685 expedit,

219 1705 305 1765 eam
328 1686 611 1796 gravaminibus
642 1695 808 1804 purgari.
862 1693 906 1776 t„
933 1721 967 1792 3.
991 1691 1043 1774 C.
1068 1707 1135 1788 84.
1194 1689 1408 1772 Gerrrudes
1436 1711 1555 1770 orans
1583 1710 1653 1797 pto

221 1798 392 1905 quadam
413 1797 574 1909 persona
603 1803 721 1889 dixirr
759 1806 935 1889 Domine
958 1831 1046 1887 cum
1074 1828 1183 1886 orem
1206 1803 1258 1884 ad
1285 1797 1440 1884 laudem
1459 1824 1566 1883 tuam
1585 1824 1656 1910 pro

221 1906 385 1994 homine
405 1914 500 2010 isto,
518 1919 558 1995 de
584 1915 671 1999 edm
691 1942 733 2000 ru
756 1939 835 2001 tam
861 1923 1112 2028 omnipotens
1140 1914 1208 2014 fis,
1235 1912 1348 2025 quod
1369 1919 1500 1996 omnia
1518 1937 1658 2025 praeva-

222 2013 317 2121 leas,
345 2050 466 2133 quare
497 2054 581 2110 non
605 2031 764 2136 exaudis
798 2035 904 2114 me?
961 2025 1158 2140 respondit
1191 2029 1397 2110 Dominus.
1476 2029 1584 2111 Sicut
1613 2051 1659 2108 ex

169 2139 173 2146 '
224 2139 514 2244 omnipotentia
547 2145 678 2224 omnia
739 2137 926 2239 raevaleo‚
953 2142 1080 2228 stc-ex
1108 2137 1335 2225 inscrutabili
1365 2136 1547 2250 sapientia
1576 2163 1660 2223 mea

226 2251 358 2329 omnia
378 2245 565 2353 discemo‚
591 2279 665 2337 nec
730 2257 838 2367 ‘quid
857 2254 1040 2367 perficio,
1067 2257 1180 2369 quod
1204 2279 1283 2336 non
1314 2253 1462 2336 deceat.
1521 2256 1579 2337 Ex
1605 2254 1661 2334 his

227 2381 325 2469 ergo
341 2358 581 2448 manifestum
605 2369 672 2465 ess,
699 2370 739 2452 S.
761 2370 994 2454 Gertrudem
1022 2395 1104 2453 non
1132 2363 1240 2450 fuisse
1269 2370 1308 2449 in
1333 2364 1518 2449 omnibus
1548 2391 1663 2449 exau·

229 2466 369 2561 ditatus
410 2478 450 2557 tc
476 2478 570 2560 dum
595 2481 641 2565 l..
675 2510 710 2565 r.
734 2483 787 2567 C.
824 2508 888 2584 ¹4·
956 2483 1142 2568 Gettrudi
1166 2484 1291 2565 oranti
1321 2506 1394 2589 pro
1416 2476 1663 2562 dissolutione

227 2575 365 2696 glaciei
390 2589 563 2675 Christus
584 2588 802 2704 responditr
835 2592 938 2697 stim,
958 2601 998 2681 in
1025 2596 1228 2689 omnibus,
1262 2621 1349 2704 quae
1367 2595 1513 2703 petisti,
1535 2617 1577 2677 te
1600 2619 1661 2676 ex·

218 2698 396 2895 augium
408 2754 423 2798 ,
443 2701 608 2815 idipsum
631 2703 881 2794 referendum
909 2707 1058 2796 tantum
1084 2706 1214 2796 estad
1239 2705 1464 2820 particulare
1492 2707 1574 2790 hoc
1595 2705 1666 2788 ob·

226 2835 263 2914 re
302 2838 379 2898 um.

291 3060 296 3075 ,
344 2968 393 3051 11.
448 2969 494 3055 L.
517 2975 618 3058 1.(Ῐ.
640 3000 704 3077 ις.
725 2973 820 3059 dicit
841 2973 1014 3058 Christus
1036 2972 1089 3058 ad
1111 2975 1147 3057 S.
1167 2951 1431 3060 Gertrudem:
1470 2977 1666 3075 Quantum

229 3083 503 3194 unusquisque
528 3110 662 3195 perte
687 3083 810 3200 sperat
840 3083 878 3171 se
900 3112 1161 3199 accepturum,
1186 3087 1415 3170 tantundem
1445 3083 1469 3170 a
1498 3113 1562 3168 me
1586 3087 1665 3168 abs·

232 3216 313 3303 que
336 3194 460 3278 dubio
483 3196 698 3288 obtinebits
725 3199 922 3312 quidquid
970 3225 1122 3285 raeterea
1149 3205 1267 3283 cuivis
1287 3204 1448 3284 nomine
1467 3226 1560 3282 meo
1581 3226 1666 3312 pro

119 3330 148 3374 ’.
232 3303 396 3404 miseris,
426 3309 504 3393 hoc
532 3317 568 3394 ei
594 3311 790 3397 certissime
820 3229 1018 3423 praestalo.
1103 3317 1207 3397 Nam
1231 3315 1297 3399 etfi
1325 3309 1480 3426 sortasse
1504 3316 1667 3396 bumana

231 3415 496 3503 imbecillitate
517 3426 746 3535 prepeditus
765 3420 831 3509 ille
849 3453 923 3537 pro
946 3453 1031 3538 quo
1052 3448 1225 3524 rumas,
1252 3430 1523 3539 operationem
1548 3452 1669 3510 meam

234 3552 318 3611 non
349 3526 512 3628 senserit,
542 3535 789 3623 nihilominus
811 3563 941 3624 tamen
964 3547 1071 3646 juxta
1098 3539 1386 3653 promissionem
1410 3542 1451 3623 in
1469 3535 1571 3624 illius
1593 3518 1677 3626 aui-¹

234 3664 298 3724 ma
320 3667 401 3752 ego
417 3643 635 3753 profestum
663 3651 871 3765 operabor.
1295 3672 1299 3687 ⁴

291 3838 297 3845 ·
350 3816 415 3899 un
471 3820 740 3924 1..r.C.t5.
796 3826 990 3908 Dominus
1011 3818 1118 3905 adS.
1137 3799 1466 3906 Gertrndemait:
1490 3821 1676 3910 Eccede·

86 4028 93 4043 ,
235 3921 530 4072 dilverbamea
553 3938 595 4019 in
627 3954 818 4034 oretuo,
853 3943 893 4021 81
921 3959 1166 4049 quacunque
1188 3961 1234 4020 ex
1261 3938 1439 4021 instindtu
1470 3965 1568 4024 meo
1603 3934 1680 4136 llll
