3772 4988
642 349 747 478 Reg.
770 336 916 445 Prasi.
948 375 1007 445 ex
1031 335 1235 478 Gerfhne.
1430 472 1434 481 ¹
1503 351 1505 359 '
1594 375 1685 482 39ν
1775 478 1777 482 ¹

209 547 313 639 ribus
333 557 374 636 dt
392 546 625 636 forrionbus
641 578 722 635 non
745 546 984 636 observatam
1002 551 1266 639 abstinentiam
1287 547 1534 667 sequeretur?
1563 556 1664 641 Coe·

210 676 268 781 pit
295 665 425 753 nescio
467 693 568 780 quas
594 661 880 776 responsionum
911 666 1096 780 ambages
1129 664 1322 756 volveres
1366 672 1405 750 oc
1444 666 1664 777 possidebat

209 807 382 866 mentem
407 787 491 885 ejus
512 781 692 894 quaedam
720 788 954 891 arrogantia,
993 783 1129 892 quase
1150 788 1289 864 vidam
1311 781 1509 865 erubescat
1539 786 1664 868 confi·
1745 862 1751 877 Ι
1802 816 1809 827 ’
1872 802 1876 820 ·

210 904 293 980 teri.
352 897 532 978 Tandem
568 923 656 981 eam
684 903 844 1007 monui,
873 921 916 978 ut
945 893 1089 978 fatuam
1119 899 1218 978 hanc
1251 894 1441 978 desereret
1467 897 1666 1001 jejunandi·

212 1013 529 1109 obstinationem,
554 1015 594 1092 δι
613 1009 764 1121 absque
780 1012 993 1118 peritorum
1017 1005 1178 1094 consilio
1210 1005 1303 1093 nihil
1334 1005 1534 1123 singulare,
1553 1017 1590 1093 δι
1613 1012 1664 1096 ab

212 1122 292 1210 aliis
321 1129 609 1208 inobservatum
640 1119 875 1235 sequeretur.
929 1128 1028 1207 Non
1048 1120 1247 1236 respondit
1270 1125 1431 1208 adhaec.
1486 1121 1661 1214 Discessu
1727 1191 1731 1199 «

214 1246 254 1323 &
274 1241 377 1353 ⁴quid
396 1239 648 1348 postmodum
668 1241 800 1350 egerit,
823 1241 979 1350 ignoro.
1009 1291 1026 1305 ·
1080 1243 1219 1351 Itaque
1241 1239 1292 1323 ad
1308 1264 1376 1350 par
1392 1241 1551 1322 exitium
1578 1269 1664 1324 ver·

213 1381 309 1468 gunt
329 1356 560 1438 abstinentia
578 1358 718 1449 nimia,
746 1347 1003 1463 &crapulosa
1032 1360 1242 1452 voracitas,
1273 1349 1340 1435 nist
1363 1354 1477 1464 quod
1506 1360 1665 1438 irreme·
1776 1405 1782 1417 ·

216 1464 398 1553 diabilior
422 1472 477 1552 est
497 1463 664 1549 excessus
686 1472 726 1549 in
751 1466 989 1551 abstinentia.
1060 1469 1228 1552 Morbos
1254 1471 1358 1551 enim
1385 1461 1664 1552 affett'incura··
1761 1528 1770 1560 ‹.

212 1579 328 1681 biles,
358 1612 407 1665 ex
427 1579 579 1666 laefione
597 1583 744 1667 cerebri
763 1586 803 1662 δε
828 1586 986 1666 rationis
1010 1581 1313 1692 perturbatione,
1340 1609 1426 1693 quo
1446 1581 1512 1678 fit,¹
1529 1610 1571 1667 ut
1595 1610 1666 1694 per

218 1704 384 1782 maniam
410 1723 475 1780 aur
498 1694 648 1794 suriam,
676 1721 743 1778 aut
767 1722 919 1780 caretas
953 1694 1140 1808 passiones
1171 1690 1469 1781 melancholicas
1495 1695 1545 1781 stc
1575 1725 1668 1810 pro·

220 1811 429 1897 fundantur
455 1817 495 1894 δι
527 1810 661 1895 intime
683 1810 902 1894 radicantur
928 1807 1213 1924 phantasmata,
1245 1814 1402 1894 interius
1422 1809 1608 1903 reservata
1629 1815 1668 1898 in

225 1929 411 2024 cerebr0,
441 1926 556 2039 quod
582 1919 657 2034 esse
692 1951 918 2038 reputantur
946 1953 1044 2010 verae
1080 1952 1141 2008 res
1168 1921 1399 2009 extrinsecus
1426 1950 1669 2037 apparentes,

227 2042 415 2125 &audire
435 2037 473 2125 se
489 2063 601 2151 putat
623 2043 772 2134 homo,
800 2042 955 2138 videre,
986 2034 1050 2124 vel
1074 2064 1255 2155 tangere,
1289 2039 1401 2152 quod
1432 2033 1543 2124 nullo
1565 2036 1671 2126 sensu

228 2160 403 2240 exteriori
428 2158 647 2266 percipitur.
706 2151 817 2239 Pleni
835 2152 920 2238 sunt
948 2155 1191 2239 medicorum
1208 2149 1295 2238 libri
1316 2153 1552 2265 portentosis
1574 2162 1671 2263 ejus·

229 2269 332 2355 modi
358 2267 686 2382 apparitionibus,
722 2274 763 2351 δι
804 2270 1039 2370 judiciorum
1078 2267 1415 2382 corruptionibus,
1444 2297 1492 2354 ex
1517 2267 1672 2356 laesione

229 2387 359 2469 virium
384 2389 610 2468 interiorum
643 2379 894 2468 nascentibus.
962 2383 1261 2470 Advertendum
1291 2408 1422 2467 tamen
1449 2377 1670 2501 diligenter,

231 2498 554 2611 quodltominum
577 2497 730 2583 diversa
748 2494 833 2581 sunt
853 2501 995 2611 gratiae,
1018 2522 1100 2581 tum
1120 2527 1179 2609 ex·
1191 2494 1353 2581 naturali
1368 2498 1546 2585 bonitate
1562 2496 1672 2582 com·

230 2610 438 2724 plexionis,
468 2637 551 2695 turn
576 2640 624 2707 ex
654 2614 765 2696 dono
795 2607 920 2714 illius,
952 2617 1021 2726 qui
1052 2613 1191 2696 dividit
1224 2609 1400 2725 singulis,¹
1429 2640 1548 2724 prout
1576 2609 1672 2699 vult.

234 2733 424 2838 Quocirca
450 2723 532 2809 fieti
552 2727 694 2838 potest,
724 2728 837 2840 quod
864 2727 1017 2839 absque
1051 2722 1163 2839 culpa
1199 2733 1238 2809 δι
1271 2753 1365 2813 nota
1391 2724 1673 2821 indiscretionis
1754 2806 1760 2813 .

233 2846 376 2955 arripiat
400 2867 499 2926 unus
522 2843 686 2927 modum
713 2842 871 2928 vivendi
899 2845 1158 2946 austeriorem,
1179 2845 1250 2958 qui
1272 2868 1355 2929 non
1376 2846 1559 2931 omnibus
1578 2868 1675 2930 cott-
1725 2916 1728 2920 a

233 2981 384 3044 voraret.
1383 2981 1388 2991 “

329 3177 505 3309 Regula
546 3158 1032 3291 trsuevetartones,
1066 3175 1120 3277 in
1153 3170 1338 3311 quibus
1371 3169 1402 3278 b
1439 3170 1676 3309 perspica-
1783 3224 1810 3303 g

237 3314 450 3422 cintibus
478 3311 756 3455 Theologis
781 3338 1078 3455 reteguntur
1116 3305 1306 3455 aliqua,
1341 3315 1552 3420 latenter
1586 3312 1679 3419 ob·
1804 3320 1806 3334 '

237 3469 417 3565 viantia
434 3457 703 3597 Scriptutssae
718 3458 890 3590 saltem
906 3457 1236 3593 probabilius,
1250 3457 1526 3585 rejiciendae
1550 3457 1679 3565 sunt

235 3599 340 3686 Ratio
369 3602 438 3699 est,
464 3607 558 3716 quia
579 3603 761 3684 Doemon
788 3593 841 3683 sat
867 3593 1049 3698 lucratur,
1071 3600 1099 3686 st
1125 3605 1225 3684 inter
1255 3594 1361 3684 mille
1392 3606 1432 3683 δι
1459 3595 1566 3685 mille
1594 3592 1682 3710 pul-

236 3715 432 3801 cherrimas
466 3721 646 3800 veritates
675 3710 884 3799 immisceat
913 3712 1078 3800 latenter
1114 3711 1178 3800 vel
1216 3718 1374 3799 unicum
1404 3742 1602 3810 errorem,
1632 3711 1684 3797 stc

235 3854 369 3916 utnon
389 3832 528 3942 aperte
551 3835 716 3913 incurrat
739 3834 778 3912 in
802 3832 941 3912 oculos
964 3832 1192 3942 quorumvis
1212 3827 1525 3942 Theologorum.
1583 3829 1685 3912 Ger·

179 4048 183 4055 ¹
232 3941 286 4051 son
307 3953 352 4034 L.
379 3949 481 4034 CC.
505 3945 619 4064 Signo
642 3976 681 4044 4.
712 3940 763 4027 src
789 3944 977 4028 discurrit:
1019 3953 1212 4058 Qrartum
1245 3943 1391 4055 signum
1422 3948 1596 4057 genuinae
1624 3966 1687 4024 re·

235 4058 425 4150 velationis
456 4064 515 4146 est
540 4065 690 4145 veritas.
746 4059 856 4142 Sicut
880 4063 985 4143 enim
1019 4081 1180 4143 moneta
1198 4053 1291 4142 salsa
1325 4061 1391 4154 est,
1420 4059 1449 4145 si
1480 4063 1520 4144 in
1549 4052 1686 4166 aliquo

235 4172 282 4261 rel
299 4184 475 4266 minimo
500 4183 652 4290 puncto
670 4174 911 4292 denariusitt
926 4175 992 4261 sua
1007 4170 1322 4291 configuratione
1344 4167 1547 4285 discrepet,
1568 4173 1621 4254 ita
1646 4170 1701 4273 &3

323 4295 462 4408 D-E,
477 4285 948 4392 A.deRevelat.Paril,
1257 4289 1304 4378 M
1407 4407 1409 4410 Ι
1576 4304 1687 4369 reve·

834 4638 842 4739 l
