3796 4994
578 264 587 272 ’
690 270 863 402 Regula
888 182 1026 367 efo.
1062 240 1174 401 (list.¹
1227 292 1234 303 ·
1549 298 1645 399 ²35

426 628 432 637 .
629 536 879 675 aaa
975 532 1229 670 Xon
1416 458 1531 488 ”

211 799 476 977 Regni-ae
534 803 614 934 Κ.
671 805 735 936 Ρ.
794 800 1049 982 Jolephi
1101 799 1431 982 Augustini
1488 793 1651 964 orn,

373 993 502 1100 Ord.
534 992 736 1105 Pinare,
773 994 819 1101 8.
854 994 1274 1137 Congregationis
1308 995 1485 1100 indicis

806 1149 1074 1260 Secretarii.
1356 1170 1364 1175 ”

221 1420 256 1503 R.
275 1426 315 1504 Ρ.
346 1413 542 1533 Jolephus
578 1422 811 1535 Augustinus
849 1426 933 1511 Orsa
974 1425 1071 1509 Ord.
1099 1428 1254 1512 Ptaedic.
1278 1451 1382 1508 anno
1412 1413 1651 1519 1728·Flo·‘

224 1539 332 1618 rentiae
369 1537 496 1619 edidit
546 1562 681 1620 contra
728 1536 950 1651 Basnagium
995 1537 1307 1624 Differtationem
1350 1533 1652 1648 Apologeticam

228 1672 282 1751 pro
305 1650 562 1732 Otthodoxia
583 1653 649 1735 88.
671 1656 879 1762 Perpetua,
904 1650 1118 1755 felicitatis,
1140 1660 1178 1736 δι
1200 1658 1404 1735 Sociorum
1426 1653 1652 1756 Martyrum.

195 1833 200 1842 .
229 1756 322 1844 lnea
345 1759 656 1861 ntssertanone,
718 1786 805 1852 uana
834 1766 1078 1879 summopere
1111 1770 1312 1860 admiror,
1340 1788 1525 1873 tanquam
1553 1786 1653 1869 opus

232 1874 306 1970 irata
331 1886 490 1960 exactas
516 1793 801 1989 Criticaeleges
829 1887 869 1963 in
901 1878 969 1964 luo
1003 1908 1147 1991 genere
1168 1877 1400 1991 perfeetum,
1438 1879 1540 1956 varia
1572 1900 1656 1955 eru-

271 1989 433 2077 aritine
465 1986 703 2101 disputantur
723 1998 775 2076 de
800 2020 928 2078 earum
953 1997 1021 2078 88.
1043 1999 1257 2106 Martyrum
1283 1987 1599 2085 revelationibus,

481 2131 570 2218 quae
594 2106 727 2189 reduci
755 2103 871 2305 POffll
900 2111 1073 2303 existimo
1103 2110 1156 2192 ad
1182 2102 1387 2220 sequentes
1529 2184 1532 2191 .

874 2248 948 2335 egu
965 2248 1019 2307 as.

358 2488 511 2621 Egula
557 2521 597 2588 t.
668 2481 870 2590 Fiducia
905 2485 1109 2620 petendi
1147 2487 1175 2591 *a
1211 2484 1359 2600 DEO
1396 2480 1654 2588 revelatio·

202 2489 364 2856 R
395 2659 491 2732 nes
530 2641 637 2728 non
673 2628 740 2728 est
776 2632 967 2765 semper
1001 2628 1237 2766 ignum,
1274 2629 1549 2732 iubiecutas
1585 2656 1655 2725 re·
1719 2693 1730 2711 κ

399 2768 680 2873 velationes
731 2767 821 2871 effe
868 2770 898 2872 a
946 2766 1207 2907 phantafia
1252 2799 1341 2874 aut
1387 2769 1654 2879 doemone,

221 2931 338 3014 tunc
371 2910 634 3027 videlicet,
688 2909 897 3046 quando
948 2921 1148 3014 interno
1198 2911 1426 3014 instinilu
1476 2930 1654 3043 petens

223 3047 317 3167 scit,
349 3056 393 3154 ie
429 3049 612 3154 habere
649 3050 851 3154 donum
888 3051 1170 3187 prophetiae
1199 3052 1528 3164 illimitatum,
1564 3068 1654 3147 aut

225 3186 386 3295 saltem
433 3190 712 3297 limitatum
764 3191 825 3296 ad
888 3220 1087 3298 certum
1137 3228 1294 3334 genus
1355 3217 1652 3303 eventuum.
1707 3248 1711 3257 »

185 3326 188 3331 ’
229 3323 324 3426 Dixi,
349 3329 404 3415 ari
429 3341 571 3415 cerium
596 3359 715 3448 genus
744 3347 983 3430 cornutum,
1024 3361 1112 3417 narn
1153 3333 1204 3416 ad
1246 3333 1437 3417 rimandas
1474 3329 1655 3414 abstruiat

233 3450 391 3527 veriores
411 3439 614 3557 praesertim
636 3449 904 3558 mysteriorum
926 3449 1020 3530 fidei
1040 3452 1078 3530 in
1099 3442 1257 3531 articulo
1279 3447 1460 3560 generali,
1483 3471 1549 3528 aur
1575 3468 1656 3525 non

239 3555 421 3641 uccellano
448 3555 543 3642 nulli
571 3587 743 3672 unquam
771 3564 999 3645 Sannorum
1039 3562 1190 3645 donum
1218 3559 1376 3645 scienriae
1403 3566 1443 3644 in
1472 3589 1523 3644 eo
1552 3554 1656 3640 sensu

243 3688 288 3749 tut
309 3667 494 3756 illimitate
516 3679 555 3756 in
581 3676 693 3755 omni:
712 3671 946 3756 scientiarum
972 3702 1129 3788 genere,
1152 3701 1218 3758 aut
1252 3673 1412 3759 limitare
1438 3679 1477 3757 in
1513 3695 1655 3785 genere

247 3776 472 3869 determinato
495 3781 678 3869 collatum
699 3788 772 3885 esi,
794 3812 838 3870 ut
854 3789 976 3896 pollet
1001 3816 1073 3898 pro
1095 3784 1205 3871 libitu
1234 3788 1256 3872 ri
1287 3793 1396 3872 Deo
1424 3813 1553 3900 petere
1577 3811 1655 3866 rna-¹

180 3942 189 4023 Ι
248 3891 385 3983 alestam
399 3893 695 3993 revelationem,
716 3900 781 3983 nisr
805 3898 908 3984 forte
932 3931 1004 4012 pro
1026 3905 1273 3986 instructione
1287 3909 1456 4015 propria,
1475 3925 1540 3982 aut
1562 3899 1655 3978 arni·

250 4025 372 4115 turum,
397 4010 607 4096 deficiente
631 4013 877 4099 instructione
902 4013 973 4100 alia
997 4019 1105 4115 ,circa
1128 4011 1307 4100 articulos
1330 4012 1422 4099 fidei
1442 4013 1655 4126 primarios,

1003 4130 1084 4240 Gg
1113 4158 1134 4211 ι
1591 4145 1656 4204 aut
