3796 4994
610 274 859 426 Regulam
882 287 1003 390 sard.
1025 289 1077 390 de
1091 272 1315 391 tarem*
1387 281 1389 291 ’
1573 312 1688 424 ιις“

233 518 237 523 ’
312 505 495 637 'Regula
545 533 616 636 tp.
689 494 885 606 Eadem
927 502 1040 607 sunt
1068 478 1219 642 'figna
1255 501 1454 608 vilionis
1503 532 1562 607 ac
1603 536 1675 606 te·

211 638 484 872 Iv‘belpZtionis
535 641 712 751 divinae
755 667 850 751 eut
892 644 1268 777 demoniacae,
1319 677 1453 784 que*
1479 642 1693 801 Euafis.

257 848 269 868 .
338 845 351 871 .
383 806 423 882 8.
697 805 722 819 ”

324 945 496 1075 Regula
534 974 611 1041 20.
648 936 876 1041 Visiones
902 931 956 1041 δι
989 932 1338 1054 revelationes,
1364 942 1522 1042 etiarn
1558 969 1674 1076 que

223 1104 478 1218 apparent
511 1078 665 1184 bonae
700 1080 828 1218 saepe
866 1081 979 1185 sunt
1016 1077 1045 1183 ὲ
1081 1078 1358 1193 doemone,
1402 1107 1498 1184 nec
1533 1076 1680 1187 facilc

222 1218 427 1329 discerni
463 1219 671 1358 poliunt
713 1219 907 1360 absque
954 1218 1147 1358 speciali
1184 1220 1505 1361 illustratione
1532 1220 1674 1339 divi·

222 1396 321 1485 na,
367 1363 422 1472 δι
460 1367 560 1471 stne
601 1363 744 1471 dono
791 1364 1095 1470 discretionis
1131 1364 1414 1503 spirituum.
1494 1389 1607 1477 Idem
1633 1396 1679 1478 in
1756 1370 1770 1380 ”

226 1533 259 1607 3.
278 1513 402 1593 Tom.
416 1541 458 1612 4.
475 1510 528 1593 de
556 1511 688 1593 Gratia
712 1501 822 1618 Disp.
848 1538 911 1607 ¹9·
932 1513 1017 1593 Art.
1046 1533 1112 1592 ιο.

340 1654 545 1745 Probatur
562 1682 610 1738 ex
630 1656 824 1765 Scriptura
843 1659 882 1737 δι
904 1653 1088 1739 Patrrbus.
1120 1682 1157 1739 2.
1176 1655 1276 1740 Cot.
1298 1681 1361 1740 ιι.
1390 1647 1531 1739 Paulus
1557 1654 1673 1740 dicit:

226 1770 430 1879 Ejusmodi
441 1763 756 1883 pseudoapostoli
770 1768 854 1853 sunt
877 1773 1043 1882 operarii
1058 1764 1226 1867 subdoli,
1244 1767 1555 1881 transfigurantes
1575 1769 1613 1854 se
1633 1774 1675 1856 in

226 1912 245 1969 ι
272 1879 430 1970 ostolos
449 1888 603 1972 Christi.
670 1889 718 1969 Et
743 1913 824 1969 non
847 1888 1010 1972 mitumt
1049 1879 1127 1998 ipse
1148 1890 1251 1968 enirn
1272 1885 1460 1969 Sathenas
1489 1882 1527 1968 sc
1554 1896 1679 1970 utus-

227 2000 361 2114 igurat
380 2005 421 2083 in
445 1995 644 2114 Angelum
667 1997 775 2085 lucis.
833 1996 1008 2085 interlin.
1030 1994 1197 2084 subdoli.
1219 1997 1349 2084 addite
1401 1996 1450 2087 ub
1464 2002 1584 2116 specie
1613 2027 1674 2084 re·

244 2119 377 2202 'ionis
404 2112 637 2229 decipientes.
697 2118 747 2198 Et
772 2107 907 2197 Glolsa
933 2113 1061 2198 ordin.
1082 2114 1141 2199 ibi
1160 2109 1281 2198 multa
1305 2113 1356 2197 ad
1387 2121 1415 2198 it
1441 2113 1493 2196 de
1515 2110 1674 2199 fallaciis

255 2239 262 2251 '
285 2226 377 2314 boli
402 2224 472 2314 sub
497 2226 624 2341 specie
642 2229 739 2314 boni
763 2223 954 2312 suadentis
980 2225 1091 2313 mala.
1151 2232 1414 2341 Hieronymus
1434 2231 1475 2314 in
1501 2228 1674 2313 eundem

231 2342 368 2431 locun.
426 2349 526 2430 Non
557 2369 637 2429 tam
661 2339 775 2427 facile
801 2339 958 2428 somniis
991 2368 1059 2428 aut
1089 2340 1283 2458 aliquibus
1313 2367 1513 2457 tanquam·
1529 2369 1577 2428 an
1608 2337 1680 2431 elis

232 2456 322 2546 lucis
344 2457 448 2546 fidet
476 2459 681 2557 habenda,
705 2485 757 2579 ne
774 2455 879 2542 forte
906 2460 1090 2543 Sathenas
1114 2456 1356 2573 transfiguret
1374 2455 1413 2543 se
1431 2371 1676 2572 inungdum

234 2570 319 2660 lucis
349 2581 392 2657 δι
424 2572 594 2685 decipiat
610 2580 796 2664 incautos.
853 2577 902 2658 Et
924 2567 1188 2660 Uriulliurtus
1211 2578 1252 2659 itt
1278 2574 1323 2658 1..
1341 2569 1560 2661 Adulter.
1578 2575 1620 2660 C.
1635 2570 1677 2663 6‘.

237 2690 279 2772 dc
303 2688 497 2799 ejusmodi
525 2691 715 2801 praestigiis
737 2683 908 2800 loquens
929 2692 1001 2772 ait:
1049 2686 1280 2772 previderat
1300 2695 1375 2794 jam
1401 2713 1494 2772 tunc
1516 2693 1682 2802 Spiritus
1814 2794 1817 2798 Δ

236 2805 389 2889 smnus
407 2801 581 2888 futurum
598 2808 638 2886 in
661 2807 808 2913 virgine
831 2801 1002 2916 quadam
1020 2796 1251 2887 Philumene
1268 2800 1464 2915 Angelum
1485 2800 1678 2891 seductio-

238 2925 301 3020 nis,
328 2916 664 3032 transfigurantem
694 2915 732 3003 se
749 2922 789 3001 in
814 2912 995 3029 angelum
1026 2912 1149 3014 lucis,
1167 2924 1272 3022 cujus
1290 2914 1402 3030 srgnis
1425 2922 1464 3001 δι
1486 2922 1681 3033 praestigiis
1758 2946 1762 2953 ’

239 3029 390 3148 Apelles
420 3033 598 3118 indusias
630 3058 775 3117 novam
802 3030 956 3118 lraeresrn
984 3033 1146 3117 induxit.
1227 3032 1505 3118 Theodoretus
1530 3039 1570 3117 in
1600 3039 1680 3121 Cu·

239 3174 300 3259 put
320 3145 549 3259 prefatum,
578 3150 640 3231 ait.
698 3149 792 3233 Mos
817 3149 871 3231 est
899 3141 1063 3230 diabolo
1085 3146 1215 3231 divina
1242 3150 1405 3243 imitati,
1438 3144 1681 3235 &adversus

180 3362 183 3379 ‚
242 3266 441 3374 prophetas
471 3257 834 3375 pseudoprophetes
852 3260 1096 3376 producere,
1115 3256 1344 3378 angelorum
1369 3259 1534 3380 figuram
1556 3266 1682 3352 imite-

180 3430 185 3515 ἱ
242 3379 269 3460 ti
288 3383 326 3461 δι
345 3380 531 3462 homines
555 3375 747 3489 decipere.
855 3481 859 3493 ι
1671 3428 1674 3433 ,

342 3523 465 3615 Proh.
487 3555 527 3610 a.
554 3550 604 3607 ex
633 3550 670 3609 r.
686 3527 788 3610 Tim.
806 3550 849 3624 4.
877 3525 1038 3636 Spiritus
1065 3547 1195 3613 autern
1216 3523 1417 3614 manifeste
1446 3528 1540 3614 dicit
1567 3526 1685 3642 quod

247 3640 501 3727 buovilsrmis
517 3638 763 3750 temporibus
786 3634 986 3725 discedent
1006 3641 1167 3757 quidam
1188 3641 1211 3727 i
1235 3642 1329 3741 fide,
1353 3643 1596 3731 attendentes
1612 3641 1686 3755 spi·

250 3756 365 3840 ritibus
388 3759 533 3862 erroris
558 3757 602 3835 δι
628 3752 810 3838 doctrinis
839 3753 1132 3840 doemoniorum
1153 3759 1194 3839 in
1219 3756 1411 3871 hypocrist
1434 3753 1686 3870 loquentium
1720 3763 1723 3766 ’

250 3871 486 3956 mendacium.
544 3863 727 3953 interlin.
750 3868 867 3968 dicit,
904 3875 998 3982 quia
1018 3866 1175 3983 maligni
1193 3865 1400 3986 spiritusin
1420 3865 1494 3985 illis
1513 3868 1686 3987 loquen⁴

252 3998 307 4084 ιιι,
329 3982 497 4075 imulare
513 3977 730 4095 religione,
757 4006 802 4072 ut
823 3989 946 4100 tnagis
965 3983 1176 4098 decipiant

955 4240 1007 4358 ⁸P,
1034 4266 1070 4346 ιΙ
1213 4185 1216 4192 ¹
1537 4166 1693 4328 *Pron
1741 4158 1744 4163 ·
