<?xml version="1.0" encoding="UTF-8"?>
<!DOCTYPE html PUBLIC "-//W3C//DTD XHTML 1.0 Transitional//EN"
    "http://www.w3.org/TR/xhtml1/DTD/xhtml1-transitional.dtd">
<html xmlns="http://www.w3.org/1999/xhtml" xml:lang="en" lang="en">
 <head>
  <title>
</title>
<meta http-equiv="Content-Type" content="text/html;charset=utf-8" />
  <meta name='ocr-system' content='tesseract 3.04.00' />
  <meta name='ocr-capabilities' content='ocr_page ocr_carea ocr_par ocr_line ocrx_word'/>
</head>
<body>
  <div class='ocr_page' id='page_1' title='image "./derevelationibu00amorgoog_0836.png"; bbox 0 0 3690 4988; ppageno 0'>
   <div class='ocr_carea' id='block_1_1' title="bbox 387 268 1566 447">
    <p class='ocr_par' dir='ltr' id='par_1_1' title="bbox 387 268 1566 447">
     <span class='ocr_line' id='line_1_1' title="bbox 387 268 1566 447; baseline -0.007 -29"><span class='ocrx_word' id='word_1_1' title='bbox 387 310 488 447; x_wconf 75' lang='grc'>336</span> <span class='ocrx_word' id='word_1_2' title='bbox 669 268 1086 440; x_wconf 59' lang='lat' dir='ltr'>Observatiorml</span> <span class='ocrx_word' id='word_1_3' title='bbox 1098 309 1251 409; x_wconf 77' lang='lat' dir='ltr'>never.</span> <span class='ocrx_word' id='word_1_4' title='bbox 1270 308 1326 437; x_wconf 70' lang='lat' dir='ltr'>de</span> <span class='ocrx_word' id='word_1_5' title='bbox 1351 304 1566 446; x_wconf 73' lang='lat' dir='ltr'>Agrede.</span> 
     </span>
    </p>
   </div>
   <div class='ocr_carea' id='block_1_2' title="bbox 248 512 1838 4168">
    <p class='ocr_par' dir='ltr' id='par_1_2' title="bbox 248 512 1829 635">
     <span class='ocr_line' id='line_1_2' title="bbox 248 512 1829 635; baseline -0.001 -26"><span class='ocrx_word' id='word_1_6' title='bbox 248 574 254 585; x_wconf 95' lang='lat'><strong>·</strong></span> <span class='ocrx_word' id='word_1_7' title='bbox 384 543 529 609; x_wconf 82' lang='lat' dir='ltr'>textam</span> <span class='ocrx_word' id='word_1_8' title='bbox 539 516 808 605; x_wconf 72' lang='lat' dir='ltr'>&#39;ministerioan</span> <span class='ocrx_word' id='word_1_9' title='bbox 837 512 1003 614; x_wconf 88' lang='lat' dir='ltr'>elorum,</span> <span class='ocrx_word' id='word_1_10' title='bbox 1018 520 1058 603; x_wconf 83' lang='lat' dir='ltr'>dt</span> <span class='ocrx_word' id='word_1_11' title='bbox 1077 542 1230 603; x_wconf 89' lang='lat' dir='ltr'>crucem</span> <span class='ocrx_word' id='word_1_12' title='bbox 1243 523 1324 624; x_wconf 81' lang='lat' dir='ltr'>ejus</span> <span class='ocrx_word' id='word_1_13' title='bbox 1339 513 1587 622; x_wconf 81' lang='lat' dir='ltr'>altitudinis,</span> <span class='ocrx_word' id='word_1_14' title='bbox 1602 519 1706 631; x_wconf 73' lang='lat' dir='ltr'>&#39;cujus</span> <span class='ocrx_word' id='word_1_15' title='bbox 1723 521 1829 635; x_wconf 83' lang='lat' dir='ltr'>quir&#39;s</span> 
     </span>
    </p>

    <p class='ocr_par' dir='ltr' id='par_1_3' title="bbox 386 544 1476 755">
     <span class='ocr_line' id='line_1_3' title="bbox 386 544 1476 755; baseline -0.006 -32"><span class='ocrx_word' id='word_1_16' title='bbox 386 634 523 737; x_wconf 86' lang='lat' dir='ltr'>suerat,</span> <span class='ocrx_word' id='word_1_17' title='bbox 538 639 578 716; x_wconf 80' lang='lat' dir='ltr'>dr</span> <span class='ocrx_word' id='word_1_18' title='bbox 595 636 746 717; x_wconf 86' lang='lat' dir='ltr'>thecam</span> <span class='ocrx_word' id='word_1_19' title='bbox 758 544 1043 755; x_wconf 68' lang='lat' dir='ltr'>Reliquiarianr.</span> <span class='ocrx_word' id='word_1_20' title='bbox 1073 635 1114 715; x_wconf 89' lang='lat' dir='ltr'>P.</span> <span class='ocrx_word' id='word_1_21' title='bbox 1133 660 1169 735; x_wconf 93' lang='grc'>3.</span> <span class='ocrx_word' id='word_1_22' title='bbox 1185 637 1237 716; x_wconf 94' lang='grc' dir='ltr'><strong>Ν.</strong></span> <span class='ocrx_word' id='word_1_23' title='bbox 1256 663 1351 731; x_wconf 82' lang='lat'>2³7·</span> <span class='ocrx_word' id='word_1_24' title='bbox 1368 664 1393 716; x_wconf 84' lang='lat' dir='ltr'>a</span> <span class='ocrx_word' id='word_1_25' title='bbox 1404 665 1422 737; x_wconf 85' lang='lat'><em>3</em></span> <span class='ocrx_word' id='word_1_26' title='bbox 1433 652 1476 726; x_wconf 86' lang='lat'>8.</span> 
     </span>
    </p>

    <p class='ocr_par' dir='ltr' id='par_1_4' title="bbox 389 741 1832 974">
     <span class='ocr_line' id='line_1_4' title="bbox 510 741 1832 863; baseline 0 -28"><span class='ocrx_word' id='word_1_27' title='bbox 510 777 577 846; x_wconf 84' lang='lat'>27.</span> <span class='ocrx_word' id='word_1_28' title='bbox 606 744 742 859; x_wconf 78' lang='lat' dir='ltr'>Ephesi</span> <span class='ocrx_word' id='word_1_29' title='bbox 765 742 948 830; x_wconf 80' lang='lat' dir='ltr'>destruxit</span> <span class='ocrx_word' id='word_1_30' title='bbox 965 771 1014 829; x_wconf 91' lang='lat' dir='ltr'>ac</span> <span class='ocrx_word' id='word_1_31' title='bbox 1032 741 1118 829; x_wconf 93' lang='lat' dir='ltr'>solo</span> <span class='ocrx_word' id='word_1_32' title='bbox 1138 752 1305 860; x_wconf 80' lang='lat' dir='ltr'>aequavit</span> <span class='ocrx_word' id='word_1_33' title='bbox 1328 742 1556 861; x_wconf 84' lang='lat' dir='ltr'>Templum</span> <span class='ocrx_word' id='word_1_34' title='bbox 1581 745 1730 848; x_wconf 70' lang='lat' dir='ltr'>Dina,</span> <span class='ocrx_word' id='word_1_35' title='bbox 1748 747 1832 863; x_wconf 75' lang='lat' dir='ltr'>quel</span> 
     </span>
     <span class='ocr_line' id='line_1_5' title="bbox 389 855 1363 974; baseline -0.006 -21"><span class='ocrx_word' id='word_1_36' title='bbox 389 868 430 953; x_wconf 91' lang='lat' dir='ltr'>in</span> <span class='ocrx_word' id='word_1_37' title='bbox 449 888 669 959; x_wconf 89' lang='lat' dir='ltr'>momento,</span> <span class='ocrx_word' id='word_1_38' title='bbox 688 889 756 974; x_wconf 90' lang='lat' dir='ltr'>per</span> <span class='ocrx_word' id='word_1_39' title='bbox 775 857 863 945; x_wconf 88' lang='lat' dir='ltr'>suos</span> <span class='ocrx_word' id='word_1_40' title='bbox 880 855 1056 973; x_wconf 76' lang='lat' dir='ltr'><strong>angelos.</strong></span> <span class='ocrx_word' id='word_1_41' title='bbox 1081 865 1122 944; x_wconf 88' lang='lat' dir='ltr'>P.</span> <span class='ocrx_word' id='word_1_42' title='bbox 1140 889 1179 962; x_wconf 85' lang='lat'>3.</span> <span class='ocrx_word' id='word_1_43' title='bbox 1198 864 1251 946; x_wconf 92' lang='lat' dir='ltr'>N.</span> <span class='ocrx_word' id='word_1_44' title='bbox 1264 887 1363 964; x_wconf 85' lang='lat'>445.</span> 
     </span>
    </p>

    <p class='ocr_par' dir='ltr' id='par_1_5' title="bbox 392 974 1835 1307">
     <span class='ocr_line' id='line_1_6' title="bbox 507 974 1833 1088; baseline -0.002 -25"><span class='ocrx_word' id='word_1_45' title='bbox 507 999 574 1074; x_wconf 82' lang='lat'>28.</span> <span class='ocrx_word' id='word_1_46' title='bbox 602 975 738 1088; x_wconf 76' lang='lat' dir='ltr'>Ephesi</span> <span class='ocrx_word' id='word_1_47' title='bbox 759 976 917 1062; x_wconf 88' lang='lat' dir='ltr'>instituit</span> <span class='ocrx_word' id='word_1_48' title='bbox 940 978 1257 1059; x_wconf 83' lang='lat' dir='ltr'>communitatem</span> <span class='ocrx_word' id='word_1_49' title='bbox 1281 974 1543 1062; x_wconf 88' lang='lat' dir='ltr'>Monialium.</span> <span class='ocrx_word' id='word_1_50' title='bbox 1569 978 1612 1061; x_wconf 95' lang='lat' dir='ltr'>P.</span> <span class='ocrx_word' id='word_1_51' title='bbox 1632 1005 1671 1080; x_wconf 84' lang='lat'>3.</span> <span class='ocrx_word' id='word_1_52' title='bbox 1687 980 1740 1063; x_wconf 90' lang='lat' dir='ltr'>N.</span> <span class='ocrx_word' id='word_1_53' title='bbox 1759 995 1833 1079; x_wconf 83' lang='grc'><strong>463.</strong></span> 
     </span>
     <span class='ocr_line' id='line_1_7' title="bbox 392 1086 1835 1209; baseline -0.002 -30"><span class='ocrx_word' id='word_1_54' title='bbox 392 1097 454 1180; x_wconf 91' lang='lat' dir='ltr'>cui</span> <span class='ocrx_word' id='word_1_55' title='bbox 468 1098 508 1176; x_wconf 80' lang='lat' dir='ltr'>dr</span> <span class='ocrx_word' id='word_1_56' title='bbox 524 1093 625 1175; x_wconf 87' lang='lat' dir='ltr'>varia</span> <span class='ocrx_word' id='word_1_57' title='bbox 644 1115 832 1204; x_wconf 80' lang='lat' dir='ltr'>praecepta</span> <span class='ocrx_word' id='word_1_58' title='bbox 846 1091 1064 1209; x_wconf 80' lang='lat' dir='ltr'>Monastica</span> <span class='ocrx_word' id='word_1_59' title='bbox 1082 1116 1169 1204; x_wconf 80' lang='lat' dir='ltr'>qua</span> <span class='ocrx_word' id='word_1_60' title='bbox 1181 1086 1500 1193; x_wconf 86' lang='lat' dir='ltr'>hierefetuntut,</span> <span class='ocrx_word' id='word_1_61' title='bbox 1522 1118 1576 1176; x_wconf 85' lang='lat' dir='ltr'>ac</span> <span class='ocrx_word' id='word_1_62' title='bbox 1593 1120 1729 1205; x_wconf 84' lang='lat' dir='ltr'>preces</span> <span class='ocrx_word' id='word_1_63' title='bbox 1743 1094 1835 1178; x_wconf 87' lang='lat' dir='ltr'>tradi·</span> 
     </span>
     <span class='ocr_line' id='line_1_8' title="bbox 392 1209 762 1307; baseline 0.008 -14"><span class='ocrx_word' id='word_1_64' title='bbox 392 1209 461 1293; x_wconf 89' lang='lat' dir='ltr'>dit.</span> <span class='ocrx_word' id='word_1_65' title='bbox 485 1211 541 1293; x_wconf 89' lang='lat' dir='ltr'>N.</span> <span class='ocrx_word' id='word_1_66' title='bbox 560 1227 658 1307; x_wconf 94' lang='grc'><strong>463.</strong></span> <span class='ocrx_word' id='word_1_67' title='bbox 759 1290 762 1296; x_wconf 89' lang='grc'><em>,</em></span> 
     </span>
    </p>

    <p class='ocr_par' dir='ltr' id='par_1_6' title="bbox 394 1314 1835 1546">
     <span class='ocr_line' id='line_1_9' title="bbox 511 1314 1835 1434; baseline 0.003 -31"><span class='ocrx_word' id='word_1_68' title='bbox 511 1348 577 1421; x_wconf 83' lang='lat'>29.</span> <span class='ocrx_word' id='word_1_69' title='bbox 607 1323 781 1434; x_wconf 66' lang='lat' dir='ltr'>Rogatus</span> <span class='ocrx_word' id='word_1_70' title='bbox 805 1315 829 1406; x_wconf 76' lang='lat' dir='ltr'>d</span> <span class='ocrx_word' id='word_1_71' title='bbox 851 1321 993 1419; x_wconf 86' lang='lat' dir='ltr'>Petro,</span> <span class='ocrx_word' id='word_1_72' title='bbox 1016 1341 1060 1404; x_wconf 92' lang='lat' dir='ltr'>ut</span> <span class='ocrx_word' id='word_1_73' title='bbox 1079 1321 1207 1405; x_wconf 87' lang='lat' dir='ltr'>veniat</span> <span class='ocrx_word' id='word_1_74' title='bbox 1227 1315 1505 1425; x_wconf 76' lang='lat' dir='ltr'>jerosolimam</span> <span class='ocrx_word' id='word_1_75' title='bbox 1536 1320 1594 1407; x_wconf 90' lang='lat' dir='ltr'>ad</span> <span class='ocrx_word' id='word_1_76' title='bbox 1620 1314 1835 1418; x_wconf 74' lang='lat' dir='ltr'>Concilium.</span> 
     </span>
     <span class='ocr_line' id='line_1_10' title="bbox 394 1431 1646 1546; baseline 0 -23"><span class='ocrx_word' id='word_1_77' title='bbox 394 1460 439 1523; x_wconf 84' lang='lat' dir='ltr'>ut</span> <span class='ocrx_word' id='word_1_78' title='bbox 457 1442 540 1546; x_wconf 75' lang='lat' dir='ltr'>elus</span> <span class='ocrx_word' id='word_1_79' title='bbox 561 1432 760 1521; x_wconf 65' lang='lat' dir='ltr'>auiuentis</span> <span class='ocrx_word' id='word_1_80' title='bbox 783 1431 993 1520; x_wconf 89' lang='lat' dir='ltr'>resolvatur</span> <span class='ocrx_word' id='word_1_81' title='bbox 1019 1435 1295 1521; x_wconf 78' lang='lat' dir='ltr'>controversa.</span> <span class='ocrx_word' id='word_1_82' title='bbox 1323 1439 1367 1520; x_wconf 89' lang='lat' dir='ltr'>P.</span> <span class='ocrx_word' id='word_1_83' title='bbox 1391 1465 1429 1539; x_wconf 85' lang='lat'>3.</span> <span class='ocrx_word' id='word_1_84' title='bbox 1451 1439 1514 1526; x_wconf 89' lang='lat' dir='ltr'>N.</span> <span class='ocrx_word' id='word_1_85' title='bbox 1540 1464 1646 1543; x_wconf 78' lang='lat'>457.</span> 
     </span>
    </p>

    <p class='ocr_par' dir='ltr' id='par_1_7' title="bbox 395 1545 1835 1766">
     <span class='ocr_line' id='line_1_11' title="bbox 518 1545 1835 1665; baseline -0.002 -30"><span class='ocrx_word' id='word_1_86' title='bbox 518 1580 583 1654; x_wconf 86' lang='grc' dir='ltr'>3ο.</span> <span class='ocrx_word' id='word_1_87' title='bbox 616 1552 671 1635; x_wconf 84' lang='grc' dir='ltr'><strong>Ε6</strong></span> <span class='ocrx_word' id='word_1_88' title='bbox 698 1553 902 1664; x_wconf 84' lang='lat' dir='ltr'>navigante</span> <span class='ocrx_word' id='word_1_89' title='bbox 929 1552 1036 1633; x_wconf 90' lang='lat' dir='ltr'>navis</span> <span class='ocrx_word' id='word_1_90' title='bbox 1070 1545 1278 1663; x_wconf 81' lang='lat' dir='ltr'>aliquoties</span> <span class='ocrx_word' id='word_1_91' title='bbox 1305 1547 1356 1634; x_wconf 88' lang='lat' dir='ltr'>ab</span> <span class='ocrx_word' id='word_1_92' title='bbox 1385 1547 1547 1665; x_wconf 85' lang='lat' dir='ltr'>angelis</span> <span class='ocrx_word' id='word_1_93' title='bbox 1569 1548 1722 1639; x_wconf 75' lang='lat' dir='ltr'>sublata</span> <span class='ocrx_word' id='word_1_94' title='bbox 1742 1546 1835 1634; x_wconf 77' lang='lat' dir='ltr'>fure</span> 
     </span>
     <span class='ocr_line' id='line_1_12' title="bbox 395 1664 1141 1766; baseline -0.007 -13"><span class='ocrx_word' id='word_1_95' title='bbox 395 1664 574 1753; x_wconf 70' lang='lat' dir='ltr'>sudibus</span> <span class='ocrx_word' id='word_1_96' title='bbox 598 1671 640 1750; x_wconf 89' lang='lat' dir='ltr'>irr</span> <span class='ocrx_word' id='word_1_97' title='bbox 659 1691 800 1749; x_wconf 87' lang='lat' dir='ltr'>aerem.</span> <span class='ocrx_word' id='word_1_98' title='bbox 842 1669 885 1749; x_wconf 87' lang='lat' dir='ltr'>P.</span> <span class='ocrx_word' id='word_1_99' title='bbox 911 1691 946 1766; x_wconf 92' lang='grc'>3.</span> <span class='ocrx_word' id='word_1_100' title='bbox 968 1666 1024 1747; x_wconf 91' lang='grc' dir='ltr'><strong>Ν.</strong></span> <span class='ocrx_word' id='word_1_101' title='bbox 1040 1677 1141 1766; x_wconf 87' lang='grc'><strong>466.</strong></span> 
     </span>
    </p>

    <p class='ocr_par' dir='ltr' id='par_1_8' title="bbox 399 1771 1835 2097">
     <span class='ocr_line' id='line_1_13' title="bbox 518 1771 1835 1896; baseline -0.005 -29"><span class='ocrx_word' id='word_1_102' title='bbox 518 1810 584 1883; x_wconf 87' lang='grc'>33.</span> <span class='ocrx_word' id='word_1_103' title='bbox 610 1779 829 1879; x_wconf 86' lang='lat' dir='ltr'>ordinavit,</span> <span class='ocrx_word' id='word_1_104' title='bbox 853 1802 896 1863; x_wconf 93' lang='lat' dir='ltr'>ut</span> <span class='ocrx_word' id='word_1_105' title='bbox 920 1771 1246 1861; x_wconf 83' lang='lat' dir='ltr'>conscriberentur</span> <span class='ocrx_word' id='word_1_106' title='bbox 1300 1800 1445 1862; x_wconf 91' lang='lat' dir='ltr'>uaruor</span> <span class='ocrx_word' id='word_1_107' title='bbox 1463 1777 1711 1896; x_wconf 81' lang='lat' dir='ltr'>Evangelia,</span> <span class='ocrx_word' id='word_1_108' title='bbox 1735 1802 1835 1891; x_wconf 84' lang='lat' dir='ltr'>eaque</span> 
     </span>
     <span class='ocr_line' id='line_1_14' title="bbox 399 1802 1834 2097; baseline -0.003 -117"><span class='ocrx_word' id='word_1_109' title='bbox 399 1922 489 2097; x_wconf 35' lang='lat' dir='ltr'>{jum</span> <span class='ocrx_word' id='word_1_110' title='bbox 508 1919 680 2010; x_wconf 90' lang='lat' dir='ltr'>quatuor</span> <span class='ocrx_word' id='word_1_111' title='bbox 692 1889 950 2092; x_wconf 56' lang='lat' dir='ltr'>{vangelistis</span> <span class='ocrx_word' id='word_1_112' title='bbox 962 1802 1555 2007; x_wconf 67' lang='lat' dir='ltr'>ruequrnnouscribebantur,</span> <span class='ocrx_word' id='word_1_113' title='bbox 1572 1893 1749 1983; x_wconf 71' lang='lat' dir='ltr'>contusio</span> <span class='ocrx_word' id='word_1_114' title='bbox 1760 1898 1796 1979; x_wconf 88' lang='grc' dir='ltr'><strong>Ρ.</strong></span> <span class='ocrx_word' id='word_1_115' title='bbox 1809 1918 1834 1993; x_wconf 87' lang='grc'>3.</span> 
     </span>
    </p>

    <p class='ocr_par' dir='ltr' id='par_1_9' title="bbox 444 2024 773 2112">
     <span class='ocr_line' id='line_1_15' title="bbox 444 2024 773 2112; baseline -0.003 -18"><span class='ocrx_word' id='word_1_116' title='bbox 444 2024 568 2111; x_wconf 74' lang='lat' dir='ltr'>‚rso</span> <span class='ocrx_word' id='word_1_117' title='bbox 588 2026 681 2112; x_wconf 85' lang='lat'>561.</span> <span class='ocrx_word' id='word_1_118' title='bbox 738 2034 773 2093; x_wconf 94' lang='lat' dir='ltr'>c.</span> 
     </span>
    </p>

    <p class='ocr_par' dir='ltr' id='par_1_10' title="bbox 401 2116 1834 2556">
     <span class='ocr_line' id='line_1_16' title="bbox 522 2116 1834 2235; baseline -0.005 -26"><span class='ocrx_word' id='word_1_119' title='bbox 522 2155 587 2229; x_wconf 82' lang='grc'>36.</span> <span class='ocrx_word' id='word_1_120' title='bbox 628 2123 833 2209; x_wconf 86' lang='lat' dir='ltr'>ordinavit</span> <span class='ocrx_word' id='word_1_121' title='bbox 859 2117 1061 2232; x_wconf 81' lang='lat' dir='ltr'>Apostolis</span> <span class='ocrx_word' id='word_1_122' title='bbox 1088 2121 1251 2207; x_wconf 89' lang='lat' dir='ltr'>eandem</span> <span class='ocrx_word' id='word_1_123' title='bbox 1281 2116 1451 2205; x_wconf 87' lang='lat' dir='ltr'>formam</span> <span class='ocrx_word' id='word_1_124' title='bbox 1479 2126 1681 2224; x_wconf 78' lang='lat' dir='ltr'>vellium,</span> <span class='ocrx_word' id='word_1_125' title='bbox 1718 2144 1834 2235; x_wconf 73' lang='lat' dir='ltr'>easque</span> 
     </span>
     <span class='ocr_line' id='line_1_17' title="bbox 401 2233 1545 2353; baseline 0 -31"><span class='ocrx_word' id='word_1_126' title='bbox 401 2233 560 2353; x_wconf 84' lang='lat' dir='ltr'>ipsamet</span> <span class='ocrx_word' id='word_1_127' title='bbox 578 2235 749 2322; x_wconf 88' lang='lat' dir='ltr'>confecit</span> <span class='ocrx_word' id='word_1_128' title='bbox 764 2238 1032 2344; x_wconf 86' lang='lat' dir='ltr'>adjuvantibus</span> <span class='ocrx_word' id='word_1_129' title='bbox 1051 2235 1210 2352; x_wconf 83' lang='lat' dir='ltr'>angelis.</span> <span class='ocrx_word' id='word_1_130' title='bbox 1239 2241 1279 2320; x_wconf 88' lang='lat' dir='ltr'>P.</span> <span class='ocrx_word' id='word_1_131' title='bbox 1301 2262 1337 2337; x_wconf 83' lang='lat'>3.</span> <span class='ocrx_word' id='word_1_132' title='bbox 1362 2239 1420 2319; x_wconf 94' lang='grc' dir='ltr'><strong>Ν.</strong></span> <span class='ocrx_word' id='word_1_133' title='bbox 1442 2252 1545 2331; x_wconf 84' lang='grc'><strong>366.</strong></span> 
     </span>
     <span class='ocr_line' id='line_1_18' title="bbox 405 2347 1833 2556; baseline -0.004 -2"><span class='ocrx_word' id='word_1_134' title='bbox 405 2462 510 2556; x_wconf 69' lang='lat' dir='ltr'>aa</span> <span class='ocrx_word' id='word_1_135' title='bbox 523 2347 771 2553; x_wconf 55' lang='lat' dir='ltr'>{lindissi</span> <span class='ocrx_word' id='word_1_136' title='bbox 790 2349 1502 2550; x_wconf 61' lang='lat' dir='ltr'>3333s²l⁶³0⁸nrbl⁰eeszlz</span> <span class='ocrx_word' id='word_1_137' title='bbox 1515 2381 1606 2553; x_wconf 70' lang='lat' dir='ltr'>¹¹ss&#39;‘</span> <span class='ocrx_word' id='word_1_138' title='bbox 1628 2376 1782 2556; x_wconf 55' lang='lat' dir='ltr'>lim}</span> <span class='ocrx_word' id='word_1_139' title='bbox 1797 2348 1833 2431; x_wconf 73' lang='lat'>“¹</span> 
     </span>
    </p>

    <p class='ocr_par' dir='ltr' id='par_1_11' title="bbox 406 2494 1835 3029">
     <span class='ocr_line' id='line_1_19' title="bbox 526 2494 1835 2694; baseline -0.003 -28"><span class='ocrx_word' id='word_1_140' title='bbox 526 2612 593 2689; x_wconf 88' lang='grc'>34.</span> <span class='ocrx_word' id='word_1_141' title='bbox 624 2585 732 2694; x_wconf 76' lang='lat' dir='ltr'>Saepe</span> <span class='ocrx_word' id='word_1_142' title='bbox 752 2575 951 2693; x_wconf 86' lang='lat' dir='ltr'>Apostolis</span> <span class='ocrx_word' id='word_1_143' title='bbox 974 2497 1170 2693; x_wconf 57' lang='lat' dir='ltr'>atlparuit,</span> <span class='ocrx_word' id='word_1_144' title='bbox 1196 2584 1234 2662; x_wconf 83' lang='lat' dir='ltr'>dr</span> <span class='ocrx_word' id='word_1_145' title='bbox 1259 2582 1435 2662; x_wconf 62' lang='lat' dir='ltr'>tranavit</span> <span class='ocrx_word' id='word_1_146' title='bbox 1453 2606 1547 2665; x_wconf 91' lang='lat' dir='ltr'>cum</span> <span class='ocrx_word' id='word_1_147' title='bbox 1571 2501 1662 2694; x_wconf 74' lang='lat' dir='ltr'>ipsis</span> <span class='ocrx_word' id='word_1_148' title='bbox 1685 2494 1835 2666; x_wconf 45' lang='lat' dir='ltr'>dessaliis</span> 
     </span>
     <span class='ocr_line' id='line_1_20' title="bbox 406 2690 1835 2814; baseline -0.004 -31"><span class='ocrx_word' id='word_1_149' title='bbox 406 2702 575 2814; x_wconf 85' lang='lat' dir='ltr'>negotiis</span> <span class='ocrx_word' id='word_1_150' title='bbox 596 2693 783 2791; x_wconf 82' lang='lat' dir='ltr'>Ecclefiae,</span> <span class='ocrx_word' id='word_1_151' title='bbox 803 2690 1002 2807; x_wconf 76' lang='lat' dir='ltr'>prasertim</span> <span class='ocrx_word' id='word_1_152' title='bbox 1029 2696 1081 2778; x_wconf 90' lang='lat' dir='ltr'>de</span> <span class='ocrx_word' id='word_1_153' title='bbox 1101 2693 1339 2778; x_wconf 85' lang='lat' dir='ltr'>instituendis</span> <span class='ocrx_word' id='word_1_154' title='bbox 1355 2695 1483 2778; x_wconf 76' lang='lat' dir='ltr'>Pestis.</span> <span class='ocrx_word' id='word_1_155' title='bbox 1546 2700 1617 2781; x_wconf 85' lang='lat' dir='ltr'>Sic</span> <span class='ocrx_word' id='word_1_156' title='bbox 1633 2726 1684 2781; x_wconf 87' lang='lat' dir='ltr'>ex</span> <span class='ocrx_word' id='word_1_157' title='bbox 1703 2702 1775 2801; x_wconf 84' lang='lat' dir='ltr'>ejus</span> <span class='ocrx_word' id='word_1_158' title='bbox 1791 2720 1835 2777; x_wconf 90' lang='lat' dir='ltr'>or·</span> 
     </span>
     <span class='ocr_line' id='line_1_21' title="bbox 408 2804 1834 2910; baseline -0.004 -14"><span class='ocrx_word' id='word_1_159' title='bbox 408 2812 610 2896; x_wconf 78' lang='lat' dir='ltr'>clinatione</span> <span class='ocrx_word' id='word_1_160' title='bbox 625 2813 792 2894; x_wconf 89' lang='lat' dir='ltr'>instituta</span> <span class='ocrx_word' id='word_1_161' title='bbox 807 2806 891 2893; x_wconf 90' lang='lat' dir='ltr'>sunt</span> <span class='ocrx_word' id='word_1_162' title='bbox 908 2804 1002 2893; x_wconf 77' lang='lat' dir='ltr'>ferra</span> <span class='ocrx_word' id='word_1_163' title='bbox 1026 2811 1257 2908; x_wconf 78' lang='lat' dir='ltr'>Natiuitatis,</span> <span class='ocrx_word' id='word_1_164' title='bbox 1281 2806 1477 2910; x_wconf 82' lang='lat' dir='ltr'>Passronis,</span> <span class='ocrx_word' id='word_1_165' title='bbox 1501 2814 1546 2892; x_wconf 87' lang='lat'>&amp;</span> <span class='ocrx_word' id='word_1_166' title='bbox 1567 2814 1712 2896; x_wconf 84' lang='lat' dir='ltr'>Coenae</span> <span class='ocrx_word' id='word_1_167' title='bbox 1728 2809 1834 2893; x_wconf 81' lang='lat' dir='ltr'>Doni</span> 
     </span>
     <span class='ocr_line' id='line_1_22' title="bbox 407 2916 1835 3029; baseline -0.004 -19"><span class='ocrx_word' id='word_1_168' title='bbox 407 2931 471 3021; x_wconf 77' lang='lat' dir='ltr'>nir</span> <span class='ocrx_word' id='word_1_169' title='bbox 499 2921 694 3021; x_wconf 80' lang='lat' dir='ltr'>Ascensro,</span> <span class='ocrx_word' id='word_1_170' title='bbox 714 2926 955 3018; x_wconf 86' lang='lat' dir='ltr'>Pentecoste,</span> <span class='ocrx_word' id='word_1_171' title='bbox 974 2929 1013 3006; x_wconf 88' lang='lat'>&amp;</span> <span class='ocrx_word' id='word_1_172' title='bbox 1030 2924 1281 3007; x_wconf 83' lang='lat' dir='ltr'>Caeremoniae</span> <span class='ocrx_word' id='word_1_173' title='bbox 1294 2916 1580 3010; x_wconf 78' lang='lat' dir='ltr'>Ecclesiasticae.</span> <span class='ocrx_word' id='word_1_174' title='bbox 1599 2932 1646 3010; x_wconf 87' lang='lat' dir='ltr'>P.</span> <span class='ocrx_word' id='word_1_175' title='bbox 1662 2928 1756 3029; x_wconf 86' lang='lat' dir='ltr'><strong>3.N.</strong></span> <span class='ocrx_word' id='word_1_176' title='bbox 1768 2940 1835 3021; x_wconf 79' lang='grc'><strong>363.</strong></span> 
     </span>
    </p>

    <p class='ocr_par' dir='ltr' id='par_1_12' title="bbox 409 3030 1836 3485">
     <span class='ocr_line' id='line_1_23' title="bbox 528 3030 1835 3153; baseline -0.003 -30"><span class='ocrx_word' id='word_1_177' title='bbox 528 3068 593 3144; x_wconf 91' lang='grc'>33.</span> <span class='ocrx_word' id='word_1_178' title='bbox 618 3040 662 3124; x_wconf 86' lang='lat' dir='ltr'>Si</span> <span class='ocrx_word' id='word_1_179' title='bbox 687 3032 1018 3122; x_wconf 87' lang='lat' dir='ltr'>conscriberentur</span> <span class='ocrx_word' id='word_1_180' title='bbox 1039 3043 1172 3120; x_wconf 90' lang='lat' dir='ltr'>omnia</span> <span class='ocrx_word' id='word_1_181' title='bbox 1197 3030 1409 3132; x_wconf 80' lang='lat' dir='ltr'>miracula,</span> <span class='ocrx_word' id='word_1_182' title='bbox 1444 3065 1539 3148; x_wconf 85' lang='lat' dir='ltr'>quae</span> <span class='ocrx_word' id='word_1_183' title='bbox 1567 3066 1731 3153; x_wconf 85' lang='lat' dir='ltr'>operata</span> <span class='ocrx_word' id='word_1_184' title='bbox 1748 3042 1835 3122; x_wconf 71' lang='lat' dir='ltr'>eurr</span> 
     </span>
     <span class='ocr_line' id='line_1_24' title="bbox 409 3143 1835 3270; baseline -0.005 -28"><span class='ocrx_word' id='word_1_185' title='bbox 409 3154 694 3270; x_wconf 82' lang='lat' dir='ltr'>gubernatione</span> <span class='ocrx_word' id='word_1_186' title='bbox 714 3144 992 3263; x_wconf 81' lang='lat' dir='ltr'>Apostolorum</span> <span class='ocrx_word' id='word_1_187' title='bbox 1018 3156 1056 3234; x_wconf 81' lang='grc' dir='ltr'>δι</span> <span class='ocrx_word' id='word_1_188' title='bbox 1078 3147 1261 3251; x_wconf 67' lang='lat' dir='ltr'>Ecclesia,</span> <span class='ocrx_word' id='word_1_189' title='bbox 1281 3143 1457 3262; x_wconf 90' lang='lat' dir='ltr'>pluribus</span> <span class='ocrx_word' id='word_1_190' title='bbox 1476 3148 1594 3239; x_wconf 88' lang='lat' dir='ltr'>lrbris</span> <span class='ocrx_word' id='word_1_191' title='bbox 1620 3183 1723 3267; x_wconf 89' lang='lat' dir='ltr'>opus</span> <span class='ocrx_word' id='word_1_192' title='bbox 1748 3151 1835 3244; x_wconf 83' lang='lat' dir='ltr'>soret,</span> 
     </span>
     <span class='ocr_line' id='line_1_25' title="bbox 410 3261 1836 3383; baseline -0.004 -28"><span class='ocrx_word' id='word_1_193' title='bbox 410 3298 531 3383; x_wconf 87' lang='lat' dir='ltr'>quam</span> <span class='ocrx_word' id='word_1_194' title='bbox 554 3273 801 3355; x_wconf 88' lang='lat' dir='ltr'>continentur</span> <span class='ocrx_word' id='word_1_195' title='bbox 820 3261 930 3349; x_wconf 77' lang='lat' dir='ltr'>linere</span> <span class='ocrx_word' id='word_1_196' title='bbox 949 3269 989 3348; x_wconf 90' lang='lat' dir='ltr'>in</span> <span class='ocrx_word' id='word_1_197' title='bbox 1009 3268 1083 3348; x_wconf 81' lang='lat' dir='ltr'>bac</span> <span class='ocrx_word' id='word_1_198' title='bbox 1105 3266 1284 3349; x_wconf 83' lang='lat' dir='ltr'>Historia.</span> <span class='ocrx_word' id='word_1_199' title='bbox 1311 3268 1354 3346; x_wconf 93' lang='lat' dir='ltr'>P.</span> <span class='ocrx_word' id='word_1_200' title='bbox 1372 3291 1410 3364; x_wconf 88' lang='grc'><strong>3.</strong></span> <span class='ocrx_word' id='word_1_201' title='bbox 1433 3267 1569 3351; x_wconf 83' lang='grc' dir='ltr'><strong>Ν63333.</strong></span> <span class='ocrx_word' id='word_1_202' title='bbox 1599 3299 1694 3370; x_wconf 79' lang='grc'><strong>373.</strong></span> <span class='ocrx_word' id='word_1_203' title='bbox 1723 3267 1836 3368; x_wconf 80' lang='lat' dir='ltr'>(conti</span> 
     </span>
     <span class='ocr_line' id='line_1_26' title="bbox 410 3379 1670 3485; baseline -0.002 -14"><span class='ocrx_word' id='word_1_204' title='bbox 410 3407 692 3471; x_wconf 84' lang='lat' dir='ltr'>nenturautem</span> <span class='ocrx_word' id='word_1_205' title='bbox 716 3382 844 3466; x_wconf 86' lang='lat' dir='ltr'>iubae</span> <span class='ocrx_word' id='word_1_206' title='bbox 867 3381 1033 3464; x_wconf 79' lang='lat' dir='ltr'>Historia</span> <span class='ocrx_word' id='word_1_207' title='bbox 1057 3379 1106 3463; x_wconf 90' lang='lat' dir='ltr'>ad</span> <span class='ocrx_word' id='word_1_208' title='bbox 1131 3383 1332 3463; x_wconf 91' lang='lat' dir='ltr'>minimum</span> <span class='ocrx_word' id='word_1_209' title='bbox 1354 3392 1502 3475; x_wconf 88' lang='lat'>64000</span> <span class='ocrx_word' id='word_1_210' title='bbox 1526 3380 1670 3485; x_wconf 86' lang='lat' dir='ltr'>linear)</span> 
     </span>
    </p>

    <p class='ocr_par' dir='ltr' id='par_1_13' title="bbox 365 3493 1838 4168">
     <span class='ocr_line' id='line_1_27' title="bbox 531 3493 1835 3613; baseline -0.004 -33"><span class='ocrx_word' id='word_1_211' title='bbox 531 3512 596 3599; x_wconf 92' lang='grc'>36.</span> <span class='ocrx_word' id='word_1_212' title='bbox 623 3497 765 3582; x_wconf 85' lang='lat' dir='ltr'>Tribus</span> <span class='ocrx_word' id='word_1_213' title='bbox 785 3500 893 3580; x_wconf 88' lang='lat' dir='ltr'>annis</span> <span class='ocrx_word' id='word_1_214' title='bbox 909 3519 998 3578; x_wconf 90' lang='lat' dir='ltr'>ante</span> <span class='ocrx_word' id='word_1_215' title='bbox 1017 3500 1095 3599; x_wconf 85' lang='lat' dir='ltr'>ejus</span> <span class='ocrx_word' id='word_1_216' title='bbox 1122 3493 1273 3577; x_wconf 89' lang='lat' dir='ltr'>obitum</span> <span class='ocrx_word' id='word_1_217' title='bbox 1294 3514 1379 3574; x_wconf 86' lang='lat' dir='ltr'>tota</span> <span class='ocrx_word' id='word_1_218' title='bbox 1399 3520 1545 3580; x_wconf 75' lang='lat' dir='ltr'>natura</span> <span class='ocrx_word' id='word_1_219' title='bbox 1564 3506 1692 3613; x_wconf 83' lang='lat' dir='ltr'>coepit</span> <span class='ocrx_word' id='word_1_220' title='bbox 1708 3500 1835 3583; x_wconf 72' lang='lat' dir='ltr'>denos</span> 
     </span>
     <span class='ocr_line' id='line_1_28' title="bbox 410 3604 1837 3726; baseline -0.006 -27"><span class='ocrx_word' id='word_1_221' title='bbox 410 3612 524 3699; x_wconf 79' lang='lat' dir='ltr'>strare</span> <span class='ocrx_word' id='word_1_222' title='bbox 545 3607 653 3697; x_wconf 89' lang='lat' dir='ltr'>sunm</span> <span class='ocrx_word' id='word_1_223' title='bbox 671 3605 840 3697; x_wconf 72' lang='lat' dir='ltr'>luetumr</span> <span class='ocrx_word' id='word_1_224' title='bbox 868 3605 999 3706; x_wconf 86' lang='lat' dir='ltr'>Coeli,</span> <span class='ocrx_word' id='word_1_225' title='bbox 1027 3604 1151 3706; x_wconf 82' lang='lat' dir='ltr'>stellae,</span> <span class='ocrx_word' id='word_1_226' title='bbox 1172 3604 1359 3706; x_wconf 77' lang='lat' dir='ltr'>Planetae,</span> <span class='ocrx_word' id='word_1_227' title='bbox 1384 3610 1635 3720; x_wconf 87' lang='lat' dir='ltr'>inceperunt</span> <span class='ocrx_word' id='word_1_228' title='bbox 1660 3616 1837 3726; x_wconf 79' lang='lat' dir='ltr'>deperdere</span> 
     </span>
     <span class='ocr_line' id='line_1_29' title="bbox 410 3717 1838 3842; baseline -0.008 -26"><span class='ocrx_word' id='word_1_229' title='bbox 410 3726 576 3815; x_wconf 90' lang='lat' dir='ltr'>multum</span> <span class='ocrx_word' id='word_1_230' title='bbox 604 3717 898 3838; x_wconf 82' lang='lat' dir='ltr'>pulchritudinis</span> <span class='ocrx_word' id='word_1_231' title='bbox 924 3728 963 3804; x_wconf 83' lang='lat' dir='ltr'>dr</span> <span class='ocrx_word' id='word_1_232' title='bbox 982 3717 1218 3834; x_wconf 86' lang='lat' dir='ltr'>splendoris,</span> <span class='ocrx_word' id='word_1_233' title='bbox 1241 3721 1334 3805; x_wconf 85' lang='lat' dir='ltr'>srcut</span> <span class='ocrx_word' id='word_1_234' title='bbox 1354 3725 1548 3809; x_wconf 87' lang='lat' dir='ltr'>minuitur</span> <span class='ocrx_word' id='word_1_235' title='bbox 1566 3729 1656 3813; x_wconf 90' lang='lat' dir='ltr'>dies</span> <span class='ocrx_word' id='word_1_236' title='bbox 1676 3740 1838 3842; x_wconf 84' lang='lat' dir='ltr'>ingruent</span> 
     </span>
     <span class='ocr_line' id='line_1_30' title="bbox 411 3830 1837 3947; baseline -0.006 -19"><span class='ocrx_word' id='word_1_237' title='bbox 411 3848 544 3928; x_wconf 75' lang='lat' dir='ltr'>node.</span> <span class='ocrx_word' id='word_1_238' title='bbox 601 3840 709 3925; x_wconf 86' lang='lat' dir='ltr'>Aves</span> <span class='ocrx_word' id='word_1_239' title='bbox 734 3836 892 3921; x_wconf 90' lang='lat' dir='ltr'>duobus</span> <span class='ocrx_word' id='word_1_240' title='bbox 914 3832 1056 3922; x_wconf 88' lang='lat' dir='ltr'>ultimis</span> <span class='ocrx_word' id='word_1_241' title='bbox 1085 3839 1195 3920; x_wconf 90' lang='lat' dir='ltr'>annis</span> <span class='ocrx_word' id='word_1_242' title='bbox 1220 3830 1590 3927; x_wconf 76' lang='lat' dir='ltr'>circumvolitantes</span> <span class='ocrx_word' id='word_1_243' title='bbox 1616 3852 1697 3947; x_wconf 84' lang='lat' dir='ltr'>ejus</span> <span class='ocrx_word' id='word_1_244' title='bbox 1717 3841 1837 3928; x_wconf 84' lang='lat' dir='ltr'>cubitu·</span> 
     </span>
     <span class='ocr_line' id='line_1_31' title="bbox 365 3948 1836 4070; baseline -0.005 -30"><span class='ocrx_word' id='word_1_245' title='bbox 365 4060 373 4070; x_wconf 16' lang='grc' dir='ltr'>ἱ</span> <span class='ocrx_word' id='word_1_246' title='bbox 412 3952 493 4040; x_wconf 93' lang='lat' dir='ltr'>lum</span> <span class='ocrx_word' id='word_1_247' title='bbox 511 3953 682 4039; x_wconf 88' lang='lat' dir='ltr'>edebant</span> <span class='ocrx_word' id='word_1_248' title='bbox 709 3948 892 4065; x_wconf 87' lang='lat' dir='ltr'>lugubres</span> <span class='ocrx_word' id='word_1_249' title='bbox 917 3978 1049 4036; x_wconf 90' lang='lat' dir='ltr'>voces.</span> <span class='ocrx_word' id='word_1_250' title='bbox 1079 3954 1122 4035; x_wconf 88' lang='lat' dir='ltr'>P.</span> <span class='ocrx_word' id='word_1_251' title='bbox 1141 3978 1177 4051; x_wconf 86' lang='grc'>3.</span> <span class='ocrx_word' id='word_1_252' title='bbox 1200 3952 1254 4037; x_wconf 92' lang='grc' dir='ltr'>Ν.</span> <span class='ocrx_word' id='word_1_253' title='bbox 1269 3974 1367 4051; x_wconf 84' lang='lat'>705.</span> <span class='ocrx_word' id='word_1_254' title='bbox 1427 3952 1616 4042; x_wconf 84' lang='lat' dir='ltr'>Sirrulem</span> <span class='ocrx_word' id='word_1_255' title='bbox 1638 3957 1770 4045; x_wconf 80' lang='lat' dir='ltr'>lunum</span> <span class='ocrx_word' id='word_1_256' title='bbox 1790 3952 1836 4033; x_wconf 86' lang='lat' dir='ltr'>dt·</span> 
     </span>
     <span class='ocr_line' id='line_1_32' title="bbox 412 4059 1835 4168; baseline -0.004 -14"><span class='ocrx_word' id='word_1_257' title='bbox 412 4070 555 4155; x_wconf 87' lang='lat' dir='ltr'>derunt</span> <span class='ocrx_word' id='word_1_258' title='bbox 570 4065 673 4168; x_wconf 76' lang='lat' dir='ltr'>fere,</span> <span class='ocrx_word' id='word_1_259' title='bbox 694 4092 782 4151; x_wconf 89' lang='lat' dir='ltr'>nam</span> <span class='ocrx_word' id='word_1_260' title='bbox 801 4093 888 4150; x_wconf 92' lang='lat' dir='ltr'>cum</span> <span class='ocrx_word' id='word_1_261' title='bbox 909 4060 1025 4148; x_wconf 89' lang='lat' dir='ltr'>semel</span> <span class='ocrx_word' id='word_1_262' title='bbox 1047 4063 1210 4149; x_wconf 77' lang='lat' dir='ltr'>visitaret</span> <span class='ocrx_word' id='word_1_263' title='bbox 1229 4060 1318 4147; x_wconf 89' lang='lat' dir='ltr'>loca</span> <span class='ocrx_word' id='word_1_264' title='bbox 1338 4059 1497 4166; x_wconf 69' lang='lat' dir='ltr'>sanda,</span> <span class='ocrx_word' id='word_1_265' title='bbox 1526 4074 1585 4155; x_wconf 90' lang='lat' dir='ltr'>ad</span> <span class='ocrx_word' id='word_1_266' title='bbox 1609 4103 1697 4159; x_wconf 80' lang='lat' dir='ltr'>earn</span> <span class='ocrx_word' id='word_1_267' title='bbox 1716 4090 1835 4156; x_wconf 82' lang='lat' dir='ltr'>torm·</span> 
     </span>
    </p>
   </div>
   <div class='ocr_carea' id='block_1_3' title="bbox 411 4174 1835 4293">
    <p class='ocr_par' dir='ltr' id='par_1_14' title="bbox 411 4174 1835 4293">
     <span class='ocr_line' id='line_1_33' title="bbox 411 4174 1835 4293; baseline 0.004 -24"><span class='ocrx_word' id='word_1_268' title='bbox 411 4206 546 4274; x_wconf 80' lang='lat' dir='ltr'>terurrt</span> <span class='ocrx_word' id='word_1_269' title='bbox 563 4178 693 4271; x_wconf 81' lang='lat' dir='ltr'>multe</span> <span class='ocrx_word' id='word_1_270' title='bbox 722 4179 813 4293; x_wconf 77' lang='lat' dir='ltr'>sete</span> <span class='ocrx_word' id='word_1_271' title='bbox 836 4208 884 4267; x_wconf 82' lang='lat' dir='ltr'>ex</span> <span class='ocrx_word' id='word_1_272' title='bbox 913 4174 1041 4292; x_wconf 77' lang='lat' dir='ltr'>sylvis</span> <span class='ocrx_word' id='word_1_273' title='bbox 1067 4178 1349 4269; x_wconf 75' lang='lat' dir='ltr'>&amp;montibus</span> <span class='ocrx_word' id='word_1_274' title='bbox 1404 4182 1491 4269; x_wconf 83' lang='lat' dir='ltr'>Sex</span> <span class='ocrx_word' id='word_1_275' title='bbox 1515 4191 1669 4277; x_wconf 84' lang='lat' dir='ltr'>ultimis</span> <span class='ocrx_word' id='word_1_276' title='bbox 1690 4182 1835 4277; x_wconf 56' lang='lat' dir='ltr'>mersbur</span> 
     </span>
    </p>
   </div>
   <div class='ocr_carea' id='block_1_4' title="bbox 1777 4285 1833 4388">
    <p class='ocr_par' dir='ltr' id='par_1_15' title="bbox 1777 4285 1833 4388">
     <span class='ocr_line' id='line_1_34' title="bbox 1777 4285 1833 4388; baseline 0 0"><span class='ocrx_word' id='word_1_277' title='bbox 1777 4285 1833 4388; x_wconf 79' lang='lat' dir='ltr'>sd</span> 
     </span>
    </p>
   </div>
   <div class='ocr_carea' id='block_1_5' title="bbox 0 0 1862 4988">
    <p class='ocr_par' dir='ltr' id='par_1_16' title="bbox 0 0 1862 4988">
     <span class='ocr_line' id='line_1_35' title="bbox 0 0 1862 4988; baseline 0 0"><span class='ocrx_word' id='word_1_278' title='bbox 0 0 1862 4988; x_wconf 95' lang='lat' dir='ltr'> </span> 
     </span>
    </p>
   </div>
  </div>
 </body>
</html>
