3690 4988
491 283 846 421 Praefationet&
862 290 965 434 vala
986 283 1150 393 Maria
1164 284 1425 429 deAgreda'J
1563 298 1630 430 48
1641 334 1668 433 5

221 509 339 594 etiam
360 506 524 588 exterius
539 497 695 611 insolito
716 502 841 586 modo
859 500 1113 587 cruciandi&
1136 502 1361 614 torquendi.
1415 502 1669 608 Primbinva·

185 608 267 707 lsn
283 615 386 701 illam
408 617 616 702 terroribus
640 624 679 701 δι
702 617 924 707 timoribusr
955 642 1044 701 nam
1069 617 1232 729 quando
1247 622 1286 701 in
1311 615 1493 703 cubiculo
1508 623 1670 711 vacabat

211 738 404 831 orationi,
424 735 713 843 &castigationi
729 738 917 843 corporis,
936 733 1186 843 extinguebat
1204 727 1346 828 lucem,
1366 758 1409 817 ut
1422 761 1507 818 eam
1521 760 1672 823 averte·

201 875 282 935 ret
296 874 441 931 terrore
451 848 696 945 umbrarum;
720 851 892 956 apparuit
904 841 958 929 illi
970 852 1083 929 etiam
1097 854 1135 932 in
1150 843 1273 958 specie
1283 842 1442 933 terribili
1453 848 1669 940 bestiarum.

218 963 418 1048 Interdum
434 959 641 1073 apparebat
656 985 697 1044 ut
711 963 889 1057 cadaver,
904 962 1150 1074 quandoque
1167 967 1207 1045 in
1225 956 1351 1073 specie
1364 964 1546 1049 bominis.
1596 962 1670 1051 Af-

217 1074 631 1191 flrgebatetiamipstus
651 1103 792 1186 corpus
807 1070 1047 1164 sensibilitert
1088 1076 1278 1181 onerabat
1303 1083 1342 1160 δι
1362 1077 1545 1189 gravabat
1562 1074 1668 1169 illam

218 1190 329 1305 quast
342 1192 520 1303 pondere
530 1184 773 1285 intolerabili,
798 1217 843 1273 ac
862 1191 1143 1299 comprimebat
1166 1186 1269 1275 illam
1282 1215 1469 1305 tanquam
1481 1197 1522 1277 in
1535 1218 1670 1281 torcia.-

217 1304 303 1391 lari.
358 1310 460 1388 inter
481 1309 555 1388 hos
571 1332 720 1417 agones
742 1302 928 1389 sentiebat
949 1302 1018 1387 sub
1034 1296 1232 1417 speciebus
1253 1308 1513 1391 Eucharisticis
1532 1313 1669 1397 miram

219 1417 485 1517 dulcedinem,
505 1447 590 1533 quae
613 1416 851 1531 aliquamdiu
871 1420 1035 1505 duravit.
1086 1423 1197 1532 Sape
1210 1424 1325 1505 etiam
1342 1421 1439 1508 vidit
1457 1424 1668 1511 SS.Sacra·

217 1564 397 1623 mentum
419 1535 693 1620 circumdatum
713 1528 982 1645 supernaturali
1004 1528 1235 1644 splendore,
1287 1562 1341 1619 uo
1373 1534 1670 1626 confortabatur

218 1647 399 1739 adversus
410 1654 617 1737 inimicum.
673 1650 780 1732 Cum
799 1642 914 1733 semel
928 1654 1074 1759 aegra&
1091 1650 1232 1734 afllisia
1251 1565 1432 1735 slamaret
1452 1654 1504 1736 ad
1521 1655 1665 1741 Domi·

218 1786 331 1863 num,
350 1770 523 1877 apparuit
539 1759 592 1848 illi
612 1772 651 1847 B.
672 1772 792 1875 Virgo
814 1813 833 1829 -
854 1759 1048 1846 subsecuta
1064 1764 1256 1848 fortitudo
1277 1769 1393 1849 animi
1410 1770 1451 1850 in
1467 1764 1667 1876 perferen·

218 1886 283 1967 dis
296 1879 597 1979 adversitatibus,
606 1880 785 1974 ostendit,
799 1881 1079 1989 apparitionem
1091 1874 1200 1961 suisle
1214 1906 1356 1963 veram.
1410 1882 1556 1991 Sapius
1571 1882 1666 1969 dein

218 2026 274 2085 ex
300 1998 448 2080 ettaest
461 1995 654 2101 ejusmodi
669 1998 840 2106 gratiam.
878 1994 923 2073 In
935 1988 1251 2078 diePeutecosies
1262 1993 1360 2077 vidit
1369 1988 1666 2105 pulcherrimam

168 2028 444 2215 *arsamum
466 2110 690 2193 ardentibus
718 2110 832 2191 radiis
862 2102 1042 2219 plenam,
1075 2110 1145 2220 qui
1176 2135 1315 2194 omnes
1342 2108 1606 2223 dirigebantur
1622 2114 1665 2201 iu

212 2221 339 2341 ipsam
351 2227 401 2308 ad
413 2225 706 2308 accendendum
717 2229 794 2330 ejus
805 2249 887 2306 cor.
944 2224 1665 2339 Exhacapparitione,quaerepeteba-

213 2334 443 2453 turfingulis
454 2340 592 2422 diebru
602 2366 670 2446 per
685 2363 808 2422 totam
819 2342 1022 2432 Odavam,
1033 2332 1252 2447 replebatur
1263 2344 1361 2423 miro
1374 2334 1527 2442 solatio,
1542 2348 1580 2426 dr
1593 2343 1666 2429 de·

179 2512 183 2517 -
212 2456 361 2543 fiderio
372 2452 551 2566 placendi
562 2449 628 2535 suo
638 2447 797 2563 sponso(
828 2447 924 2535 Alio
938 2452 1226 2562 temporeuirlit
1236 2452 1430 2539 Christum
1438 2460 1666 2567 patientem,

216 2565 429 2657 crudeliter
447 2564 707 2653 vulneratumt
733 2594 781 2649 ex
795 2592 875 2677 qua
889 2562 1035 2648 visione
1049 2559 1344 2659 corfiut'abatur
1360 2567 1410 2652 ad
1426 2570 1666 2682 patiendum.

335 2690 381 2787 s.
399 2711 439 2782 7.
467 2686 644 2766 Doemon
658 2706 786 2765 autem
805 2680 972 2793 augebat
988 2672 1179 2765 naturales
1195 2706 1398 2793 perpetuas
1416 2682 1669 2781 infirmitatem

213 2806 331 2889 itaut
352 2824 493 2907 corpus
508 2792 708 2881 debilitate
721 2823 891 2881 extrema
907 2798 1057 2901 penitus
1072 2792 1269 2881 deiiceret.
1328 2799 1504 2905 Quando
1518 2795 1667 2889 secon-

215 2914 373 3001 fertbat
384 2912 436 2995 ad
453 2917 683 3013 orationem,
697 2906 761 2997 etl
774 2912 824 2995 ad
839 2908 978 2994 Officia
998 2905 1264 3008 Ecclefiastica,
1286 2912 1524 3000 cruciabatur
1542 2915 1593 2999 ab
1612 2944 1666 3002 eo

204 3036 260 3117 in
274 3028 455 3111 omnibus
470 3027 651 3110 membris
670 3051 775 3111 tanta
788 3028 1042 3124 vehementia,
1059 3050 1101 3110 ut
1112 3027 1352 3123 existimaret,
1362 3024 1494 3111 divelli
1510 3027 1598 3115 inse
1613 3030 1666 3115 ab

214 3148 388 3231 invicem
401 3148 532 3226 omnia
545 3139 637 3228 ossa.
693 3141 890 3225 Gravabat
899 3134 1002 3223 illam
1012 3136 1273 3251 insupertanta
1286 3142 1508 3255 gravedine,
1518 3167 1560 3227 ut
1570 3172 1665 3255 pro-

214 3254 414 3345 laberetut
427 3260 628 3341 interram.
683 3259 872 3367 Cumque
888 3256 928 3337 hi
949 3257 1134 3341 cruciatus
1149 3250 1258 3339 simul
1278 3280 1551 3342 concurrerent
1571 3286 1665 3344 cum

214 3371 306 3459 aliis
322 3381 403 3475 ejus
420 3368 653 3455 naturalibus
669 3368 963 3470 infirmitatibus,
977 3354 1160 3454 credebat
1175 3362 1213 3453 se
1231 3376 1467 3456 morituram.
1525 3377 1668 3459 Praete·

212 3514 289 3575 rea
306 3485 579 3571 cruciabaturi
601 3486 790 3569 doemone
810 3490 850 3567 in
868 3490 1018 3573 animoa
1045 3480 1220 3597 suggessit
1239 3489 1342 3569 enim
1359 3481 1665 3596 petulantissima,

213 3597 436 3711 &replevit
448 3608 526 3705 eius
538 3602 766 3683 memoriam
776 3596 1276 3711 impurissimisimaginibus,
1285 3601 1534 3714 angebatque
1546 3606 1669 3689 maxi·

212 3722 294 3803 mis
306 3715 520 3814 timoribus,
536 3712 644 3828 quast
684 3740 741 3797 on
756 3716 953 3799 incederet
965 3718 1024 3798 via
1040 3739 1135 3809 tuta,
1149 3718 1201 3797 ita
1215 3739 1258 3797 ut
1270 3717 1457 3809 crederet,
1470 3716 1538 3799 sabi
1548 3723 1668 3801 inter·

213 3826 364 3917 clusum
383 3826 455 3913 esse
475 3824 635 3932 omnes
692 3832 800 3913 tium.
854 3830 1045 3913 Narrabat
1063 3828 1141 3939 ipsa
1155 3829 1206 3911 de
1221 3824 1260 3910 se
1277 3823 1384 3912 aliud
1397 3854 1519 3937 genus
1538 3856 1667 3943 poenae

211 3946 371 4033 dicensa
400 3944 610 4029 Cruciabat
620 3970 684 4027 me
696 3942 862 4027 doemon
876 3940 955 4026 alio
972 3969 1116 4057 genere
1125 3946 1324 4042 cruciatus,
1334 3946 1447 4054 quod
1459 3971 1540 4026 non
1551 3948 1668 4031 decet

213 4056 374 4171 eloqui,
392 4059 624 4143 durissimum
649 4082 780 4140 tamen
801 4082 881 4141 etat
897 4064 971 4169 pro
991 4062 1117 4141 anima
1140 4081 1295 4141 amante
1316 4060 1544 4153 castitatem,
1572 4064 1668 4169 (μὶ

209 4201 306 4266 nou
323 4169 436 4261 facile
453 4173 760 4289 permittebatur,
770 4198 819 4259 ut
839 4174 891 4261 de
906 4175 979 4258 bac
995 4200 1037 4260 re
1056 4167 1293 4259 considerem
1310 4196 1441 4281 mcum
1464 4166 1671 4270 Conso&-

860 4292 1074 4411 ,Pera
1554 4276 1672 4407 num
