3796 4994
219 327 318 428 238·
693 301 863 434 qutrlae
894 331 950 400 eu
983 307 1030 403 P.
1062 291 1171 436 Otst'.

213 510 398 594 staminas
423 506 640 617 Prophetis
682 511 822 618 Spiritu
858 501 1062 591 secundum
1102 501 1249 608 Johelis
1277 506 1510 589 vaticinium
1540 504 1659 589 adfla-

149 706 162 721 ,
216 653 291 706 tus.
322 676 340 688 -
400 624 444 701 Id
467 627 602 732 utique
625 647 852 732 argumento
878 623 943 714 est,
961 648 1040 701 non
1065 624 1204 702 minori
1229 625 1341 729 copia
1367 645 1404 701 at
1437 648 1486 702 ue
1510 620 1662 703 uberta·

196 784 199 790 s
219 766 259 820 te
278 733 351 819 sese
378 739 489 816 novis
509 731 607 814 hisce
626 737 829 843 Prophetis
853 761 970 846 quam
992 737 1157 844 antiquis
1176 736 1392 842 Prophetiae
1407 648 1585 843 spiritum
1610 738 1665 816 in·

221 846 370 934 fudisse.
428 853 514 949 Jam
543 848 652 941 verb,
682 875 728 928 an
757 875 837 928 non
864 874 914 928 eo
940 842 977 928 se
1002 850 1126 928 modo
1142 851 1293 928 Veteris
1315 848 1546 928 Testamenti
1567 854 1664 929 Pro«

219 969 344 1077 phetae
382 961 599 1073 gerebant,
643 960 748 1070 quast
787 963 967 1069 Spiritum
1004 963 1184 1040 Sandum
1222 957 1328 1070 quast
1357 963 1501 1042 monile
1533 961 1665 1071 quod·

221 1082 310 1160 dam
336 1082 375 1156 in
406 1082 564 1178 pedore
583 1068 666 1167 suo,
692 1099 733 1154 ut
753 1076 789 1152 in
812 1098 897 1155 arca
925 1070 987 1154 stra
1010 1067 1194 1154 inclusum
1216 1074 1403 1155 haberent
1433 1073 1484 1154 ad
1513 1099 1666 1172 nutum,

225 1198 303 1294 eius
324 1186 635 1270 illustrationibus
665 1183 761 1267 usust
793 1186 844 1268 ad
870 1184 1098 1268 arbitrium?
1141 1195 1284 1268 Annon
1310 1183 1523 1270 defuturis
1549 1192 1667 1270 euen-

226 1300 370 1389 tibusa
392 1294 544 1410 populo
569 1300 737 1410 requisiti
764 1300 899 1382 eadertt
923 1294 1210 1409 planefiducirl,
1234 1327 1321 1410 qua
1337 1303 1539 1410 Perpetua,
1562 1296 1600 1384 se
1624 1298 1668 1383 il·

88 1471 91 1475 -
225 1415 252 1500 li
275 1417 429 1497 crastina
454 1413 519 1493 dic
549 1438 614 1495 aut
639 1414 726 1522 post
752 1413 872 1495 breve
898 1439 1050 1520 tempus
1085 1415 1365 1494 renuntiaturos
1390 1411 1669 1524 spondebant?

227 1528 337 1647 Quid
366 1552 460 1636 ergo
491 1524 689 1624 mitum,fi
720 1529 830 1609 Novi
857 1527 1086 1608 Testamenti
1116 1526 1333 1638 Prophetis,
1358 1551 1401 1609 ut
1429 1528 1588 1639 Agabo,
1614 1531 1671 1611 Si·

187 1678 192 1685 ·
228 1639 300 1738 lae,
325 1643 555 1743 Quadrato,
587 1632 826 1749 Polycarpo,
865 1643 904 1721 dc
936 1637 1206 1750 Prophetiffis‚
1244 1662 1286 1722 ut
1313 1635 1463 1722 filiabus
1491 1636 1669 1753 Philippi,

228 1760 392 1841 Ammiae
427 1748 750 1862 Philadelphenfi,
794 1750 1012 1835 &deinde
1050 1757 1266 1862 Perpetuae,
1305 1753 1409 1835 adeo
1444 1749 1669 1838 familiarem

229 1865 338 1952 fuine
368 1865 563 1959 dicamus,
596 1890 637 1948 ut
657 1861 680 1948 a
703 1867 927 1950 Christianis
949 1869 1172 1976 interrogati
1202 1868 1276 1948 hac
1296 1864 1436 1979 fiducia
1458 1863 1672 1976 responde·

229 1988 320 2066 tint:
349 1980 444 2063 Cras
467 1976 581 2064 vobis
606 1977 936 2065 renuntiabimus?
961 1980 1166 2090 Propheta·
1190 1976 1356 2075 scilicet,
1374 2003 1439 2063 aut
1465 1983 1673 2092 Propheti-

231 2094 291 2178 dis
319 2088 617 2203 appellationem
637 2119 717 2173 nott
742 2088 795 2175 illi
818 2090 936 2189 olim,
961 2116 1027 2175 aut
1058 2087 1131 2175 illae
1159 2087 1282 2176 tulisse
1301 2093 1494 2190 videntur,
1525 2099 1596 2207 qui
1618 2091 1673 2178 se·-

231 2203 311 2291 mel
335 2204 484 2290 tannim
514 2229 580 2287 aut
604 2210 742 2286 iterum
769 2209 994 2315 prophetica
1016 2201 1196 2289 fudissent
1215 2200 1383 2302 oracula,
1406 2202 1473 2290 sed
1497 2213 1565 2322 qui
1581 2236 1673 2320 pro·

47 2353 50 2361 ¹
151 2398 154 2403 .
233 2323 392 2433 phetico
414 2316 541 2426 spiritu
563 2313 809 2415 familiariter,
833 2324 871 2400 ὅ(
893 2346 996 2430 pene
1022 2320 1197 2417 dixerim,
1225 2320 1277 2403 ad
1297 2319 1491 2403 arbitrium
1519 2345 1673 2406 uteren-

234 2461 308 2518 tur.
366 2428 555 2544 Alioquin
578 2458 665 2514 cum
688 2435 920 2542 Prophetica
954 2433 1059 2516 dona
1086 2457 1193 2517 tanta
1219 2429 1313 2517 olim
1336 2440 1449 2545 copia
1480 2435 1520 2517 in
1543 2432 1673 2519 Eccle-

235 2547 285 2631 fia
312 2547 562 2641 exundarent,
583 2572 649 2627 cut
672 2538 790 2657 aliqui
819 2571 980 2643 tantum,
1006 2574 1078 2631 nec
1094 2574 1238 2659 magno
1262 2544 1350 2630 saue
1374 2574 1553 2646 numero,
1581 2555 1674 2632 Pro·

235 2663 362 2770 pheta
379 2664 461 2739 κατ’
488 2660 608 2760 effuxit
639 2658 730 2742 dicti
758 2656 923 2756 fuissent,
955 2686 998 2743 ut
1024 2687 1128 2773 quos
1156 2664 1323 2745 Asterius
1350 2661 1451 2771 apud
1471 2658 1673 2745 Eusebium

234 2777 328 2856 loco
353 2765 484 2882 saepius
506 2768 665 2881 laudato
686 2771 876 2873 recenset,
904 2779 944 2855 δι
970 2772 1205 2886 Polycarpus
1236 2772 1409 2860 Ecclesrat
1432 2776 1669 2888 Smyrneusts

238 2888 393 2969 Dodor
416 2884 661 2993 Apostolicus
680 2891 720 2967 ὅ(
742 2888 1019 2998 Propheticus?
1047 2889 1153 2993 (Eus.
1175 2891 1216 2974 L.
1236 2919 1275 2985 4.
1295 2891 1344 2972 C.
1370 2889 1456 2997 ις.)
1479 2894 1576 2973 Non
1591 2884 1674 2971 lotr-

236 3001 287 3111 ge
315 3000 401 3111 post
429 2999 561 3101 Justini
594 3003 805 3082 Martirium
841 3004 1116 3084 Montanisticae
1153 2999 1332 3085 fautoris
1364 3007 1471 3086 initia
1499 3003 1679 3087 videntur

233 3107 311 3215 effe
344 3107 586 3195 collocanda.
644 3115 849 3223 Principio,
880 3138 922 3196 ut
945 3140 994 3196 ex
1016 3109 1181 3199 Eusebio
1211 3118 1384 3212 constat,
1406 3120 1508 3199 varia
1540 3143 1675 3200 eorum

237 3223 313 3310 fuit
340 3224 517 3309 fortuna:
545 3220 608 3308 alii
637 3252 721 3322 eos,
745 3251 787 3309 ut
808 3254 921 3310 vetos
948 3230 1162 3340 Prophetas
1192 3226 1463 3325 celebrabant,
1493 3225 1558 3313 alii
1582 3228 1675 3343 quid

241 3341 294 3421 de
316 3334 389 3422 illis
409 3339 632 3436 statuerent,
661 3343 844 3450 ancipites
871 3341 1089 3441 herebant,
1113 3344 1230 3438 adeo,
1263 3367 1304 3424 ut
1327 3336 1483 3425 aliarum
1512 3367 1673 3457 quoque

239 3449 488 3536 Ecclefiatunr
509 3457 549 3533 dc
569 3452 768 3564 prasertim
789 3449 996 3538 Gallicanae
1015 3454 1066 3536 de
1088 3457 1160 3538 hac
1182 3483 1286 3539 nova
1302 3458 1511 3566 Prophetia
1531 3452 1670 3541 senten

239 3567 330 3648 tiam
345 3591 414 3674 per
434 3564 574 3649 litteras
590 3567 717 3650 Asiani
742 3572 925 3678 rogarint.
984 3566 1149 3651 Causam
1170 3571 1265 3651 verb
1292 3595 1357 3652 cut
1375 3598 1456 3651 non
1481 3570 1533 3652 ab
1553 3575 1670 3654 omni·

239 3677 314 3759 bus
338 3680 458 3760 statim
481 3680 792 3871 repudiarentur,
818 3683 917 3763 hanc
941 3678 1049 3764 fuisse
1076 3683 1193 3765 tradit
1222 3679 1427 3778 Eusebius,
1453 3685 1671 3795 quodcum

202 3870 204 3875 ,
240 3791 367 3874 adhuc
389 3797 427 3872 in
451 3793 525 3872 Ecc
541 3789 612 3874 efia
637 3791 773 3875 divinae
799 3798 924 3904 gratiae
946 3797 1166 3877 charismata
1192 3797 1428 3896 adhaerent,
1454 3799 1562 3880 haud
1585 3794 1673 3883 insn-

239 3897 323 3986 lens
348 3903 562 3999 videbatur,
582 3933 651 3987 eos
673 3933 850 4018 quoque,
875 3912 944 4017 qui
965 3911 1153 3990 austerum
1174 3911 1328 3992 vivendi
1355 3938 1478 4020 genus
1502 3908 1675 3996 extrinse-

240 4044 306 4103 cus
325 4016 652 4119 consedabantut,
680 4015 897 4103 coelestibus
915 4023 1149 4106 charismatis
1169 4024 1378 4107 abundare.
1440 4024 1535 4109 Cum
1557 4027 1677 4110 sliun-

1572 4151 1678 4226 tanus
