3796 4994
220 293 319 419 136
484 359 486 363 >
592 302 898 404 Revelationes
930 305 976 401 S.
1014 293 1314 402 Gnarutln
1394 421 1400 429 ,
1527 236 1535 254 α

105 478 115 487 ”
213 494 374 611 pulchre
402 508 611 619 coaptavit,
639 482 734 622 quo⁸
753 506 859 594 fado
887 511 1083 593 Dominus
1111 532 1267 590 manum
1284 498 1400 590 suam
1427 509 1658 593 circumves-

214 619 274 710 tit,
296 617 348 699 ita
368 622 480 728 quod
500 622 610 731 digiti
629 620 798 733 personat
820 624 1006 733 praedictat
1029 620 1265 735 apparebant
1291 615 1405 718 infra,
1434 622 1573 734 suique
1601 618 1661 705 su·

211 752 295 837 pta,
318 755 390 842 per
413 733 492 816 hoc
514 735 608 816 dans
627 733 787 850 intelligi
815 742 891 833 dte.
1360 798 1363 802 ν

328 921 467 1006 XVlll.
519 925 564 1010 L.
583 953 621 1025 4.
641 926 690 1010 C.
717 955 756 1010 2.
814 928 987 1019 Christus
1007 923 1214 1010 videbatur
1238 948 1324 1005 cum
1348 927 1497 1034 ingenti
1513 923 1658 1035 gaudio

213 1028 424 1115 adventurn
457 1037 784 1150 congregationis
817 1050 832 1135 (
844 1037 906 1123 seu
934 1036 1187 1137 Monialium)
1223 1032 1425 1149 praestolati
1455 1037 1592 1120 sedens
1618 1043 1658 1121 in

213 1137 309 1226 loco
328 1147 767 1242 Dominae.Abbatilsae;
813 1153 1002 1264 Cumque
1028 1144 1485 1263 Congregatio'sedilset,
1517 1153 1660 1234 Domi·

127 1338 134 1350 .
213 1280 286 1361 uus
308 1281 493 1372 tanquam
519 1292 595 1374 pra
622 1268 769 1377 gaudio
795 1266 835 1352 se
862 1261 959 1349 ultra
981 1269 1181 1349 continere
1206 1289 1288 1346 non
1304 1260 1459 1364 valens,
1488 1291 1578 1347 cum
1605 1258 1659 1348 se·

214 1380 307 1453 sena
329 1368 516 1460 hilaritate
540 1385 610 1462 ait:
655 1384 755 1464 Ecce
779 1382 1020 1464 advenerunt
1047 1374 1253 1461 amicilstmi
1287 1381 1363 1459 mei
1448 1384 1551 1460 Hinc
1571 1405 1658 1460 cum

215 1479 347 1595 puella
366 1481 532 1598 legeret:
564 1491 668 1603 Just
688 1493 880 1589 Domine,
903 1497 943 1573 δι
966 1488 1037 1575 alia
1057 1488 1322 1600 responderet,
1351 1490 1399 1574 In
1425 1493 1535 1575 viam
1554 1518 1659 1576 man·

215 1593 394 1683 datorum
418 1606 495 1686 dte.
553 1608 748 1690 Dominus
786 1601 936 1691 extensa
969 1632 1085 1687 manu
1116 1604 1316 1685 benedixit
1339 1629 1578 1688 conventum
1603 1606 1660 1689 di·

213 1735 328 1817 pens:
365 1717 451 1828 Ego
469 1744 517 1802 ex
537 1723 823 1833 omnipotentia
846 1722 925 1804 Dei
951 1720 1072 1818 Patris
1095 1721 1173 1800 mei
1198 1718 1257 1799 his
1277 1711 1459 1799 assensum
1491 1719 1659 1828 prebeo.

325 1885 425 1969 xlx.
483 1885 526 1968 Ι,
550 1914 590 1986 4.
616 1887 667 1971 C.
692 1917 730 1972 2.
785 1887 961 1993 Quando
997 1880 1128 1999 aliqua
1158 1887 1343 1998 perficere
1362 1883 1480 1973 vellet
1505 1869 1660 1972 adlau-

215 1991 310 2079 'tlem
334 2024 475 2094 meam,
501 2000 551 2082 ad
567 2000 684 2112 quod
707 2005 805 2085 vires
826 1999 1058 2096 nonhabet,
1085 2006 1159 2082 arc.
1189 2007 1305 2084 toties
1324 2007 1446 2108 pietas
1475 2029 1563 2086 mea
1581 2025 1658 2086 tam

217 2105 422 2194 efficaciter
442 2138 506 2192 me
521 2112 589 2223 ipss
610 2114 836 2212 attraheret,
867 2115 983 2226 quod
1008 2142 1072 2197 me
1094 2111 1309 2198 nullatenus
1337 2109 1506 2198 valerem
1535 2121 1659 2200 conti·

105 2329 109 2337 ἱ
155 2314 162 2334 ,
217 2240 325 2321 nete,
358 2228 456 2336 quin
480 2221 651 2309 osculum
679 2233 714 2308 ei
733 2226 933 2339 infigerem
950 2223 1078 2313 suave.

328 2409 409 2487 XX.
467 2405 567 2504 La.
590 2406 641 2491 C.
666 2434 701 2505 ς.
743 2412 787 2491 Β.
811 2412 992 2520 Virgoin
1012 2408 1154 2494 Choro
1180 2408 1417 2503 circumiens,
1442 2413 1481 2491 δι
1510 2407 1662 2522 fingulis

219 2517 459 2602 Monialibus
490 2520 786 2630 circumponens
819 2520 1017 2605 brachium
1052 2523 1156 2604 suum
1186 2518 1363 2603 dextrum
1396 2525 1563 2607 humero
1584 2520 1663 2608 illa·

142 2691 150 2701 κ
219 2628 506 2827 rumlimptelsrt
532 2634 731 2719 animabus
763 2629 993 2748 singularum
1016 2663 1178 2747 puerum
1199 2636 1360 2736 JESUM
1381 2663 1450 2747 per
1472 2632 1663 2722 blandum

216 2766 306 2857 amp
325 2773 452 2830 exum.

232 3010 236 3015 .
336 2933 434 3017 XXI.
492 2932 537 3016 Ι.
575 2959 613 3032 4.
651 2933 701 3024 C.
739 2962 779 3033 4.
838 2928 945 3017 Cum
992 2928 1206 3016 Gertrudes
1242 2957 1290 3013 ex
1332 2955 1448 3033 motu
1474 2926 1664 3041 pulsuum,

218 3045 365 3162 quibus
384 3044 463 3130 stne
484 3045 753 3131 intermilstnne
780 3045 1013 3129 movebatur
1041 3071 1110 3127 cot
1132 3042 1328 3140 divinum,
1351 3040 1536 3145 ineffabili
1553 3042 1665 3130 ¹delt-

222 3169 392 3250 ursione
410 3155 643 3258 afficeretur,
672 3163 768 3244 dixit
793 3161 842 3241 ad
862 3165 905 3240 B.
936 3160 1146 3257 Joannem:
1182 3161 1376 3268 Nunquid
1407 3162 1666 3242 &tuborum

220 3273 397 3389 pulsuum
421 3273 557 3356 sensisti
588 3267 934 3367 delectamentum,
970 3273 1064 3353 dum
1084 3276 1124 3351 in
1146 3297 1258 3354 coena
1276 3267 1386 3381 super
1405 3273 1514 3356 idem
1533 3282 1666 3383 petius

220 3390 424 3475 recubuisti
439 3393 466 3470 i·
515 3382 748 3498 Respondit:
779 3391 899 3472 Etiam
930 3380 1057 3469 fateor
1075 3380 1178 3467 senst-
1310 3485 1314 3491 ι

338 3578 457 3660 xxll.
512 3576 556 3658 1„
582 3581 685 3675 40.
711 3601 748 3676 5.
804 3576 979 3659 Christus
1013 3571 1155 3658 blande
1178 3567 1217 3655 se
1241 3576 1280 3654 dr
1313 3570 1420 3681 quafi
1449 3575 1490 3655 in
1519 3576 1667 3687 imperu'

223 3694 346 3782 divini
370 3693 510 3775 amoris
525 3687 575 3771 ad
597 3689 830 3773 Gertrudem
856 3686 1040 3773 inclinans
1068 3685 1191 3771 inlisit
1212 3691 1270 3768 ori
1292 3690 1428 3768 animae
1454 3692 1534 3793 ejus
1560 3685 1667 3771 oscu-

224 3802 357 3898 eulum
377 3810 534 3886 vincens
564 3797 686 3885 mellis
710 3800 896 3914 poculum
918 3804 1068 3885 dicens:
1111 3803 1211 3882 Ecce
1231 3797 1393 3910 imprellt
1415 3803 1473 3881 ori
1495 3828 1569 3883 tuo
1597 3829 1666 3885 no·

224 3944 466 4010 men‘menm
495 3912 774 4026 dignillimum,
814 3917 927 4028 qnod
955 3911 1081 4112 palam
1107 3910 1279 4025 portabis
1306 3938 1438 3994 coram
1472 3915 1669 4000 omnibus.

972 4028 1063 4114 abio
1088 4050 1223 4133 numae
1250 4020 1322 4109 sue
1352 4029 1475 4108 aureis
1505 4031 1544 4108 dt
1575 4031 1668 4111 vivis

225 4042 299 4127 tus
318 4036 429 4122 dialis
454 4035 645 4143 comperit
672 4037 711 4115 in
744 4027 929 4145 superiori

1536 4132 1668 4225 litteris
