3772 4988
437 303 796 445 Rraefatiotte's&
819 314 923 413 vira
944 233 1110 415 Micia
1127 312 1181 413 de
1204 316 1400 451 Agreilae.
1531 347 1648 456 '487

187 530 312 647 ptum,
327 524 537 642 gaudebat,
549 530 587 606 ὰ
598 519 813 638 aliquando
826 521 876 607 sic
890 518 1150 634 abripiebatur
1158 518 1301 635 spiritu,
1312 549 1356 608 ut
1367 521 1580 618 elevaretur
1596 538 1637 621 in

188 644 325 740 altum,
349 649 386 726 ἃ
410 638 776 753 patereturficiasin.
834 670 874 737 4.
906 641 1015 731 Deus
1028 640 1119 723 dein
1139 636 1176 719 le
1196 635 1481 728 familiariorem
1500 642 1554 730 illi
1570 676 1640 734 ex·

188 763 314 847 hibuit
330 787 399 869 per
418 759 690 866 apparitiones,
702 747 974 849 revelationes,
987 759 1024 835 ἃ
1037 747 1196 837 riuales.
1241 756 1372 839 Primo
1387 762 1428 840 B.
1441 765 1639 874 Virginem

188 881 286 962 uidit
310 888 417 956 1620
439 871 615 956 Sabbato
634 870 719 980 post
744 870 1022 957 Pentecostenr
1048 893 1135 949 cum
1156 872 1260 951 enim
1281 896 1435 979 granta
1457 878 1639 964 affliulio·

188 1016 240 1077 ne
259 985 437 1074 clamaret
451 986 503 1069 ad
518 987 749 1076 Dominum,
764 984 916 1068 dicens:
943 983 1130 1081 Domine,
1205 983 1246 1066 id
1258 990 1332 1090 ianr
1343 990 1383 1069 in
1395 981 1462 1071 tali
1474 974 1638 1080 statu'in·

189 1101 361 1218 cipiam?
386 1127 493 1210 rapta
506 1101 558 1183 est
571 1102 611 1181 in
629 1097 788 1197 unam,
803 1095 871 1180 ubi
885 1095 908 1183 ὲ
922 1097 1045 1181 corde
1066 1103 1117 1182 ab
1206 1125 1249 1180 us
1265 1096 1393 1183 omnii
1410 1129 1571 1205 moeror,
1593 1113 1634 1194 δι
1702 1098 1706 1107 ’

188 1246 292 1305 tanta
306 1215 425 1302 infula
444 1210 645 1308 exultatio,
663 1239 703 1295 ut
720 1207 773 1295 illi
793 1238 875 1317 non
893 1216 1062 1322 potuerit
1084 1208 1186 1297 resrll
1287 1214 1431 1313 ptiamsr
1455 1204 1653 1327 voluerit„

189 1337 294 1421 Dein
310 1331 403 1416 vidit
418 1336 459 1415 Β.
479 1335 690 1437 Virginem,
707 1353 749 1409 ut
766 1330 1018 1438 accipientem
1039 1355 1107 1409 cor
1136 1238 1371 1455 usae
1388 1332 1520 1417 Cruce
1535 1341 1576 1420 in
1588 1337 1635 1423 fi.

189 1476 278 1538 num
299 1443 419 1531 fuum.
472 1447 644 1555 Postqua
675 1444 679 1449 ’
810 1468 856 1526 ac
877 1438 950 1538 fuit
970 1442 1084 1527 inlitu
1126 1469 1146 1526 a
1169 1444 1433 1551 dejeratio
1457 1456 1633 1537 omnium

189 1569 382 1661 uirtutum,
395 1559 598 1643 videbatur
619 1553 645 1640 il
861 1552 1125 1642 ivinuninfans
1149 1556 1311 1654 brachio
1332 1554 1401 1642 suo
1414 1555 1470 1644 illi
1491 1567 1635 1653 emmat'

189 1672 647 1785 otepectore,idquec
805 1695 1035 1783 commutet,
1045 1675 1084 1754 in
1097 1697 1177 1786 qua
1193 1677 1504 1760 commutatione
1520 1675 1631 1768 senfit
1730 1712 1733 1719 ·

190 1789 435 1881 dulcillimum
460 1784 653 1871 dolorem.
709 1788 822 1897 Hane
841 1790 1002 1897 primam
1026 1786 1172 1871 Eulalin
1192 1785 1329 1869 habuit
1346 1791 1389 1897 in
1415 1784 1529 1876 Cella
1553 1791 1629 1884 sua.

190 1913 313 1997 lubae
325 1898 732 1989 consolationemansrt
744 1926 870 2014 usquc
879 1900 931 1984 ad
939 1897 1075 1985 festum
1087 1904 1126 1984 S.
1136 1895 1400 2015 Magdalenae;
1426 1908 1467 1987 &
1484 1908 1534 1988 ab
1549 1909 1629 1995 hoc

190 2048 375 2135 tempore,
402 2045 487 2132 quo
509 2040 589 2101 erat
611 2013 846 2099 oblodecim.
857 2020 1006 2100 circiter
1016 2040 1242 2117 annorum,
1268 2011 1416 2102 eunies
1432 2025 1626 2131 pemub

190 2133 472 2231 continuirunt,
487 2137 603 2217 etiam
621 2126 689 2215 lub
704 2127 965 2217 funclionibus
987 2124 1152 2242 publicis
1176 2155 1310 2217 coram
1333 2142 1627 2241 communitate,

190 2249 351 2340 lrsubS.
366 2249 675 2332 Communione.
730 2251 775 2328 ln
792 2245 983 2352 ejusmodi
998 2244 1191 2331 Euafibus
1205 2248 1629 2357 corputremanfitfine

191 2365 286 2454 'cusu
301 2371 339 2447 8(
353 2388 479 2449 ιιιοιιι.
533 2361 764 2446 conabatur
776 2362 938 2474 quidem
960 2363 1033 2443 hos
1048 2386 1178 2471 raptus
1200 2385 1387 2461 auertere,
1408 2362 1501 2448 dum
1515 2359 1628 2454 senfit

191 2508 318 2570 totum
337 2485 455 2577 initia,
472 2482 524 2560 ita
538 2500 581 2558 ut
595 2480 708 2557 etiam
732 2470 950 2585 sanguinem
972 2500 1043 2557 ore
1070 2479 1223 2581 ejecerit
1236 2500 1313 2586 prae
1330 2472 1541 2565 resistentia
1559 2504 1627 2565 νε·Ι

191 2598 397 2694 rementia,
424 2589 557 2675 frustra
586 2614 729 2672 tamen.
789 2594 891 2671 Hinc
918 2589 1227 2702 Deumprccata
1246 2588 1320 2685 est,
1339 2610 1382 2672 ut
1399 2590 1468 2676 has
1485 2597 1624 2706 gratier

191 2708 308 2801 'altem
326 2729 410 2792 non
425 2704 618 2790 conferret
638 2729 726 2786 cum
743 2699 856 2815 lignis
876 2709 1098 2811 extemis:-

195 2900 198 2907 .
292 2832 335 2927 p.
362 2856 424 2906 ιο.
452 2823 591 2931 Itaque
610 2843 771 2930 magnus
789 2814 974 2904 tumultus
992 2826 1199 2930 propterea
1216 2780 1440 2927 exori*
1460 2822 1500 2905 in
1514 2844 1624 2909 com·

192 2947 376 3027 nunitate.
433 2929 641 3029 Moniales‚
655 2960 742 3045 quae
759 2935 878 3016 statim
892 2933 942 3016 ab
956 2937 1069 3017 initio
1088 2928 1143 3015 illi
1158 2957 1266 3017 erant
1280 2937 1490 3033 emittariae,
1511 2941 1623 3028 omni

192 3058 305 3143 ludio
323 3050 607 3146 examinabant,
623 3073 670 3145 an
684 3043 776 3131 effer
792 3074 881 3130 veta
897 3046 1047 3134 Euam.
1107 3049 1267 3158 Corpus
1282 3044 1562 3161 aliquantulum
1580 3076 1622 3136 e·

194 3199 232 3257 at
244 3166 589 3259 elevatumircrra,
601 3161 786 3245 luctamen
798 3188 839 3246 ut
850 3186 987 3247 tertam
1003 3185 1243 3277 contegeret,
1255 3185 1334 3245 etat
1343 3158 1623 3271 infenfibilein·
1785 3200 1789 3207 ·

193 3278 249 3373 hi
263 3286 473 3377 cadaveris,
486 3285 526 3362 δι
543 3303 622 3360 tam
635 3272 912 3372 leve,utinstar
930 3273 1015 3362 folii
1028 3281 1201 3388 potuerit
1214 3279 1363 3360 moveri
1382 3271 1467 3362 lolo
1484 3274 1620 3369 halitu.

193 3398 317 3487 lultus
332 3391 534 3482 eratsolito
546 3389 752 3476 formosior
765 3374 1122 3479 u‘modeluuimut.
1177 3382 1325 3476 eunies
1343 3392 1621 3496 eiusmodidu·
1700 3470 1708 3488 ,

193 3519 310 3603 ibant
321 3513 470 3595 duabus
486 3510 657 3593 tribusve
677 3509 804 3597 umisa
830 3510 869 3588 δι
888 3507 1137 3591 causabantur
1156 3505 1360 3591 occasione
1374 3508 1414 3592 S.
1427 3512 1620 3593 Commu·

194 3634 314 3726 ionis,
326 3653 389 3709 aut
400 3623 578 3707 lectionis
595 3619 657 3703 vel
670 3615 861 3732 colloquii
875 3615 1084 3732 spiritualis,
1095 3620 1332 3706 coturnica.
1349 3701 1357 3713 ,
1394 3652 1430 3707 ι.
1445 3624 1552 3707 Cum
1564 3620 1620 3708 le·

194 3743 251 3832 iel
269 3737 529 3828 Confellarius
556 3739 715 3821 existens
733 3740 774 3819 in
798 3739 860 3817 via
876 3738 926 3819 ad
946 3737 1217 3820 monasterium
1235 3736 1418 3847 audiret,
1437 3762 1524 3821 earn
1537 3733 1621 3837 'elle'

194 3894 210 3949 1
225 3857 367 3945 anm
394 3863 494 3938 intus
510 3857 548 3935 in
560 3857 689 3934 animo
705 3846 758 3932 illi
770 3854 961 3961 precepit,
973 3874 1015 3934 ut
1027 3850 1064 3932 le
1076 3848 1270 3935 conferret
1282 3849 1333 3932 ad
1346 3844 1619 3942 Parlatoriuurl

194 3972 290 4061 ,uod
311 3976 431 4055 statim
450 3965 606 4053 factum.
664 3966 773 4049 ldem
793 3990 957 4075 expertae
978 3960 1332 4105 luntjuperiorilla,
1354 3968 1394 4044 &a
1413 3959 1508 4063 alie,
1520 3986 1620 4078 ‘qlia-¹

194 4111 349 4181 metat
361 4093 400 4169 in
411 4080 512 4168 illam
523 4085 739 4195 imperium.
793 4082 929 4164 Statim
942 4085 1043 4165 enim
1056 4081 1107 4176 ad
1120 4082 1312 4185 ejusmodi
1324 4079 1551 4162 mandatuin
1561 4080 1622 4207 im

195 4231 326 4297 'num
348 4202 402 4288 “l
428 4197 467 4287 se
491 4226 541 4288 ‘¹
566 4222 677 4314 ωΡιιι
693 4191 842 4286 reversa
867 4196 1155 4315 obtemperavit
1172 4196 1392 4347 impetenti.
1418 4219 1496 4397 ¹,P
1514 4192 1623 4395 [ἐξ
