3796 4994
517 302 854 436 Observationes
869 306 931 405 ad
939 309 1091 407 Reve‘l.
1113 308 1166 408 de
1184 310 1374 445 Agraria.
1560 313 1624 440 56
1633 347 1655 433 3
1776 336 1780 345 ’

337 544 401 602 ιο.
433 511 668 598 obedientia
689 542 798 598 coeca
824 540 913 626 erga
942 515 1229 626 Superiores&
1259 512 1520 599 Confellatios
1545 542 1663 598 eous·
1751 536 1757 551 ¹

216 656 298 744 que
318 629 625 723 commendatur,
659 653 700 712 ut
722 628 746 711 sr
771 634 857 742 quis
884 624 955 711 illis
978 630 1152 726 obediat,
1178 658 1227 714 ne
1248 633 1409 745 quidem
1423 628 1534 742 poliat
1549 634 1663 717 errari

215 739 472 829 materialiter.
515 741 657 830 Praefat.
675 741 725 825 ad
742 748 842 826 Part.
859 773 892 826 r.
911 746 961 826 Ν.
977 766 1014 839 8.
1043 749 1091 828 Et
1109 745 1175 828 ista
1195 773 1361 860 quoque
1381 740 1526 858 Regula
1538 736 1664 857 ex'pli·

216 858 353 957 canda,
370 884 419 940 ne
443 853 577 940 serviat
595 856 645 938 ad
665 853 961 941 fundamentum
980 857 1195 971 Quietilmi.
1469 951 1472 957 A

338 999 403 1056 ιι.
429 974 588 1055 Ponitur
603 975 644 1054 in
661 971 719 1055 his
738 964 1145 1058 Revelationibushaec
1159 965 1326 1085 Regula:
1356 971 1530 1084 Quando
1551 973 1665 1059 Con·
1686 1052 1691 1069 ,

214 1082 351 1172 feisarii
375 1090 414 1168 δι
437 1086 668 1195 Superiores
689 1085 908 1196 approbant
934 1082 1216 1183 Revelationes,
1230 1111 1296 1173 aut
1315 1081 1405 1170 alias
1417 1092 1569 1199 gratias,
1581 1112 1664 1171 tan·

214 1228 334 1315 quam
361 1203 633 1311 provenientes
654 1196 678 1284 al
705 1204 823 1295 De0,
854 1200 975 1282 debet
999 1201 1219 1284 indubitato
1244 1201 1370 1297 credi,
1397 1228 1460 1285 eas
1482 1199 1661 1286 venirei

215 1322 321 1403 Deo.
348 1320 389 1399 Ρ.
411 1344 447 1398 2.
465 1316 517 1396 N.
539 1339 662 1409 1179.
749 1317 842 1396 Haec
864 1308 1010 1426 Regula
1025 1312 1100 1397 stne
1121 1308 1350 1397 limitatione
1376 1311 1498 1426 pollet
1519 1313 1594 1398 elle
1608 1315 1665 1400 se-

215 1432 407 1526 ductoria,
423 1427 589 1512 maxime
612 1450 719 1528 tunc,
749 1427 913 1540 quando
934 1427 1085 1540 ipsimet
1106 1423 1335 1514 Confeilatii
1356 1454 1422 1513 aut
1436 1433 1665 1540 Superiores
1754 1531 1762 1541 ο

214 1545 352 1656 jubent
366 1544 579 1654 investigati
603 1535 749 1629 curiosa
768 1540 793 1626 i
816 1544 922 1641 Deo,
946 1568 1065 1654 prout
1084 1544 1215 1657 laepius
1236 1538 1434 1629 fabiumin
1456 1543 1515 1629 hie
1535 1550 1665 1630 Reve-

216 1656 426 1745 latiombus
452 1660 618 1741 videtur.

199 1832 211 1857 2
336 1801 402 1859 ιι.
432 1777 475 1856 Β.
500 1776 622 1882 Virgo
644 1768 757 1853 dixit:
785 1771 1036 1883 Extinguatur
1062 1774 1188 1854 omnis
1209 1764 1368 1853 affedlus
1394 1775 1433 1854 &
1455 1768 1664 1882 propenfio

216 1885 268 1974 ad
283 1882 399 1972 ullam
424 1910 646 1971 creaturam.
718 1890 860 1993 omne,
876 1885 1086 1967 humanum
1116 1881 1293 1968 solatium
1325 1886 1378 1969 est
1410 1883 1666 1996 imperfedlio.

172 2104 175 2111 Ι
216 1998 354 2087 Solum
374 1996 472 2086 illud
486 1993 666 2084 solatium
689 1997 969 2083 admittendum
986 2002 1052 2097 est,
1077 1998 1190 2113 quod
1211 1997 1459 2085 immittituri
1476 2002 1581 2099 Deo,
1601 1991 1666 2082 vel

219 2116 270 2202 ab
284 2113 439 2230 angelo.
465 2120 506 2199 P.
528 2144 565 2199 a.
590 2117 644 2197 N.
664 2141 782 2222 ¹37⁸·
854 2119 946 2198 Haec
965 2113 1141 2198 docirina
1162 2109 1402 2224 explicanda,
1421 2141 1471 2198 ne
1491 2107 1535 2198 sit
1559 2139 1667 2198 erro·

217 2258 314 2320 neat
342 2258 473 2342 neque
496 2233 606 2312 enim
627 2222 785 2310 effecius
806 2244 843 2317 v.
865 2255 903 2338 g.
927 2250 1129 2339 parentum
1154 2227 1204 2310 ad
1230 2223 1333 2311 filios
1356 2228 1571 2324 exuendus,
1598 2224 1665 2310 sed

216 2344 490 2427 moderandus.
547 2335 659 2424 Velle
676 2345 831 2444 rejicere
847 2369 1004 2426 omnem
1017 2336 1195 2426 allecium
1210 2344 1264 2424 est
1277 2344 1468 2427 destruere
1479 2361 1666 2441 naturam,
1804 2410 1811 2427 .

218 2462 470 2568 &corrigere
495 2458 739 2539 Creatorem.
1687 2520 1691 2529 ,

339 2599 402 2670 13.
428 2573 548 2652 Maria
566 2569 619 2650 de
637 2566 794 2680 Agreda
811 2568 980 2680 praecipit
1001 2560 1073 2653 luis
1092 2565 1343 2667 Monialibus‚
1363 2593 1429 2666 ut,
1455 2566 1482 2652 st
1509 2566 1667 2654 etiami

216 2686 425 2796 Superiore
452 2682 654 2792 jubeantur
688 2682 888 2766 extradere
927 2678 1125 2794 originale
1151 2687 1259 2790 hujus
1297 2686 1489 2783 Historiae,
1517 2681 1666 2767 tantum
1790 2678 1793 2685 ’

220 2800 374 2883 tradant
401 2801 582 2909 Copiam.
611 2799 724 2906 Epist.
738 2793 1001 2883 adMoniales.
1018 2801 1153 2894 Nax.
1184 2804 1274 2881 Hoc
1295 2800 1479 2882 conuenit
1496 2825 1583 2881 cum
1598 2804 1667 2881 veii

219 2941 260 2998 ta
278 2914 501 2997 obedientia
522 2907 734 2995 difficiliter.

340 3058 405 3129 14.
434 3035 472 3110 B.
501 3032 565 3111 Vir
595 3054 621 3107 ο
642 3029 773 3111 Mariae
790 3023 841 3109 de
860 3024 1016 3137 Agreda
1043 3026 1205 3139 imputat
1228 3025 1279 3110 ad
1306 3020 1473 3137 culpam,
1493 3030 1668 3140 quoties·

220 3170 377 3255 cunque
396 3143 531 3226 audito
556 3054 655 3223 illius
684 3145 845 3224 nomine
868 3169 951 3225 non
978 3144 1055 3252 agit
1079 3145 1215 3254 gratias
1243 3167 1315 3250 pro
1346 3135 1554 3252 privilegiis
1577 3143 1668 3223 huic
1786 3144 1789 3149 ’

219 3259 383 3342 Nomini
409 3252 602 3338 conceiiis.
624 3259 668 3338 P.
691 3283 724 3336 ι.
743 3257 791 3337 Ν.
816 3282 911 3358 343.
972 3260 1061 3337 Hoc
1085 3279 1321 3364 preceptum
1344 3251 1543 3363 personale
1566 3248 1668 3336 diffi-

221 3375 341 3455 culter
354 3373 407 3454 est
420 3361 680 3457 observabiles
708 3392 774 3451 aut
795 3365 899 3452 forte
914 3395 996 3452 non
1014 3364 1265 3480 intelligenda
1283 3361 1395 3476 culpa
1411 3363 1667 3476 Theologica.

271 3529 273 3533 ·
342 3492 580 3633 Proposttr'o
611 3535 656 3628 9.
702 3493 801 3646 Hm
816 3493 1172 3600 Revelationes
1206 3503 1472 3600 continent
1504 3503 1667 3599 varias
1704 3637 1712 3644 ἢ

220 3642 612 3778 propofitiones,
638 3669 752 3774 quae
780 3638 971 3750 etiamst
994 3669 1123 3741 verae
1147 3632 1317 3755 effent,
1338 3666 1449 3740 non
1468 3634 1667 3741 videtur

221 3779 429 3888 deeuiile
455 3813 538 3885 eas
565 3776 641 3883 his
671 3776 992 3916 temporibus
1025 3776 1242 3884 revelari.

345 3969 381 4023 1.
410 3895 572 4045 bibliam
594 3930 800 4049 Vulgarum
822 3933 846 4020 i
864 3930 971 4018 mille
992 3939 1066 4042 iam
1089 3938 1199 4017 annis
1213 3937 1251 4030 in
1267 3927 1431 4018 Ecclesia
1444 3926 1596 4044 praelegi
1609 3926 1670 4017 lo-

217 4050 341 4152 litam‚
363 4058 401 4136 dc
423 4053 472 4135 ab
492 4049 574 4164 iplo
595 4046 780 4136 Concilio
800 4049 1033 4137 Tridentino
1055 4076 1129 4158 pro
1166 4042 1231 4132 ulu
1254 4043 1415 4160 publico
1438 4047 1549 4129 unire
1576 4066 1672 4157 prato·

223 4165 414 4299 scriptam,
429 4169 692 4269 condemnare
716 4169 867 4265 errotis,
890 4163 1042 4367 udatur
1060 4188 1146 4246 eam
1161 4188 1359 4276 exponere
1380 4158 1540 4249 irrifioni
1554 4163 1673 4294 haare-

1006 4300 1096 4364 822
1123 4303 1147 4364 2
1569 4299 1670 4365 ΠΕΟ·
