3690 4988
437 112 776 329 (ibsematidner
799 196 860 297 ad
880 132 1032 301 never.
1050 197 1103 298 de
1117 196 1307 333 Agreda
1490 176 1560 331 μ’
1563 232 1588 332 5
1684 130 1689 137 ¹

162 406 306 496 sertid:
326 402 583 493 Plenilunium
597 402 773 493 Paschase
788 406 896 522 apud
909 404 1068 513 Judaeor
1081 434 1186 491 anno
1207 434 1272 507 3¹·
1291 431 1344 509 34
1368 408 1489 510 3141.
1507 434 1593 495 non

164 521 321 608 ncidisse
340 528 379 607 in
408 522 510 605 diem
536 552 600 621 24.
619 552 687 624 ις.
707 521 882 605 &finem
898 527 1039 605 Martii.
1099 520 1274 630 Quande
1301 522 1507 633 Sequetur,
1519 526 1593 607 Ε.-

162 664 227 721 am
250 633 459 749 Vulgarem
479 632 553 719 esse
575 663 720 733 veram,
741 664 830 720 cum
849 660 977 719 tamen
1000 634 1024 721 i
1046 638 1242 718 modernis
1264 630 1593 748 Chronosogistis,

162 781 184 842 ν.
209 780 246 860 g.
264 750 287 835 i
304 758 425 862 Pagio
447 754 487 833 in
509 754 713 863 Apparasrr
728 748 915 837 Chronoso
938 753 1009 850 ico,
1027 755 1065 831 δι
1077 754 1117 833 in
1131 750 1276 835 Critiea
1293 748 1347 833 ad
1359 750 1593 858 Rutunium

162 873 191 950 ³.
207 864 434 949 Alexandro
456 861 589 949 Natali
610 869 650 948 in
680 861 859 977 Historia
874 778 1160 974 ciclefiassicm
1205 869 1249 957 P.
1269 862 1426 948 Nicasro
1456 868 1595 947 Grum-

162 984 276 1063 natici
303 980 371 1064 De
396 979 504 1064 AEra
537 976 725 1095 Vulgari,
751 985 880 1063 Franc.
912 975 1140 1063 Blanchino.
1167 980 1333 1062 Anastas.
1360 972 1593 1065 Bibliothec.

162 1099 262 1177 som.
283 1124 320 1177 a.
343 1093 486 1204 Opusc.
501 1120 541 1191 4.
560 1098 600 1175 &
621 1090 703 1177 asiis
721 1094 1003 1178 demonstratur
1021 1090 1096 1177 esse
1112 1088 1217 1190 fassa,
1242 1092 1408 1202 eoquod
1429 1121 1476 1176 ex
1494 1097 1593 1177 anti·

162 1213 234 1317 puis
251 1207 496 1291 documentis
513 1208 752 1318 Synchronis
769 1209 928 1307 constet,
945 1208 1148 1293 Herodem
1164 1213 1239 1313 jam
1253 1206 1389 1289 obiisse
1407 1234 1509 1291 anno
1520 1212 1591 1311 Ju-

162 1326 252 1404 iano
272 1350 341 1422 41.
361 1328 400 1403 δι
422 1321 506 1404 duo
529 1321 683 1407 Gemini
701 1318 910 1424 Consules,
934 1318 1004 1407 sub
1022 1348 1192 1436 quorum
1221 1318 1417 1405 consulatu
1445 1346 1592 1405 certum

162 1439 200 1519 est
221 1465 269 1521 ex
288 1432 468 1519 consensu
487 1440 657 1532 Parrum,
689 1434 908 1546 Hippoliti‚
928 1432 1169 1529 Tertulliani,
1191 1438 1390 1531 Ladantii,
1418 1431 1614 1548 Chryso.

162 1552 272 1648 iorni,
295 1551 510 1662 Augustini,
536 1555 710 1647 Vidiorii
730 1552 934 1650 Prothcrii,
957 1550 1121 1660 Sulpicii,
1139 1550 1283 1648 Severi,
1312 1552 1433 1645 Lucii,
1454 1552 1592 1635 Cocci-

162 1666 198 1763 ii,
218 1666 414 1749 Christum
433 1661 578 1775 passum
593 1661 681 1761 esse,
697 1660 934 1750 consulatum
947 1667 1021 1769 jam
1034 1661 1210 1775 gesserint
1225 1688 1329 1745 anno
1347 1660 1501 1765 Juliann
1519 1690 1589 1766 73,

162 1805 261 1860 rrout
280 1773 510 1861 Bianchinus
531 1780 574 1863 s„
587 1780 679 1865 CC.
701 1778 951 1877 demonstrat,
963 1776 1006 1862 id
1017 1780 1088 1875 est,
1101 1804 1207 1861 anno
1225 1778 1329 1861 AErae
1350 1770 1515 1891 vulgaris
1535 1796 1586 1875 ιε

162 1887 206 1975 'el
231 1893 281 1977 ad
302 1889 491 1975 summum
518 1923 583 1991 29·

257 2011 298 2091 Si
313 2009 407 2089 vero
423 2034 602 2118 ponatur,
622 2008 817 2093 Christum
835 2032 968 2093 natum
986 2004 1062 2093 esse
1079 2033 1184 2093 anno
1197 2002 1352 2109 Juliano
1368 2026 1438 2109 46,
1453 2002 1589 2119 seque·

162 2146 204 2204 ut
227 2126 374 2233 primo:
403 2124 722 2233 Conceptionem
745 2130 788 2207 B.
811 2126 978 2239 Virginis
1002 2151 1083 2207 non
1110 2118 1308 2235 contigisse
1335 2126 1399 2207 die
1416 2120 1589 2209 sabbati.

162 2233 348 2323 secundo:
378 2238 467 2319 Nec
484 2240 652 2345 Nuptias
663 2240 701 2319 in
722 2240 834 2323 Cana
848 2242 953 2321 Feria
968 2233 1145 2321 secunda.
1203 2239 1363 2321 Tertio:
1384 2242 1475 2321 Tria
1494 2264 1589 2345 pra·

162 2346 221 2432 'ata
238 2346 451 2431 Plenilunia
478 2347 668 2433 Paschalia
687 2376 769 2433 non
796 2349 967 2435 incidisse
985 2355 1023 2435 in
1052 2382 1116 2453 24.
1141 2376 1210 2451 ις.
1233 2358 1273 2432 dc
1300 2350 1418 2435 finem
1444 2353 1600 2437 Martii..

162 2462 318 2567 Quarto:
348 2465 430 2546 Aut
450 2463 648 2575 Agredam
663 2490 745 2546 non
764 2460 873 2547 fuisse
895 2462 1062 2549 secutam
1081 2462 1354 2548 calendarium
1377 2469 1585 2573 Poparumr

164 2576 330 2688 deoque
351 2582 466 2659 etiam
486 2584 525 2660 in
547 2583 677 2689 priore
700 2578 940 2691 Hypothesr,
960 2581 1075 2692 quod
1093 2581 1265 2664 Christus
1283 2603 1394 2663 natus
1416 2576 1459 2661 stt
1478 2602 1601 2661 amto·
1752 2686 1755 2693 Ι

162 2687 297 2772 'uliano
316 2717 384 2792 45,
409 2697 722 2803 conceptionem
746 2702 786 2776 B.
808 2698 975 2806 Virginis
996 2722 1079 2776 non
1098 2694 1271 2776 incidere
1294 2697 1335 2776 in
1360 2696 1464 2777 diem
1489 2692 1585 2775 Sab-

162 2810 242 2891 tatia
283 2830 350 2888 aut
378 2801 550 2889 fisecuta
570 2809 623 2889 est
640 2805 917 2891 Calendarium
940 2816 1135 2919 Poparum
1154 2810 1434 2904 Romanorum,
1468 2811 1585 2891 etiam

162 2920 336 3002 sativitas
351 2920 492 3002 Christi
510 2945 616 3002 anno
638 2917 797 3021 Juliano
812 2937 866 3019 46
889 2950 969 3004 non
989 2922 1125 3005 incidit
1137 2927 1178 3005 in
1198 2921 1303 3005 diem
1321 2925 1586 3005 Dominicam.

162 3034 315 3136 Quinto:
343 3034 550 3144 Sequetur,
565 3034 755 3118 Christum
774 3062 907 3119 natum
924 3034 1000 3120 esse
1018 3040 1293 3149 quinquennio
1312 3038 1402 3143 post
1418 3060 1586 3117 mort-rm

162 3143 1587 3261 {erodisInfanticidae‚trrpotequemconstat,iantobiisseannoJusranoat.

256 3260 383 3368 Quod
407 3260 433 3343 st
457 3258 703 3371 supponatur,
732 3266 928 3349 Christum
958 3290 1091 3347 natum
1111 3259 1187 3345 esse
1205 3288 1309 3345 anno
1329 3256 1485 3365 Juliano
1511 3294 1585 3365 44,

163 3394 207 3453 ur
230 3403 297 3474 43,
318 3398 384 3455 aut
406 3403 473 3474 42.
493 3380 673 3488 sequetur
692 3382 842 3484 primo:
902 3382 991 3461 Nec
1019 3378 1274 3461 Nativitatem
1299 3377 1439 3462 Christi
1457 3382 1586 3462 conti·

166 3480 232 3567 isse
251 3490 316 3569 die
340 3491 560 3589 Dominica,
584 3516 658 3576 nec
674 3494 816 3576 Christi
834 3496 874 3575 dc
894 3496 939 3575 B.
959 3494 1126 3603 Virginis
1148 3508 1313 3575 mortem
1328 3492 1394 3574 die
1414 3496 1586 3581 Venerist

166 3626 215 3683 ec
238 3628 340 3683 anno
351 3599 507 3705 jusiano
529 3634 586 3708 42
605 3610 646 3686 or
664 3630 715 3706 43
734 3609 901 3717 Nuptias
916 3609 955 3689 in
978 3612 1085 3689 Cana
1103 3601 1197 3689 seria
1210 3602 1397 3693 secundat
1426 3632 1499 3689 nec
1515 3633 1586 3689 an-

163 3742 192 3795 o
221 3748 274 3815 44
292 3721 329 3796 &
348 3742 399 3823 43
425 3722 804 3827 conceptionemB.
827 3722 993 3832 Virginis
1010 3720 1075 3803 die
1090 3717 1260 3803 Sabbati.
1314 3722 1509 3830 Sequetur
1527 3716 1584 3801 se·

162 3832 296 4030 ango:
325 3836 413 3912 Tria
432 3830 586 3941 praefata
609 3830 824 3921 Plenilunia
841 3832 1030 3920 Paschaia
1050 3862 1133 3920 non
1154 3829 1353 3947 contigisse
1375 3864 1441 3933 24·
1459 3860 1523 3935 25.
1543 3838 1583 3916 dt
1680 3902 1684 3907 .

248 3969 336 4024 uem
365 3950 505 4031 Martii.

254 4058 294 4138 Si
309 4058 482 4171 denique
495 4064 688 4149 Nativitas
704 4064 847 4153 Christi
866 4060 1054 4157 reseratur
1067 4064 1120 4153 ad
1139 4086 1280 4151 annum
1302 4058 1500 4170 Juiianum
1514 4090 1584 4165 4¹·

209 4186 230 4234 ⁸·
867 4182 951 4265 Sss'
980 4210 1004 4263 a
1427 4206 1499 4291 qo.
1516 4207 1585 4289 394

223 4854 424 4945 sidrliopegrr
440 4865 597 4937 Tibrim
615 4881 686 4951 με.
703 4882 771 4947 ςογ.
786 4861 858 4934 stuic
870 4864 1164 4979 trijungrrprg‘rnrr.
