3772 4988
66 398 71 407 ι
213 218 320 382 104Ι
425 182 431 189 ⁸
596 250 901 355 revelationes
935 260 982 357 S.
1022 252 1265 355 Gertrudirss

206 449 425 572 generatus
454 456 547 569 quia
566 457 714 542 tantdm
739 455 956 570 loquuntur
977 459 1028 542 de
1050 484 1104 559 re,
1124 485 1242 570 quam
1266 484 1339 569 pro
1355 451 1480 570 seipsis
1503 479 1652 567 petunt

208 598 256 656 ea
278 576 382 655 enim
404 566 653 655 infallibiliter
690 572 843 655 dabitur
877 578 1094 685 cuicunque
1119 576 1279 684 petenti,
1301 571 1328 656 si
1352 572 1467 666 bene,
1496 578 1534 653 dc
1560 598 1654 654 con·

208 685 349 781 stanter
370 708 472 779 orer,
491 690 532 767 dc
559 685 759 768 sibonum
792 685 859 795 ipsi
881 685 923 769 sit
948 690 988 768 in
1020 686 1159 770 ordine
1188 682 1260 768 suae
1283 689 1512 780 vocationis,
1542 685 1654 797 quod

209 802 329 911 petits
366 798 446 881 Sed
473 796 737 905 promissiones
765 800 1031 883 Gertrudianae
1057 795 1142 882 sunt
1174 796 1373 909 generales
1394 825 1468 908 pro
1491 802 1653 909 quibus·

209 936 368 1020 cunque
395 909 577 1021 personis.
662 913 743 995 Sed
765 913 1103 1022 respondendum,
1138 919 1252 994 etiam
1271 940 1311 994 tn
1329 913 1531 1021 seripturis
1557 941 1595 995 v.
1620 939 1656 1024 g.

210 1019 364 1132 Moyse,
392 1029 431 1105 dt
457 1026 662 1134 Prophetis
683 1025 765 1108 dari
782 1023 962 1136 plurimas
983 1023 1260 1136 promissiones,
1286 1050 1448 1136 quarum
1471 1034 1653 1111 ,executio

241 1135 464 1221 cudebats
501 1138 793 1222 conditionibus
834 1141 985 1222 homini
1019 1142 1255 1251 incognitis,
1291 1161 1356 1220 aut
1391 1132 1485 1221 aliis
1520 1143 1656 1224 tacitis.

268 1244 324 1332 let
348 1253 456 1333 Deus
476 1244 592 1363 loqui
611 1277 699 1334 cum
724 1248 794 1335 suis
817 1248 1064 1335 familiaribus
1089 1257 1128 1336 in
1150 1253 1323 1334 terminis
1346 1245 1592 1362 generalibus
1609 1251 1658 1335 ad

184 1376 190 1387 “
211 1361 475 1457 insinuandam
494 1362 597 1449 suam
617 1363 914 1476 propensionem
941 1361 1163 1461 voluntatis,
1185 1360 1413 1447 reservando
1439 1387 1571 1450 temen
1594 1391 1658 1450 cx·

212 1472 465 1591 plicationem
490 1504 535 1563 ac
557 1474 827 1565 limitationem
856 1504 1032 1592 congruo
1054 1482 1224 1589 tempori
1252 1483 1292 1561 dc
1317 1474 1423 1560 loco.

327 1706 397 1790 Ν.
453 1704 497 1789 1.
518 1728 556 1788 1.
579 1706 628 1791 C
657 1731 723 1804 15·
750 1704 923 1788 dicitur:
977 1698 1162 1788 Permulti
1194 1703 1246 1787 ad
1262 1701 1503 1787 Gerrrudem
1532 1707 1658 1816 perin-

215 1814 272 1902 'de
302 1816 422 1903 acad
449 1817 623 1919 divinum
647 1814 861 1920 oraculum,
896 1816 989 1901 dum
1019 1820 1058 1899 in
1078 1817 1267 1928 ambiguis
1290 1819 1529 1916 fluctuarent,
1553 1841 1658 1904 acce·

68 2026 71 2035 y
245 1936 318 2015 turi
355 1929 552 2015 consilium
587 1925 762 2015 solebant
798 1928 1041 2043 confugeres
1082 1929 1314 2042 potissimum
1344 1953 1470 2012 autem
1499 1936 1555 2027 ii,
1592 1934 1659 2043 qui

215 1956 400 2155 scrupulis
416 2042 656 2155 angebantur
681 2044 914 2140 haesitantes,
950 2043 1190 2127 deberentne
1212 2065 1372 2154 propter
1398 2071 1518 2126 unum
1539 2037 1659 2127 aliud·

216 2182 282 2256 vc,
312 2182 396 2268 quo
422 2157 693 2257 movebantur,
718 2158 741 2240 i
765 2157 887 2257 Sacrae
912 2158 1147 2240 Eucharistiae
1172 2159 1424 2268 perceptione
1460 2156 1658 2255 abstinere,

250 2295 394 2353 uotum
420 2265 592 2380 fingulis‚
620 2270 834 2382 quomodo
875 2270 1125 2382 expediebat,
1152 2265 1314 2351 suadens
1345 2269 1557 2353 inducebat
1594 2295 1661 2353 eos

217 2296 332 2494 siper
354 2378 610 2467 misericordia
640 2385 718 2466 Dei
743 2381 956 2467 confidere.
1037 2378 1289 2495 Aliquando,
1327 2382 1421 2463 dum
1459 2407 1659 2480 metueret,

220 2520 273 2581 ne
295 2490 594 2608 presumptionis
626 2495 878 2608 proptereat
907 2497 999 2580 Deo
1022 2520 1256 2606 argueretur,
1276 2497 1469 2578 Dominus
1493 2522 1582 2578 eatn
1607 2499 1662 2578 liis

220 2608 351 2693 verbis
389 2602 607 2693 consolatus
646 2611 711 2693 est.
795 2604 893 2695 Noli
930 2614 1076 2692 timere.
1165 2607 1393 2706 Omnibus,
1423 2614 1493 2719 qui
1526 2636 1597 2721 per
1625 2633 1662 2691 te

220 2715 415 2807 humiliter
448 2749 495 2806 ac
538 2721 685 2807 devote
725 2748 790 2806 me
826 2746 1025 2837 quaerunt,
1059 2747 1136 2831 ego
1167 2749 1237 2831 per
1269 2745 1310 2804 te
1343 2725 1457 2803 etiam
1487 2725 1580 2807 vere
1606 2749 1663 2805 re·

220 2832 411 2948 spondeo.
493 2840 556 2919 Tu
593 2862 759 2949 quoque
788 2862 838 2920 ex
873 2862 938 2920 me
967 2832 1253 2946 promissionem
1287 2836 1387 2919 hanc
1413 2831 1543 2920 secute
1569 2840 1665 2919 acci·

219 2974 285 3062 pe.
341 2950 572 3061 Nunquam,
601 2976 720 3061 quem
752 2976 830 3062 ego
849 2951 1083 3033 sacramenti
1117 2949 1290 3060 corporis
1312 2953 1352 3030 dt
1376 2944 1567 3061 sanguinis
1591 2952 1666 3033 mei

219 3064 514 3175 participatione
541 3061 742 3175 indignum
771 3061 1007 3172 judicavero,
1035 3065 1267 3175 permittam,
1294 3085 1337 3144 ut
1367 3089 1441 3172 pro
1466 3062 1605 3146 haere
1628 3085 1666 3145 te

223 3170 463 3261 consulturus
489 3176 660 3260 accedat.
747 3183 881 3288 Quare
915 3181 981 3272 iis,
1011 3202 1117 3290 quos
1140 3176 1190 3258 ad
1219 3197 1260 3257 te
1295 3179 1435 3272 mitto,
1464 3174 1666 3259 timoribus

224 3289 264 3369 dc
285 3282 464 3396 scrupulis
479 3312 657 3399 gravatos
675 3288 845 3374 securum
864 3293 1040 3373 nuntiato
1057 3290 1109 3371 ad
1129 3314 1193 3372 me
1213 3283 1422 3376 accellums
1449 3284 1545 3372 nulli
1567 3294 1668 3372 enim

223 3399 367 3483 horum
394 3404 450 3482 tui
479 3405 598 3510 gratia
625 3401 745 3487 sinum
783 3427 913 3486 meum
948 3425 1150 3512 paternum
1177 3394 1422 3512 praecltrdam.
1504 3401 1585 3485 Sed
1613 3398 1669 3487 su·

225 3536 295 3623 pra
316 3516 450 3622 patuit,
476 3515 606 3596 Deum
628 3516 815 3600 Gertrudi
836 3512 932 3626 sepe
949 3509 1160 3598 consulenti
1180 3540 1262 3597 non
1291 3510 1354 3596 res
1374 3510 1537 3599 ondilse.
1567 3518 1669 3600 Dein

286 3543 1671 3734 cpromissioadditconditionedeettrudeincognosdibilem,eamvi·

255 3735 389 3831 elicct,
424 3738 538 3849 quod
566 3737 610 3823 stt
638 3744 730 3828 vere
760 3736 980 3855 responsura
1021 3740 1371 3853 interrogantibus,
1395 3742 1430 3852 fi
1457 3739 1601 3828 lt'Deo
1623 3738 1675 3829 ad

145 3945 148 3949 .
223 3844 467 4059 fflmdl'ss
486 3854 699 3944 mittantur.
756 3855 837 3944 Sed
868 3855 950 3941 ltaec
967 3850 1171 3941 reservatio
1206 3855 1479 3942 conditionum
1502 3863 1673 3965 ejusmo-

322 3987 407 4056 ecet
470 3992 573 4054 eum.

1474 4085 1528 4173 V.
1573 4089 1679 4176 1..r.
