3772 4988
104 338 109 353 .
218 288 316 390 392
591 253 791 361 Revelat.
808 254 861 356 de
875 259 1060 393 Agredd.
1076 268 1259 361 Paersll,

212 478 215 482 “
257 548 263 557 ,
335 470 458 565 1336.
482 456 635 547 Lucifer
657 485 701 545 nt
720 461 833 559 vidit,
854 460 893 548 se
915 492 996 548 non
1017 462 1124 575 posse
1142 463 1333 576 impedire
1348 487 1525 550 mortem
1543 462 1645 546 Clrri·

121 614 122 619 ι
217 576 276 671 lli,
298 572 511 669 laboravit,
536 601 579 659 ut
603 574 848 688 perficeretur
871 581 996 660 modo
1020 578 1286 663 crudeliffimo.
1344 580 1413 661 Ad
1435 575 1648 690 flagellatio·

216 716 306 774 nem
334 688 490 772 fuerunt
512 686 652 774 delesti
672 686 734 770 sert
751 690 944 774 carnifices
968 697 1142 774 omnium
1165 691 1421 776 robustissimi.
1480 685 1650 804 flagelli·

214 808 273 888 tio
305 801 405 885 salia
425 802 479 884 est
496 803 535 882 in
556 810 669 898 atrio,
687 797 750 885 seu
768 805 808 885 in
836 799 1147 888 deambulatorio
1169 804 1323 905 doniis,
1343 806 1414 888 ubi
1435 801 1648 890 malefido

214 942 277 1000 res
295 910 471 1000 solebant
490 920 664 1029 torqueri
680 910 865 1026 equuleo.
934 919 1088 1002 Attium
1107 942 1186 1003 etat
1201 917 1487 1002 circumdatum
1512 911 1646 1001 colun

215 1032 297 1116 nise
322 1054 486 1142 quarum
508 1034 574 1114 uni
590 1024 764 1141 alligatus
782 1027 856 1114 snit
872 1031 1059 1116 Christus.

336 1199 458 1276 1337·
487 1173 619 1256 Primo
639 1175 789 1257 exuitur
806 1173 911 1255 veste
932 1169 1042 1266 alba,
1060 1196 1139 1285 qua
1162 1169 1235 1255 fuit
1258 1171 1423 1256 indutus
1452 1171 1506 1255 ab
1532 1177 1643 1256 Hero·

215 1283 280 1370 de.
366 1287 472 1369 Dein
509 1281 751 1369 resolvuntur
782 1281 956 1382 vincula,
981 1284 1121 1397 quibus
1143 1282 1281 1396 ligatus
1301 1282 1375 1368 suit
1404 1289 1449 1369 in
1471 1283 1642 1372 ornem

215 1404 256 1481 de
275 1423 409 1484 eorum
431 1392 664 1483 resolutione
682 1397 838 1482 fuerunt
860 1421 1046 1482 renovata
1069 1393 1238 1482 vulnera.
1294 1398 1562 1484 Postmodum
1586 1397 1643 1482 suit

212 1508 327 1615 iussus
350 1538 492 1597 exueoe
514 1508 617 1596 suam
644 1515 825 1606 tunicam,
840 1506 1131 1601 inconsutilemt
1172 1536 1261 1594 nam
1284 1507 1408 1621 pullio
1432 1518 1513 1619 iam
1536 1511 1642 1597 fuent

213 1621 394 1739 spoliatus
411 1630 451 1710 in
473 1621 649 1710 oliveto.
712 1627 842 1709 Paruit
877 1625 1076 1721 Christus,
1112 1651 1157 1708 ac
1178 1627 1299 1735 coepit
1322 1623 1360 1709 se
1376 1634 1378 1637 ’
1393 1652 1566 1715 exueret
1589 1622 1641 1708 sed

214 1766 303 1823 curn
326 1737 521 1824 camisices
540 1739 741 1847 crederent
765 1738 863 1822 trahi
886 1762 1057 1836 moram,
1081 1737 1230 1850 ipsimet
1254 1738 1455 1823 violenter
1481 1740 1642 1825 detraxe·

211 1878 300 1938 runt
318 1856 471 1936 vestem.
528 1854 644 1937 Stetit
662 1857 794 1963 itaque
808 1874 916 1934 torus
932 1850 1070 1945 nudus,
1088 1851 1156 1936 nisi
1175 1851 1286 1962 quod
1302 1849 1421 1936 suerit
1440 1858 1585 1938 cinctus
1597 1848 1616 1933 s
1628 1900 1640 1915 ·

212 1971 421 2064 micinnio,
431 1991 515 2078 qno
527 1960 634 2048 illurn
649 1988 770 2073 mater
786 1964 961 2048 induerat
976 1967 1016 2047 in
1033 1967 1223 2078 AEgyptm
1237 1965 1437 2079 quodque
1454 1992 1545 2051 cum
1561 1960 1641 2079 ipso,

28 2081 31 2084 ’
211 2085 327 2163 uti&
348 2075 426 2190 ipsa
446 2102 541 2189 toga
565 2103 653 2163 curn
677 2075 826 2177 calceis,
846 2100 1029 2162 creverat.

332 2244 454 2325 1338·
482 2221 632 2319 Audio,
679 2214 830 2304 uod-ali
862 2226 901 2304 ui
924 2221 1121 2305 Doliores
1139 2215 1360 2333 scripserint,
1395 2224 1637 2310 Christumin

144 2381 147 2387 1
210 2335 460 2421 ‘crucifixione
481 2342 521 2419 δι
546 2248 807 2448 flagellatione
881 2330 1145 2419 'etotaliter
1169 2334 1331 2421 nudum.
1385 2337 1472 2421 Sed
1494 2367 1579 2425 curn
1600 2364 1637 2422 α

210 2448 437 2534 obedientia
459 2449 512 2535 de
534 2450 607 2533 hac
628 2477 671 2535 re
690 2451 987 2562 interrogarem,
1007 2442 1203 2546 intellexi,
1226 2448 1426 2535 Christum
1458 2453 1633 2537 omnitin

210 2559 250 2648 se
268 2559 493 2674 permifisse,
522 2587 609 2676 quae
638 2590 719 2647 non
743 2559 895 2647 fuerant
924 2585 1057 2646 contra
1085 2563 1336 2647 honestatem.
1421 2563 1632 2652 Revelatun

210 2680 326 2758 etiam
345 2680 439 2761 mihi
467 2678 532 2773 est,
585 2676 667 2760 uod
687 2677 881 2760 carnifices
899 2702 1052 2772 omnes,
1070 2699 1166 2759 unus
1183 2678 1273 2786 post
1294 2671 1461 2762 alterum
1477 2704 1631 2766 tentave-

208 2789 297 2888 rint,
320 2786 387 2899 ipsr
405 2782 544 2872 tollere
554 2703 858 2889 lemieinllium,
881 2783 947 2872 sed
971 2813 1106 2872 eorum
1124 2782 1259 2872 munus'
1282 2814 1328 2883 ac
1355 2789 1629 2881 brachieobti·

187 2910 390 3016 guttum,
406 2926 449 2985 ut
472 2905 634 3014 contigit
659 2904 698 2985 in
721 2925 873 2986 carcere
888 2905 928 2984 in
946 2901 1072 2985 domo
1095 2904 1276 3014 Cayphae.

328 3073 452 3150 ¹339·
496 3037 757 3128 Successenrnt
772 3043 822 3173 'in
848 3037 1109 3155 flagellatione
1138 3042 1286 3176 semper
1312 3041 1400 3177 duo
1441 3004 1628 3148 moisen,

116 3236 118 3240 ’
178 3161 281 3354 :ill
297 3151 1140 3358 ‘i‘linislrnlslllnlllnll?
1156 3153 1628 3363 midlmlilliliil

207 3300 326 3469 sulull¹
350 3410 489 3468 munus
516 3387 667 3467 executi
694 3379 778 3467 sunt
810 3378 929 3467 craffn
965 3410 1010 3466 ac
1036 3381 1195 3468 nodosis
1222 3378 1413 3486 funibus,
1435 3416 1488 3474 err
1509 3392 1628 3504 quibu

210 3500 289 3580 orti
316 3501 444 3608 magni
461 3519 646 3610 tumores.
731 3491 804 3582 His
830 3493 1044 3609 defatigatis
1074 3492 1324 3582 successerunt
1348 3495 1416 3584 alii
1441 3503 1548 3602 duo,
1574 3505 1628 3616 qui

206 3602 404 3695 sevierunt
419 3605 527 3704 loris,
544 3602 608 3692 seu
626 3604 787 3724 flagellis
807 3636 855 3695 ex
875 3617 999 3708 corio,
1021 3610 1228 3723 exquibus
1252 3634 1431 3709 tumores
1449 3621 1552 3730 rupti
1563 3609 1628 3700 sne·

32 3823 51 3846 Ι,
208 3746 312 3821 tunt,
331 3745 373 3806 ιιι
390 3747 439 3806 co
467 3717 568 3806 iosus
588 3721 781 3809 effluxerit
801 3720 962 3835 sanguis.
1014 3723 1106 3809 Posi
1122 3725 1196 3808 hos
1211 3720 1452 3818 accesserunt
1469 3731 1552 3818 duo
1568 3723 1627 3827 eli

207 3838 278 3950 qui
293 3860 363 3950 pet
463 3856 551 3922 tunt
569 3834 765 3922 Christum
786 3832 990 3922 crudeliter
1006 3831 1174 3922 bubulis.
1258 3894 1278 3927 χ
1293 3947 1317 3981 x,

1381 4081 1387 4092 ’
1530 4119 1627 4205 1³4⁰·
