3690 4988
72 450 76 460 ⁸
205 308 303 411 116
576 309 880 407 mutones
914 311 959 407 a.
999 244 1269 408 amiran

200 536 257 594 tra
281 503 569 621 beneplacitum
599 535 728 592 meum
758 505 864 594 causa
891 503 955 593 illa
983 507 1105 606 stabit,
1124 502 1191 592 sed
1216 504 1334 593 bono
1359 494 1440 592 fine
1465 513 1612 596 tenuina

200 624 316 707 bitur.
400 621 634 730 Adiecitque
655 622 878 706 Dominus:
933 623 1265 733 Quandocunque
1291 646 1367 732 pro
1392 617 1528 736 aliqua
1555 648 1612 707 otu

201 731 237 819 sa
265 762 376 819 orate
399 729 582 829 volueris,
608 761 676 817 cot
700 761 854 833 meum,
876 735 990 848 quod
1020 735 1091 817 tibi
1123 728 1252 845 sapius
1288 732 1459 830 donavi,
1495 731 1612 846 appliu

200 851 293 930 mihi
314 853 353 930 in
377 851 520 930 unione
538 852 678 930 amoris
697 843 808 947 illius,
831 875 920 961 quo
938 841 1036 930 illud
1051 840 1192 954 suscepi
1215 872 1290 956 pto
1307 841 1428 930 salute
1454 851 1605 932 humana

201 967 240 1043 dt
263 956 361 1043 illud
381 960 452 1042 tibi
479 959 608 1069 saepius
634 960 809 1054 donavi,
838 986 880 1043 ut
906 963 1000 1043 inde
1019 957 1258 1042 benefaciam
1280 954 1379 1053 illis,
1407 961 1612 1072 proquibu

202 1100 303 1168 otas,
329 1071 421 1156 stcut
442 1071 513 1177 tibi
538 1068 778 1181 praesentatur
797 1097 904 1169 arca,
926 1073 1029 1155 unde
1052 1066 1182 1172 sumat,
1213 1098 1298 1183 quo
1329 1069 1550 1157 benefaciat
1568 1069 1612 1155 sui

201 1190 340 1270 amicis.
422 1180 658 1297 Responderi
685 1189 812 1297 potest
842 1182 1046 1296 utsupra,
1076 1187 1237 1281 causum,
1265 1210 1339 1297 pro
1367 1210 1448 1297 qua
1475 1187 1516 1270 8.
1542 1190 1612 1271 Ger

201 1302 333 1384 trudes
374 1303 570 1396 ornauit,
605 1296 807 1410 suppofitis
850 1296 1110 1411 supponendis
1146 1323 1229 1381 nou
1271 1291 1456 1381 cellutam
1484 1302 1524 1384 in
1551 1320 1612 1410 peu

200 1435 339 1494 catum.

313 1601 448 1684 xxm.
505 1601 549 1684 L.
575 1630 615 1701 u.
645 1599 694 1683 C.
726 1624 789 1698 35.
849 1598 957 1681 Dum
996 1600 1036 1681 8.
1065 1599 1280 1685 Gerttudes
1307 1603 1346 1681 in
1373 1592 1612 1682 salutationes:

20 1760 23 1765 ·
107 1763 110 1767 ·
201 1707 404 1797 vulnerum
435 1717 555 1796 totius
581 1716 754 1824 corporis
775 1713 911 1794 Christi
942 1720 1048 1812 5466
1073 1714 1220 1795 vicibus
1240 1712 1389 1796 diceret
1405 1713 1512 1796 laune
1527 1707 1612 1795 vers

201 1820 356 1909 culum:
414 1820 552 1908 Gloria
578 1825 649 1909 tibi
676 1820 880 1908 suavissima
907 1827 981 1906 dec.
1007 1852 1012 1865 ·
1038 1828 1204 1908 Trinius
1231 1850 1305 1937 pto
1333 1818 1452 1909 roseis
1476 1820 1612 1909 vainei

199 1937 273 2022 bus
294 1943 370 2022 mei
396 1940 507 2023 unice
534 1934 644 2021 eledii
676 1938 880 2034 amatoris,
911 1938 1084 2021 Christus
1114 1937 1225 2048 super
1258 1932 1471 2048 quodlibet
1504 1933 1612 2021 vulnu

106 2061 109 2066 ’
153 2064 161 2081 ’
198 2051 347 2135 habens
371 2056 487 2134 flores
512 2047 566 2132 illi
591 2053 708 2133 dixit:
736 2052 835 2132 Ecce
856 2055 893 2133 in
913 2051 986 2133 hac
1008 2048 1133 2133 forma
1157 2055 1195 2132 ἃ
1219 2046 1356 2162 gloria,
1376 2078 1456 2163 qua
1473 2079 1537 2134 me
1551 2074 1612 2133 mo

200 2164 257 2247 do
279 2165 351 2248 ubi
386 2164 578 2262 exhibeo,
605 2169 718 2245 etiam
745 2166 783 2244 in
807 2166 902 2245 hora
927 2169 1061 2263 mortis
1088 2188 1161 2247 tua
1188 2166 1258 2245 tibi
1294 2188 1405 2247 totus
1434 2164 1612 2247 florensis

95 2305 99 2311 ·
199 2284 375 2362 'amoenus
399 2274 611 2387 apparebo,
630 2280 668 2356 dt
688 2271 754 2358 tali
778 2277 934 2375 decore,
967 2270 1074 2388 quali
1094 2302 1197 2359 nunc
1218 2272 1377 2359 vulnera
1401 2302 1490 2361 mea
1512 2271 1612 2361 erla

191 2383 388 2473 lutatione
415 2393 633 2472 orationum
662 2412 812 2471 tuarum
839 2388 925 2472 sunt
947 2390 1157 2488 adornata,
1195 2414 1271 2500 ego
1301 2416 1443 2473 omnes
1472 2382 1612 2472 macab:

93 2518 95 2522 ‘
197 2527 445 2613 peccatorum
478 2506 518 2584 dt
549 2497 866 2613 negligentiarum
894 2526 1045 2585 tuarum
1083 2526 1317 2613 contegens,
1342 2502 1612 2599 :donabam

197 2619 537 2715 etiarnomnrun,
579 2617 647 2726 qui
682 2609 789 2696 finili
827 2613 952 2696 studio
976 2619 1014 2696 δι
1046 2615 1263 2697 devotione
1306 2611 1452 2722 singula
1473 2610 1612 2696 vulnera

72 2743 75 2747 ’
195 2752 287 2819 mea
306 2721 465 2811 salutant
496 2754 583 2809 cum
620 2726 756 2809 eadem
790 2723 869 2807 vel·
892 2723 999 2809 sttnilt
1031 2734 1220 2810 oratione.
1305 2732 1399 2810 Haec
1440 2720 1612 2839 promitit

196 2844 334 2924 iterum
363 2864 445 2922 non
469 2835 716 2951 intelligenda
746 2841 799 2921 est
820 2840 871 2921 de
906 2841 1133 2922 certitudine
1160 2835 1310 2936 salutis,
1334 2867 1410 2925 nec
1441 2843 1494 2924 de
1516 2858 1612 2950 appa·

80 2981 82 2985 ·
196 2955 338 3039 titione
355 2956 395 3036 iu
422 2976 549 3037 morte
570 2951 740 3062 respectu
760 2946 941 3050 aliorum,
958 2950 1024 3034 sed
1047 2950 1194 3035 tanttlm
1230 2955 1286 3037 de
1312 2950 1477 3066 analoga
1502 2940 1611 3034 lndul·

193 3070 324 3178 ‘gentia
350 3090 596 3175 peccatorum
625 3064 761 3177 quoad
787 3091 924 3177 poenas
951 3067 1116 3176 peccatis
1145 3063 1296 3149 debitas
1322 3061 1523 3178 suppositis
1544 3060 1611 3172 lup·

193 3181 402 3291 ponendis.
1042 3227 1045 3230 -

303 3370 446 3451 xxiv.
504 3370 546 3454 L.
576 3399 614 3466 4.
644 3369 694 3453 C.
727 3393 792 3469 35.
847 3367 1020 3467 Christus
1046 3366 1097 3449 ad
1124 3366 1162 3449 8.
1190 3363 1429 3450 Getttudem
1458 3370 1529 3451 ait:
1560 3364 1608 3445 ‘su

69 3584 75 3597 .
197 3505 237 3565 es
258 3474 321 3562 illa
340 3474 513 3564 amabilis
530 3480 673 3578 Esther,
692 3495 781 3594 qua
798 3474 1014 3579 incredibili
1027 3472 1314 3591 pulchritudine
1332 3474 1460 3564 oculis
1476 3480 1564 3564 meis
1576 3496 1610 3559 tt

66 3612 68 3616 ‘
192 3588 377 3707 gratiosas
403 3614 495 3705 pete
516 3596 611 3709 ergo
632 3595 832 3710 quodvis,
850 3598 887 3675 dc
909 3590 1065 3677 dabitur
1085 3589 1173 3679 tibi.
1209 3612 1214 3621 ·

304 3783 422 3871 XXV.
478 3788 521 3871 L.
548 3814 589 3884 4.
615 3787 666 3871 C.
698 3799 765 3870 60.
821 3785 927 3871 Ciam
954 3788 995 3869 8.
1019 3783 1233 3870 Gcmrudes
1261 3786 1378 3868 instar
1405 3790 1537 3874 Esther
1558 3782 1612 3871 ad·

191 3898 301 3985 flaret
338 3903 517 3982 Domino
546 3899 692 3983 audivit
728 3901 943 3982 Dominum
985 3897 1127 3983 blande
1158 3896 1227 3980 fibi
1261 3899 1493 3987 dicentem:
1530 3904 1612 4002 aar:

191 4015 360 4100 exhibeo
381 4011 453 4095 tibi
471 4036 595 4096 totam
618 4011 892 4097 abundantiam
915 4009 1127 4097 dulcedinis
1150 4010 1279 4095 cordis
1295 4019 1382 4109 mei
1407 4016 1553 4115 divini,
1577 4040 1612 4097 ea

1553 4152 1612 4244 qui
