3796 4994
607 316 807 416 Revela.
829 244 1085 448 deAgreda.
1104 315 1219 409 Pars
1238 314 1297 409 11.
1573 342 1668 431 301
1781 276 1784 284 ¹

348 546 443 626 aaa.
472 524 549 609 Pet
565 521 719 634 triginta
739 541 817 604 tres
834 543 959 602 annos
978 543 1028 603 ex
1053 511 1364 609 confidentione
1377 508 1512 601 fututa
1538 512 1676 626 paffio·

225 641 286 724 nis
310 638 527 770 Dominieae
551 631 742 721 continuis
775 627 980 719 doloribus
1010 626 1220 718 celebravit
1249 624 1418 744 vigiliam
1454 630 1592 717 nostra
1617 656 1678 718 re·-

225 753 617 948 demplglssbmuu
634 854 764 975 angeli
779 885 863 944 non
879 852 1035 969 poliunt
1058 861 1246 970 attingere
1271 822 1353 942 tarn
1372 798 1573 945 sublirnem
1590 884 1676 974 gra·

225 977 320 1065 dum
339 975 492 1062 titionis
514 977 720 1074 intuitivae,
745 971 866 1087 quim
898 971 1034 1057 habuit
1065 977 1111 1057 B.
1144 977 1193 1060 V.
1217 975 1259 1056 in
1287 970 1355 1057 die
1385 973 1672 1059 lucarnationis.

222 1093 334 1290 {dena
353 1090 595 1178 sentiendum
615 1090 669 1175 de
692 1087 854 1175 dotibus
882 1081 1059 1204 gloriolis
1090 1090 1303 1202 corporis,
1341 1112 1441 1200 quas
1473 1112 1568 1174 tunc
1605 1087 1674 1173 lta·
1759 1136 1762 1141 -

252 1228 319 1291 utt.

342 1333 436 1418 164.
463 1310 572 1403 Alter
588 1311 749 1401 effeetus
772 1309 874 1400 illius
893 1314 1049 1403 villonis
1071 1309 1397 1428 comprehensiva
1417 1336 1527 1415 etat,
1553 1315 1668 1430 quod

224 1430 436 1517 obtinuerit
456 1436 642 1539 majorem
664 1426 905 1515 securitatem
931 1458 1015 1516 non
1045 1430 1252 1517 excidendi
1273 1453 1445 1542 unquam
1469 1435 1604 1543 gratia,
1626 1434 1668 1514 δι

221 1544 299 1633 fine
315 1539 469 1644 ultimo,
486 1543 609 1658 quim
630 1544 778 1629 habent
795 1542 945 1654 ipsunet
968 1543 1074 1632 beati
1097 1551 1139 1632 in
1162 1538 1290 1634 coeloa
1319 1547 1495 1657 quamuis
1510 1543 1591 1631 hac
1609 1550 1670 1630 itt·

221 1663 409 1858 cgpgcitar
428 1685 474 1745 ac
499 1653 775 1857 intpoffipilitas
796 1659 987 1771 peccandi
1017 1659 1135 1748 fuerit
1161 1654 1315 1745 alterius
1342 1663 1517 1770 generis,
1546 1656 1676 1774 quim¹

220 1799 243 1860 e
324 1800 500 1859 eatotutn
521 1799 606 1857 tnc
664 1799 705 1856 ο.

338 1902 433 1979 ι68.
461 1889 528 1970 De
552 1912 724 1999 quatuor
748 1886 909 1971 dotibus
934 1880 1110 1998 gloriosis
1139 1888 1315 1998 corporis
1335 1884 1475 1970 habuit
1492 1887 1538 1969 B.
1555 1889 1605 1971 V.
1622 1890 1664 1971 in

219 2004 297 2084 vita
315 2001 444 2085 adhuc
463 1996 677 2084 notabilem
699 2026 859 2113 partem.
882 2023 890 2037 ·
913 1995 1117 2084 Pralettim
1136 1999 1272 2085 manfit
1290 2003 1333 2083 in
1354 1994 1420 2084 illa
1445 2002 1559 2084 etiam
1576 2000 1667 2113 poll
1802 2102 1809 2116 ,

218 2110 323 2199 illam
347 2113 533 2200 vifionetn
552 2112 769 2199 beatificam
789 2110 953 2224 aliquod
972 2139 1094 2228 genus
1112 2107 1223 2213 lucia,
1243 2138 1362 2228 quam
1385 2116 1502 2200 etiam
1528 2107 1667 2228 aliquo
1758 2115 1781 2163 ’-

219 2229 346 2316 modo
367 2226 542 2339 prodidit
568 2238 648 2332 ejus
672 2228 802 2314 facies.
1245 2338 1251 2345 .

337 2370 437 2442 ¹74·
463 2348 509 2429 B.
536 2347 661 2456 Virgo
680 2344 748 2426 has
774 2366 944 2455 quatuor
963 2342 1080 2426 dotet
1098 2343 1141 2425 in
1162 2363 1268 2426 tanta
1290 2336 1531 2451 perfectione
1548 2344 1664 2428 etiam

218 2458 259 2540 in
277 2456 351 2538 hac
372 2461 449 2540 vita
468 2455 617 2553 habuit,
641 2482 684 2541 ut
705 2484 787 2540 non
807 2454 940 2565 pollina
958 2450 1183 2540 sufficienter
1202 2449 1394 2564 explicare
1408 2454 1558 2552 verbis,
1574 2482 1664 2569 qua

218 2569 314 2651 mihi
336 2568 389 2651 de
411 2569 484 2653 hac
507 2597 550 2655 re
567 2567 725 2654 fuerunt
747 2563 933 2658 revelataa
962 2594 1008 2653 ea
1029 2573 1133 2652 enim
1154 2563 1276 2681 longe
1296 2567 1407 2679 plura
1426 2563 1525 2665 lunt,
1541 2568 1663 2682 quim

217 2681 403 2768 hadenus
427 2683 526 2780 dixi,
544 2706 613 2770 aut
634 2684 764 2768 dicere
783 2678 947 2798 pullum.
1031 2687 1071 2764 0
1097 2683 1298 2779 Domina,
1325 2679 1524 2794 prontilisti
1554 2683 1663 2786 milti,

216 2796 333 2905 quod
350 2793 478 2882 futura
496 2794 588 2885 elles
608 2793 675 2882 lux
695 2824 794 2900 mea,
817 2801 856 2890 dt,
878 2795 1053 2910 magistra
1079 2821 1193 2894 meaa
1220 2821 1268 2880 ea
1291 2793 1373 2880 fide
1390 2798 1506 2906 proin
1528 2797 1661 2883 audeo

218 2910 291 2994 tibi
312 2936 536 3022 proponere
561 2906 727 3024 aliquod
753 2909 931 2997 dubium.
1016 2912 1123 2997 Cum
1143 2908 1324 2994 habueris
1343 2912 1460 2993 toties
1474 2910 1662 2995 vidonem

218 3021 449 3122 beatificant,
473 3024 684 3138 quomodo
707 3030 884 3136 contigit,
909 3025 1024 3138 quod
1046 3052 1129 3108 non
1146 3027 1347 3110 renuetis
1372 3049 1458 3106 eam
1486 3025 1662 3108 constan·
1810 3046 1813 3052 ·

216 3134 309 3220 ter?
338 3144 380 3222 Β.
399 3142 523 3253 Virgo
541 3141 635 3255 mill
656 3138 874 3248 respondit:
915 3136 1140 3225 Chariliima
1166 3132 1261 3224 filiae
1311 3136 1463 3237 dubitas
1486 3162 1557 3247 per
1574 3161 1670 3219 nro·.

216 3249 311 3335 dum
332 3259 507 3349 amantis,
538 3257 579 3335 dr
601 3257 814 3365 intettogas
839 3277 909 3362 pet
928 3253 1094 3339 modurn
1112 3254 1335 3362 ignorantis.
1362 3276 1454 3349 ¹75·

337 3383 431 3456 180.
461 3365 655 3476 Quotidie
677 3369 880 3450 tercentiea
896 3363 1085 3450 adorabat
1103 3369 1305 3478 genuflexa
1320 3366 1461 3449 Dlium
1475 3365 1661 3478 incipien-

217 3474 316 3564 dou
340 3480 475 3581 medio
495 3485 620 3565 noctis
642 3506 768 3594 usque
788 3479 838 3562 ad
856 3481 1034 3563 medium
1052 3483 1191 3564 nortis.

335 3613 431 3689 rut.
454 3611 549 3687 18²·
576 3597 762 3679 Proximo
782 3594 847 3678 die
869 3595 957 3704 post
976 3594 1282 3677 Incamationem
1306 3595 1349 3676 in
1372 3587 1508 3675 vifibili
1531 3588 1660 3677 forma

216 3727 474 3814 apparuerunt
498 3704 566 3819 ipsa
590 3704 645 3792 sui
666 3703 772 3792 mille
797 3701 926 3819 angeli
950 3706 1158 3803 custodes,
1187 3705 1314 3793 modo
1346 3702 1533 3792 confimili
1560 3707 1660 3791 ado·

215 3843 342 3901 rantes
358 3821 496 3904 DEum
514 3824 555 3905 in
571 3845 684 3905 utero
708 3827 747 3904 Β.
767 3823 947 3935 Virginis,
960 3823 999 3904 dr
1019 3814 1226 3904 offerentes
1244 3817 1308 3905 sua
1329 3816 1496 3909 servitiaa
1525 3821 1660 3905 dicen·

214 3930 289 4013 do:
318 3929 442 4018 Nunc
468 3959 509 4021 es
534 3960 629 4022 utra
649 3937 763 4023 Arca
782 3939 856 4018 dcc.
911 3932 1105 4044 ..Quando
1123 3929 1328 4017 laborabat
1349 3931 1540 4032 manibus,
1566 3959 1660 4045 por·

214 4044 392 4158 rigebant
409 4051 447 4131 ei
465 4043 685 4140 neceffniar
723 4047 885 4165 quando
911 4046 1148 4245 comgdebat
1167 4043 1248 4134 sola
1277 4050 1321 4132 in
1341 4043 1509 4133 absentia
1527 4050 1571 4242 Si
1587 4052 1660 4244 Jguf
