3796 4994
541 250 759 386 exempta
788 240 908 383 Idus
927 278 986 352 ear
1007 240 1359 357 uhriirAurlrrL
1437 326 1446 340 .
1603 246 1683 383 23⁵

212 456 413 554 Francisco
430 457 668 563 Ferrerieusr,
693 487 742 546 err
765 467 857 566 ejus
875 456 939 544 dis
956 463 964 481 '
994 453 1078 545 ulis*
1092 463 1160 547 uni
1185 459 1354 547 doemon
1379 459 1501 550 nodu
1524 459 1567 547 iu
1588 456 1696 551 for*⁴

214 606 278 668 rna
295 585 342 666 B.
367 578 534 689 Vir'ginis
558 581 761 688 apparuit,
789 602 840 658 eo
865 489 1053 673 con‘slio,
1079 601 1123 659 ut
1149 573 1213 658 vel
1236 575 1287 660 src
1315 601 1362 660 ea
1389 569 1515 687 specie
1540 577 1672 668 homi·
1864 624 1866 629 <

217 721 308 779 nem
329 687 478 777 facilius
509 690 718 801 deciperet.
776 692 883 775 Cum
904 693 936 771 is
955 716 1070 775 mane
1091 689 1134 774 id
1154 686 1337 802 Philippo
1358 684 1561 783 retulissetr
1586 718 1693 781 non

216 812 302 910 tibi,
320 811 450 919 inquit
472 798 551 902 ille,
577 805 642 889 SS.
663 807 738 895 uei
758 805 908 909 Mater,
925 826 968 887 ut
985 828 1121 915 puras,
1152 801 1220 887 sed
1251 803 1426 889 doemon
1442 810 1521 913 ejus
1543 800 1673 893 forma
1765 832 1767 837 ·

215 918 293 1011 scse
327 918 542 1005 uidendum
563 918 736 1030 praebuit.
795 919 932 1031 ltaque
972 917 1258 1030 quamprimum
1282 944 1330 1002 ea
1356 915 1451 1003 vifio
1473 918 1609 1006 denub
1631 912 1672 1011 se

215 1036 289 1125 tibi
316 1029 516 1129 obtulerit,
544 1030 683 1123 faciem
715 1036 813 1138 ejus,
838 1039 909 1145 qui
927 1036 1118 1146 apparuit,
1145 1029 1330 1143 conspuat
1348 1031 1484 1143 jubeo.
1566 1029 1671 1125 Inse-
1710 1118 1713 1123 ,
1854 1068 1857 1073 ·

217 1152 355 1266 quenti
378 1157 494 1232 node
515 1143 735 1231 Ferrariensi
762 1172 903 1259 magna
935 1149 1052 1231 animi
1081 1140 1274 1232 alacritate
1298 1144 1470 1258 precanti
1497 1145 1670 1241 doemon
1824 1154 1830 1159 ’

196 1309 197 1312 κ
221 1266 359 1351 eadem
381 1260 507 1373 specie
536 1262 763 1374 eodemque
800 1255 958 1372 fulgore
985 1262 1121 1372 praesto
1149 1261 1228 1360 est,
1255 1264 1323 1375 qui
1338 1267 1532 1459 1praecepti
1557 1267 1669 1353 Beati
1723 1336 1727 1343 .

217 1383 338 1466 Patris
364 1374 471 1460 haud
496 1381 701 1460 immemor
728 1369 879 1469 diaboli
904 1403 1000 1459 mox
1029 1371 1169 1460 faciem
1195 1370 1310 1490 sputo
1356 1375 1488 1474 oedat,
1517 1404 1596 1492 qur
1622 1405 1669 1467 re

212 1488 399 1579 vconfusus
423 1492 587 1575 doemon
607 1491 775 1574 evanuit.
833 1491 924 1575 Nec
950 1491 1004 1573 ita
1020 1482 1145 1575 multo
1166 1491 1254 1603 post
1269 1493 1312 1577 in
1331 1494 1512 1576 oratione
1534 1488 1705 1690 perso'
1768 1506 1771 1515 ’
1816 1547 1821 1555 ·

217 1610 365 1708 vetanti
387 1631 476 1691 veta
504 1607 582 1688 Dei
609 1607 736 1689 Mater
765 1609 961 1716 apparuits
979 1644 982 1647 >
1002 1631 1173 1721 cumque
1201 1597 1269 1692 ille
1288 1607 1329 1690 in
1363 1631 1448 1690 eam
1482 1632 1532 1690 ex

150 1773 153 1779 -
219 1746 401 1809 tentaretr
430 1716 583 1832 exspue,
600 1724 653 1802 ait
671 1723 816 1831 Virgo,
840 1715 1013 1915 srpotes.
1070 1721 1329 1832 Conantique
1344 1714 1478 1833 lingua
1497 1725 1537 1804 dr
1561 1718 1670 1836 pala·

216 1861 299 1921 rum
318 1835 424 1927 adeo
446 1831 629 1917 exsiccata
650 1827 759 1930 sunt,
790 1859 832 1920 ut
855 1827 969 1917 saiva
999 1837 1163 1919 omnino
1193 1838 1367 1919 caruerit.
1423 1841 1527 1920 Tum
1567 1837 1665 1925 verb
1771 1854 1773 1860 ’
1868 1930 1872 1937 ,

1545 1633 1669 1720 tvvs

219 1949 402 2063 Deipara.
458 1949 639 2062 Optime,
659 1950 809 2060 inquit,
831 1949 950 2032 Patris
978 1942 1138 2033 confilio
1166 1949 1344 2061 paruistis,
1379 1948 1682 2067 hominemque
1856 2026 1859 2035 .

216 2061 376 2179 reliquit
396 2059 614 2148 incredibili
630 2063 776 2176 gaudio
801 2058 1030 2147 delibutum.
1123 2062 1276 2150 Ibidem
1299 2058 1538 2178 subjungitur
1559 2060 1689 2155 aliud·

218 2175 382 2293 sequens
400 2173 586 2263 illusionis
609 2172 857 2289 exemplum
901 2175 1096 2263 Antonius
1123 2181 1288 2265 Tuccius
1308 2178 1487 2267 Medicus
1509 2183 1668 2269 Monic-
1765 2240 1780 2249 -

217 2290 297 2381 lem
336 2293 535 2408 quandam
577 2296 663 2376 vitae
708 2289 954 2377 landimonia
988 2290 1172 2408 insignem
1211 2294 1379 2409 graviter
1413 2318 1668 2408 aegrotantem
1817 2340 1824 2349 ·

217 2407 402 2495 visitabat
470 2405 624 2490 Accidit
661 2430 790 2491 autem
826 2398 1040 2522 aliquando
1073 2432 1124 2513 ut·
1137 2431 1222 2494 tora
1239 2433 1371 2495 mente
1389 2412 1431 2494 in
1453 2413 1584 2496 Deum
1604 2435 1667 2496 ra·

215 2549 325 2638 ptam
347 2515 581 2611 offenderitr
629 2519 698 2606 ubi
730 2520 826 2606 verb
859 2521 911 2606 ad
944 2519 983 2607 se
1012 2521 1151 2620 rediit,
1173 2521 1225 2607 ad
1245 2525 1431 2609 Tuccium
1460 2523 1687 2618 conversae·

217 2643 256 2727 0
284 2663 406 2752 quam
434 2630 642 2751 speciosum
650 2693 664 2734 ,
693 2639 842 2748 inquit,
869 2660 910 2723 te
937 2633 1064 2723 modo
1092 2636 1173 2723 vidi
1197 2639 1242 2721 in
1269 2633 1478 2729 Paradis03
1506 2641 1667 2726 eadem·
1813 2638 1816 2645 ’

217 2781 299 2868 que
321 2744 387 2838 die
405 2757 446 2836 in
466 2750 647 2836 morbum
669 2751 815 2835 incidit.
864 2756 973 2864 Quo
995 2751 1154 2865 quidem
1177 2750 1666 2873 quotidiuingravescente
1704 2766 1711 2781 “
1853 2780 1856 2791 ’

218 2868 376 2952 humani
396 2873 548 2980 generis
573 2866 706 2962 hostis,
736 2888 780 2948 ut
801 2865 1004 2951 hominem
1036 2861 1265 2965 deluderet,
1287 2867 1429 2952 medici
1454 2867 1579 2954 forma
1603 2874 1664 2953 in·
1796 2874 1803 2884 ’

219 2981 336 3067 dutus
355 2976 452 3094 saepe
471 2976 580 3064 illum
612 2975 817 3076 invisebat,
854 3006 903 3064 ex
935 3007 1067 3096 eoque
1091 2981 1235 3065 morbo
1263 3009 1354 3067 eum
1379 2976 1664 3075 convaliturum
1724 3061 1732 3075 ,
1813 3018 1816 3023 <

215 3096 366 3210 diuque
394 3099 579 3181 vidiurum
600 3121 674 3207 pro
697 3119 803 3178 certo
827 3088 1050 3179 affirmabat
1077 3100 1200 3181 ·Haec
1223 3096 1359 3182 itidem
1377 3088 1541 3211 Tuccius
1559 3122 1665 3186 retu·

170 3314 173 3319 1
216 3205 259 3297 lit
275 3212 326 3295 ad
346 3212 573 3323 Philippum,
595 3211 664 3322 qui
692 3208 743 3291 ad
766 3237 855 3298 eum
881 3211 1063 3323 quotidie
1090 3209 1283 3294 veniebat.
1341 3204 1489 3296 ls'v'etd
1510 3207 1665 3299 Diabo·
1736 3302 1738 3306 ,

214 3321 243 3413 li
273 3350 396 3411 artem
420 3352 441 3408 a
471 3319 631 3409 noscens
653 3324 784 3436 aperti:
802 3320 911 3409 rllum
932 3325 1150 3421 admonuit,
1172 3351 1422 3440 nequaquam
1446 3326 1551 3433 hunc
1580 3354 1665 3412 me·

217 3442 350 3527 dicum
378 3432 431 3524 su'
465 3465 500 3537 e,
523 3436 589 3523 sed
607 3438 850 3524 doemonem.
906 3439 1024 3551 Igitur
1041 3440 1193 3524 detecta
1209 3433 1347 3524 fraude
1368 3438 1566 3527 Antonius
1584 3444 1665 3531 Dei
1708 3481 1711 3487 ¹

216 3550 406 3642 voluntati
430 3550 467 3638 se
488 3556 642 3665 penitus
666 3549 950 3653 conformavit,
975 3557 1204 3685 paucosque
1224 3553 1312 3666 post
1336 3552 1419 3638 dies
1450 3562 1569 3641 vitam
1596 3554 1677 3670 pri·

214 3669 351 3759 finivit.
406 3673 497 3752 Hoc
522 3694 658 3781 autem
695 3662 880 3779 exemplo
910 3669 1019 3753 Pater
1041 3663 1129 3751 su'os
1153 3668 1366 3754 admonere
1398 3664 1575 3770 solebat,
1605 3678 1665 3756 in·

216 3780 524 3921 gravescentibus
567 3780 713 3866 morbis
752 3780 857 3866 haud
899 3777 1012 3865 sacile
1046 3778 1256 3866 visionibus
1293 3788 1332 3865 dr
1360 3760 1688 3873 revelationibus*

217 3900 456 3987 credendum
483 3892 579 3993 esse,
612 3900 658 3981 iis
684 3894 907 4009 prasertim,
935 3893 1078 4100 quibus
1104 3895 1330 4013 diuturmitas
1359 3902 1444 3984 vitae
1470 3904 1667 4010 promitti

960 4013 1115 4129 enode
1145 4005 1275 4127 callid
1298 4015 1525 4125 vavasoris
1553 4038 1666 4098 com·

217 4037 289 4131 tu
346 4008 583 4127 arnone
608 4014 711 4124 evm
731 4006 925 4128 unane

453 4142 458 4151 '
1530 4126 1663 4216 ments
