3796 4994
612 292 809 401 Revelat.
833 297 885 394 dc
910 300 1085 433 Agreda
1127 310 1237 399 Pars
1263 310 1320 400 ΙΙ.
1567 329 1663 431 387

235 503 399 584 veniam.
448 496 763 610 igitui'Christus
788 505 916 587 ‘slatim
942 506 1028 614 poll
1051 507 1211 617 primam
1237 510 1482 619 negotionem
1519 515 1670 622 rogavit

234 619 406 708 Patrem,
433 637 475 697 ut
498 613 553 696 ob
580 616 880 706 intercessionem
906 624 949 700 B.
970 624 1136 729 Virginis
1161 626 1278 703 Petro
1299 619 1567 731 praepararetur
1582 650 1687 734 gra-2

233 734 284 811 tia
306 732 345 809 δι
369 730 490 810 venia.
577 732 618 812 Β.
641 733 763 842 Virgo
791 725 900 813 senfit
929 757 1096 844 quoque
1124 759 1261 815 omnes
1286 727 1461 829 dolores,
1496 732 1666 836 vulnera,

233 847 274 923 δε
303 867 438 950 poenas
462 839 513 922 sui
539 838 616 924 filii.
693 843 872 950 Quando
895 846 1065 929 Christus
1099 841 1175 929 fuit
1200 842 1337 957 ligatus
1362 842 1515 930 funibus
1542 856 1581 931 δι
1607 877 1669 933 ca·

233 959 343 1050 renis,
369 950 445 1062 ipsa
459 958 497 1034 in
517 953 587 1038 suis
610 950 839 1039 manibus&
857 956 1021 1040 brachiis
1044 955 1153 1042 lenfit
1175 984 1305 1043 tantos
1327 955 1509 1060 dolores,
1529 986 1572 1046 ut
1588 958 1667 1045 lan·

233 1072 315 1179 guis
333 1070 551 1177 proruperit
573 1094 620 1151 ex
641 1070 844 1181 unguibus.
916 1072 1104 1183 Cumque
1120 1068 1228 1156 simul
1249 1069 1466 1158 accesserint
1492 1077 1667 1187 angustie

233 1183 383 1275 cordis,
413 1184 556 1292 incepit
583 1176 794 1289 lachrimari
828 1178 1025 1266 lachrimas
1059 1178 1291 1298 sanguineas.
1371 1181 1536 1298 Alapam
1564 1214 1667 1299 quo·
1751 1255 1755 1264 .
1839 1253 1846 1262 .

232 1322 313 1406 que
340 1289 410 1375 suo
437 1290 519 1376 silio
547 1299 727 1377 insidiam
756 1294 806 1379 src
829 1294 950 1397 sensit,
974 1323 1019 1378 ac
1047 1295 1074 1381 si
1101 1298 1249 1409 ipsimet
1277 1294 1402 1383 fuisset
1429 1305 1579 1386 instinc

350 1420 472 1504 1265.
501 1413 545 1490 Β.
568 1414 615 1491 V.
636 1407 688 1489 ad
707 1436 770 1490 me
790 1411 908 1492 dixit:
924 1412 1096 1493 'Cerram
1114 1437 1155 1495 re
1175 1411 1317 1509 reddo,
1335 1417 1374 1494 ἃ
1394 1411 1485 1496 dico
1506 1413 1576 1498 tibi
1593 1439 1666 1525 pro

231 1524 389 1604 veritate
415 1520 651 1613 indubitata,
677 1522 791 1633 quod
818 1520 939 1605 solrlm
967 1549 1053 1607 mea
1071 1524 1306 1621 intercessio,
1335 1530 1373 1608 δι
1395 1531 1550 1624 merita,
1578 1555 1666 1640 qua

231 1660 373 1718 artemo
393 1638 489 1714 Patri
510 1631 750 1743 repraesento,
773 1636 1175 1829 impediant'poenam,
1190 1642 1229 1719 δι
1247 1639 1398 1748 placare
1422 1637 1565 1749 possint
1585 1644 1665 1744 ejus
1776 1712 1779 1719 ,

227 1749 358 1852 sustam
378 1751 487 1841 iram,
507 1774 557 1828 ne
577 1746 764 1831 mundum
783 1748 832 1831 de
849 1772 920 1830 eat.

352 1873 472 1951 1269.
517 1861 712 1955 Christus,
744 1862 904 1972 quando
926 1860 1139 1945 ducebatur
1165 1859 1215 1944 ab
1241 1861 1355 1947 Anna
1382 1861 1432 1946 ad
1458 1863 1663 1975 Caipham,

229 1978 355 2058 oravit
381 1999 455 2083 pro
484 1971 554 2055 suis
582 1969 900 2085 persecutoribus,
965 1974 1073 2058 ldem
1104 1972 1196 2058 fecit
1221 1979 1263 2057 dr
1291 1981 1336 2060 B.
1364 1979 1488 2087 Virgo
1518 1977 1664 2062 eodem

229 2113 429 2198 tempore;
459 2093 549 2195 qnia
572 2109 653 2170 erat
672 2091 765 2170 mira
789 2091 888 2171 inter
905 2083 1023 2173 filium
1047 2094 1087 2169 δι
1106 2113 1265 2174 matrem
1285 2084 1493 2175 consensio.
1656 2163 1660 2171 .
1689 2183 1692 2189 ¹

350 2227 469 2292 1270.
511 2197 662 2283 Lucifer
682 2227 768 2283 cum
798 2197 861 2284 sua
882 2202 1047 2286 cohorte
1071 2201 1192 2286 stabat
1217 2201 1241 2288 i
1266 2200 1387 2287 latere
1408 2205 1594 2317 Cayphae,
1620 2224 1675 2287 ut-

227 2317 330 2426 prius
350 2317 448 2396 sletit
466 2311 489 2396 a
505 2308 623 2397 latere
646 2313 777 2396 Anna.
940 2348 946 2355 ·
1819 2420 1823 2425 .

350 2452 473 2536 ¹27¹·
528 2424 679 2509 Lucifer
705 2425 932 2509 intendebat
956 2423 1117 2540 fatigare
1154 2429 1375 2622 patientiam
1404 2427 1578 2524 Christi,
1620 2437 1757 2511 urs*

231 2541 459 2650 exprimeret
487 2536 650 2652 aliquod
676 2540 864 2639 verbum,
893 2564 941 2622 ex
966 2566 1051 2652 quo
1078 2544 1158 2623 inte
1187 2546 1331 2650 igeret,
1360 2564 1408 2621 an
1434 2535 1524 2622 eslet
1551 2564 1664 2623 verus
1710 2643 1713 2647 ,

226 2656 349 2738 Deus.
1578 2694 1588 2707 „

297 2784 310 2807 ·’
349 2793 469 2868 ¹²73·
497 2759 631 2875 Aliqui
644 2787 737 2848 tunc
750 2769 787 2848 in
801 2765 925 2849 domo
936 2765 1107 2876 Cayphoe
1124 2763 1585 2874 Christumpercutiebant
1597 2788 1663 2874 pe·

231 2883 364 2967 dibus;
393 2874 455 2962 alii
477 2880 678 2961 trahebant
700 2875 863 2990 capillisr
891 2874 954 2962 alii
970 2879 1236 2989 percutiebant
1255 2885 1295 2962 in
1313 2874 1433 2963 collo.
1489 2879 1525 2960 A
1552 2877 1664 2962 Con·

229 2993 319 3080 cilio
341 3020 469 3077 autem
491 3017 533 3074 ut
555 2989 795 3102 blasphemus
820 2992 892 3077 fuit
916 2994 1196 3077 condemnatus
1217 3017 1261 3076 ut
1290 3019 1378 3076 reus
1403 2995 1560 3091 mortis.

349 3135 470 3205 1²74·
504 3108 544 3188 S.
564 3109 715 3188 Marcus
735 3111 774 3188 dr
801 3108 1124 3202 lucernariam,
1155 3106 1270 3218 quod
1297 3106 1470 3190 Christus
1496 3101 1663 3214 pedibus

229 3220 344 3305 fuerit
364 3223 569 3330 impetitus.
635 3225 745 3302 Tunc
762 3244 889 3302 tantus
912 3214 1091 3330 splendor
1121 3247 1170 3302 ex
1199 3215 1312 3302 vultu
1334 3221 1473 3302 Christi
1501 3215 1660 3327 prodiit,

228 3360 271 3421 ut
294 3361 429 3418 omnes
452 3335 574 3414 mirari
602 3331 684 3416 sint.
714 3338 818 3440 Quia
838 3337 933 3417 verb
950 3339 1029 3420 hoc
1049 3333 1264 3417 tribuerunt
1287 3338 1433 3444 magiae,¹
1455 3332 1664 3414 statuerunt

228 3444 357 3532 velare
377 3445 514 3529 faciem
537 3453 628 3546 elus.
657 3493 674 3510 ·
731 3454 879 3528 Omnes
907 3449 980 3529 hos
1010 3444 1171 3531 dolores
1189 3441 1298 3529 lenfit
1324 3452 1438 3528 etiam
1462 3449 1505 3526 Β.
1526 3448 1662 3554 Virgo,

229 3586 273 3647 ut
297 3562 482 3656 Christus,
506 3560 584 3641 hoc
605 3554 689 3643 solo
706 3554 931 3656 discrimine,
955 3563 1071 3671 quod
1088 3555 1177 3644 illos
1196 3565 1237 3641 in
1255 3561 1412 3644 Christo
1433 3548 1665 3642 causaverint

227 3674 506 3788 percussiones,
533 3676 573 3754 in
594 3679 637 3756 Β.
660 3678 819 3785 Virgine
837 3677 933 3758 verd
957 3700 1092 3758 manus
1114 3677 1191 3757 Dei
1213 3679 1358 3778 exejus
1383 3663 1574 3756 consensu.
1617 3671 1668 3753 Et·

228 3794 403 3902 quamvis
419 3782 637 3871 naturaliter
657 3783 845 3872 debuisset
866 3792 979 3884 mori,
999 3784 1074 3871 fuit
1096 3811 1224 3872 tamen
1241 3779 1576 3900 supernaturaliter.
1591 3778 1664 3867 ser·
1799 3800 1808 3818 “

227 3927 324 4012 rata

933 4130 1094 4218 ecci
1464 4078 1467 4084 Δ
1541 4146 1665 4224 1¹75·
