3796 4994
641 350 814 483 Regula
840 376 896 445 ex
921 344 1028 447 Pico
1054 346 1255 451 aniana.
1576 376 1667 470 131

211 544 333 668 presse
357 550 418 639 de
439 546 775 653 Revelationibus,
793 551 860 641 sed
884 550 1232 639 decontsoverstis
1247 550 1364 641 fideis
1393 551 1450 637 ob
1472 552 1674 663 paritatem

216 692 345 753 nmen
371 670 543 752 rationis
565 668 752 753 etiamad
773 662 856 752 illas
887 666 1135 755 extendenda
1159 670 1224 753 est.
1262 670 1306 751 l„
1329 668 1420 751 CC.
1437 668 1583 750 Theor.
1606 696 1676 751 aa.

222 784 289 865 ait:
314 778 346 866 st
367 780 554 865 dubietas
570 786 805 879 exoriretur,
831 808 1006 896 quanam
1026 786 1190 893 panium
1209 785 1250 864 in
1276 779 1563 865 Controversia
1582 779 1677 865 lidci

221 888 469 1009 Evangelicae
492 899 641 981 veritati
664 900 848 981 niteretur
868 901 1004 1009 magis,
1033 890 1143 978 nullo
1166 894 1292 979 modo
1316 893 1588 1009 praecipitanda
1611 892 1678 977 so·

221 1032 277 1093 ret
294 1004 500 1094 sententia.
570 1004 831 1095 Periculosum
855 1014 982 1106 enim,
1012 1014 1051 1092 δι
1076 1015 1259 1121 impium,
1284 1014 1324 1093 in
1355 1003 1466 1093 causa
1483 1006 1578 1093 fidei
1596 1032 1677 1093 tam

222 1116 312 1207 seria
331 1128 375 1207 dc
397 1126 497 1207 tanti
520 1118 740 1208 discriminis
771 1126 989 1239 quidquam
1007 1126 1155 1209 temere
1174 1125 1349 1209 definite.
1403 1123 1678 1237 Qramobrem
1840 1174 1847 1187 ·

224 1232 369 1321 librato
396 1238 545 1342 judicio
575 1242 738 1336 veritas,
763 1266 850 1352 quae
873 1246 911 1324 le
933 1236 1107 1323 fidelium
1129 1238 1328 1321 mentibus
1349 1241 1514 1351 ingerat,
1543 1234 1676 1347 exspe-

226 1350 369 1437 danda
387 1354 463 1439 ests
489 1356 531 1434 dc
551 1356 591 1436 in
617 1374 668 1437 eo
688 1354 801 1465 quod
829 1353 1035 1437 intercedit
1057 1366 1238 1463 tempore
1258 1350 1479 1436 exorandus
1494 1352 1551 1433 esi
1569 1352 1682 1433 Deus

226 1494 298 1664 pro
326 1465 574 1576 impetranda
599 1464 828 1552 discretione
846 1461 1055 1579 spirituum.
1081 1513 1100 1531 ·
1154 1461 1477 1577 Suspendendum
1495 1471 1609 1577 proin
1637 1490 1681 1547 a·

242 1580 426 1693 rquando
439 1580 637 1711 judicium
667 1585 708 1665 in
743 1580 858 1666 causis
891 1578 986 1666 fidei
1020 1578 1276 1667 controversis
1303 1585 1345 1664 dc
1383 1578 1600 1693 ambiguis,
1628 1603 1680 1663 ne

228 1690 382 1811 laqueis
406 1688 556 1780 diaboli
576 1698 801 1784 irretiamur.

343 1854 516 1985 Regula
559 1876 605 1965 a·
660 1848 867 1959 Dantur
918 1846 1204 1991 prophetia
1247 1828 1308 1959 ac
1352 1846 1681 1957 revelationes

233 1992 385 2101 tacite
422 1989 819 2112 conditionata,
868 2026 983 2133 quae
1018 2025 1130 2099 non
1162 1996 1356 2131 semper
1389 1996 1682 2130 implentur.

236 2137 491 2221 DePraenot.
512 2135 556 2218 1.
581 2164 618 2221 2.
639 2139 690 2221 C.
708 2152 746 2221 6.
769 2135 837 2220 ubi
855 2139 928 2219 ait:
968 2142 1069 2247 Quae
1097 2132 1363 2221 conditionata
1387 2135 1441 2219 est
1461 2134 1682 2247 prophetia.

240 2276 317 2333 non
340 2241 529 2359 impletur
549 2244 709 2360 semper.
767 2252 811 2333 ln
843 2276 889 2335 ca
907 2253 1013 2335 enim
1031 2273 1182 2334 tantum
1201 2250 1431 2361 praevidetur
1448 2252 1490 2333 dt
1505 2272 1683 2362 prenun-

240 2368 350 2449 tiatur
375 2361 495 2447 Ordo
522 2358 637 2449 causa
665 2360 717 2447 ad
745 2360 955 2461 essedum,
990 2368 1061 2476 qui
1091 2362 1272 2475 impediri
1299 2389 1345 2448 ac
1373 2366 1616 2449 transmutari
1643 2388 1685 2445 a·

242 2472 295 2561 liis
315 2478 667 2565 intervenientibus
694 2480 843 2591 potesis
883 2474 1005 2563 veluti
1030 2505 1118 2561 cum
1141 2482 1264 2582 Jonas
1288 2480 1554 2591 praenuntiavit
1575 2502 1684 2560 evera

246 2590 387 2676 stonem
411 2593 573 2675 civitatis
593 2593 756 2690 Ninive,
785 2598 838 2678 ita
854 2590 1096 2705 exigentibus
1115 2586 1331 2676 incolarum
1353 2592 1518 2705 flagitiis,
1541 2591 1686 2705 quibus

179 2782 182 2791 .
249 2701 358 2790 veluti
379 2703 498 2791 causts
522 2732 592 2817 per
618 2712 890 2818 poenitentiam
918 2710 1180 2793 Ninivitarum
1215 2701 1362 2791 succisis
1387 2700 1687 2791 consentaneum

179 2828 185 2919 i
251 2845 333 2918 etat,
353 2843 398 2903 ut
421 2822 538 2903 etiam
560 2816 720 2905 effecius
742 2820 806 2906 seu
826 2816 1015 2907 desolatio
1037 2816 1269 2905 aboleretur.
1330 2822 1397 2906 Sic
1413 2826 1454 2905 dc
1470 2816 1576 2905 lsaias
1593 2825 1687 2904 lize-

181 2929 188 3001 l
252 2932 311 3019 hie
336 2956 507 3019 mortem
533 2934 721 3047 predixit,
749 2931 887 3021 assedi
915 2936 1058 3021 morbo
1087 2932 1222 3021 naturd
1250 2934 1292 3019 id
1319 2932 1492 3035 volente,
1508 2936 1580 3049 qui
1599 2930 1691 3019 sulit

176 3014 189 3127 l
253 3074 356 3161 prece
372 3054 414 3133 dc
433 3042 624 3135 lachrimis
640 3050 797 3135 vivendi
817 3048 980 3161 spatium
997 3053 1229 3162 impetravit.

176 3242 193 3333 ,ι
346 3208 518 3341 Regula
551 3243 601 3343 9.
651 3198 939 3343 Prophetlae
974 3200 1160 3311 dantur
1196 3202 1302 3311 duo
1338 3234 1548 3347 genera3
1586 3234 1692 3333 una¹

176 3386 198 3533 q
257 3344 464 3455 habetur
492 3392 566 3483 per
600 3365 750 3470 um,
790 3376 899 3485 quo
939 3364 1236 3487 reteguntur
1274 3374 1428 3455 antea
1461 3358 1692 3493 incogni-

176 3510 188 3563 Β
259 3512 338 3615 ta;
408 3484 564 3594 altera
603 3534 674 3622 per
711 3506 951 3623 amineum,
997 3520 1295 3627 quomens
1340 3516 1585 3597 movetur
1626 3492 1693 3601 ad

263 3624 498 3735 credenda
532 3651 624 3732 aut
653 3624 1064 3767 promulganda,
1109 3662 1223 3769 quae
1261 3632 1367 3761 iam
1403 3657 1555 3741 antea
1589 3630 1695 3743 fue·

176 3802 195 3881 t
264 3795 362 3877 rant
396 3777 625 3908 cogitata
661 3766 970 3907 &cognita
1041 3790 1101 3878 rt.
1124 3794 1174 3879 c.
1202 3818 1242 3889 9.
1299 3798 1353 3878 ut
1367 3792 1453 3879 asc
1472 3790 1606 3909 regnu
1625 3796 1697 3881 se·

176 3952 197 4023 3.
265 3934 305 3995 ue
326 3904 577 4025 intelligatur,
590 3912 703 3993 Picus
728 3906 895 4021 explicat
922 3932 1096 3994 namram
1124 3906 1235 4016 hujus
1262 3902 1426 4005 luminis,
1454 3906 1507 3992 de
1533 3914 1699 4003 Praenot.

176 3950 208 4362 j
266 4024 354 4111 Le.
373 4028 426 4111 C.
447 4056 484 4109 r.
541 4024 587 4107 ln
613 4046 686 4133 pro
714 4024 820 4109 betia
834 4026 907 4109 tria
930 4044 1177 4107 concurrunt.
1224 4048 1260 4106 1.
1285 4024 1425 4107 Earum
1444 4049 1586 4119 terum,
1611 4048 1699 4153 que

176 4108 198 4243 ἓ
268 4130 481 4235 Μὼῐῑὶυῐ,
506 4128 656 4250 species
673 4048 739 4223 se'u
759 4158 886 4243 notae,
907 4132 1092 4250 impressae
1116 4131 1180 4220 vel
1200 4132 1368 4221 sensibus
1393 4160 1464 4247 per
1492 4138 1700 4249 apparitio·
1732 4132 1737 4141 '

1011 4254 1049 4336 ll
1078 4277 1102 4334 a
1595 4272 1705 4351 nem,

176 4387 212 4731 ,
