3796 4994
213 308 244 425 'i
260 318 325 445 36
636 319 809 452 Regula
832 345 889 413 ex
917 296 1024 416 Pico
1045 238 1246 445 Mirind.

326 528 494 664 Regula
538 560 614 628 12.
660 520 1047 643 Revelationes,
1093 552 1207 659 quae
1258 550 1319 621 cx
1354 544 1464 635 uno
1503 526 1669 657 capite

225 665 392 775 dubiae
427 697 487 772 ac
521 663 747 803 suspesiae
782 668 912 783 sunt,
948 698 1008 769 ex
1045 665 1147 767 aliis
1175 656 1367 767 indiciis
1400 659 1669 786 dijudican-

220 810 299 919 dae
323 814 453 928 sunt,
484 841 678 915 veraene
704 840 770 911 au
809 803 935 925 faliae
963 806 1072 914 sint.
1143 831 1254 911 Picus
1277 828 1321 911 1.
1344 827 1436 912 cc.
1462 824 1515 913 fic
1535 829 1670 915 habet:

222 957 422 1067 Quoniam
444 951 541 1035 verb
563 950 617 1023 de
634 937 925 1051 particularibus
958 972 1040 1028 non
1069 942 1122 1028 est
1140 938 1314 1037 scientia,
1348 966 1422 1023 nec
1451 944 1668 1029 commode

63 1102 107 1113 ...
205 1058 301 1133 -rcm
323 1052 463 1159 potest,
488 1055 648 1162 quinam
671 1052 742 1138 fint
763 1057 903 1141 divinis
929 1057 1151 1143 hauriendis
1175 1054 1368 1139 afflatibus
1396 1055 1563 1153 idoneis¹
1583 1062 1669 1173 qui·
1714 1042 1719 1055 Ι

220 1158 296 1246 bos
314 1191 387 1249 nos
404 1159 586 1249 videlicet
607 1169 898 1269 concredimus,
920 1170 1069 1259 idcirco
1088 1170 1140 1255 ad
1164 1170 1368 1257 dubiarum
1387 1164 1669 1259 revelationum

71 1382 79 1395 .
219 1274 372 1391 regulas
401 1273 691 1367 descendamus.

325 1466 495 1594 Regula
529 1496 603 1585 ¹3·
650 1458 1007 1568 Revelationes
1042 1462 1229 1569 vetata
1263 1458 1390 1569 falsis
1420 1494 1483 1569 ex
1512 1464 1666 1605 seipfis

218 1632 331 1708 non
365 1598 508 1707 facile
543 1600 887 1709 discernuntur
916 1605 1017 1707 stne
1051 1605 1243 1709 indiciis
1278 1609 1574 1724 extrinsecis,
1610 1639 1683 1731 ex,

220 1741 518 1851 conditione
550 1745 776 1881 personae
799 1741 855 1851 ἃ
883 1746 1295 1882 dispostionum,
1331 1769 1422 1850 aut
1450 1748 1552 1865 stne
1588 1748 1668 1854 dis·

218 1895 444 1991 cretione
480 1886 755 2019 spirituum.
828 1912 872 1995 Ι.
902 1940 941 2010 9.
968 1908 1200 1996 del‘raenot.
1217 1912 1268 1995 C.
1296 1937 1332 1996 r.
1354 1910 1404 1994 src
1427 1912 1564 1999 habete
1597 1911 1667 1997 dis·

217 2020 429 2129 licillimum
458 2027 578 2110 estin
606 2028 680 2110 hac
705 2055 746 2110 re
769 2026 981 2133 judicium
1019 2029 1308 2115 communicant
1333 2030 1436 2109 enim
1459 2022 1559 2138 saepe
1582 2054 1667 2112 cum

213 2140 362 2227 utvinis
397 2141 700 2251 praedationibus
738 2132 950 2240 naturales,
987 2165 1074 2222 cum
1112 2136 1368 2251 superstitiosis
1409 2137 1591 2239 curiosa,
1620 2168 1666 2228 ex

218 2253 368 2368 quibus
393 2280 475 2337 non
499 2260 576 2361 jam
601 2256 740 2338 mixtio
768 2249 922 2338 resultet
939 2276 1058 2365 atque
1083 2251 1274 2349 confusio,
1295 2252 1427 2336 verbm
1453 2257 1575 2340 nostri
1595 2284 1666 2368 po·

217 2374 295 2453 tius
314 2363 421 2451 oculi
443 2354 619 2455 mentalis
639 2363 907 2455 hallucinatios
950 2370 990 2448 δε
1021 2370 1146 2450 anima
1177 2368 1389 2451 existimate
1413 2368 1555 2479 potest,
1580 2396 1665 2481 pcr-

218 2477 357 2594 oepilse
385 2481 433 2565 ab
462 2483 617 2594 angelis,
647 2482 761 2595 quod
783 2477 943 2594 ipsamet
959 2507 1007 2565 ex
1036 2475 1149 2592 seipsa
1171 2478 1295 2577 finxit,
1323 2476 1386 2565 vel
1411 2482 1552 2565 somno
1572 2510 1666 2598 pra-

213 2597 361 2709 pedita‚
388 2590 452 2679 vel
477 2598 599 2679 nimio
627 2624 762 2681 amore
789 2597 1015 2691 obcoecati,
1046 2590 1109 2677 vel
1134 2596 1416 2679 ardentioribus
1443 2598 1547 2681 odiis
1576 2592 1664 2682 affe·

215 2718 291 2808 cia,
312 2706 375 2794 vel
396 2704 665 2822 corporalibus
687 2712 834 2797 morbis
851 2705 1094 2794 hallucinata.
1155 2713 1259 2793 Hinc
1282 2706 1434 2821 regulas
1457 2714 1664 2799 conllinte·

213 2848 258 2908 re
286 2818 458 2935 oportet,
482 2824 624 2936 quibus
651 2826 780 2909 divina
800 2826 850 2908 ab
870 2826 1046 2907 humanis
1066 2818 1320 2907 secernantur.
1378 2828 1660 2937 perpendenda

217 2941 333 3049 igitur
360 2933 563 3022 revelantis
585 2939 775 3035 conditio,
797 2934 876 3052 ipsa
900 2962 1034 3020 natura
1052 2932 1297 3022 revelationis
1321 2941 1361 3019 δε
1382 2945 1465 3042 ejus
1489 2948 1663 3052 proprie·

211 3074 329 3141 tarem
369 3076 497 3137 utrum
523 3057 564 3136 in
585 3048 666 3136 aliis
688 3056 863 3166 genuinis
898 3046 1204 3136 revelationibus
1237 3058 1487 3165 reperiantur,
1517 3056 1660 3139 &vita

214 3172 254 3250 ut
277 3192 406 3251 mores
429 3161 611 3278 persona,
635 3165 725 3251 dein
753 3193 841 3281 quae
864 3169 1031 3279 patiatur
1059 3162 1313 3263 extrinsecus,
1341 3162 1571 3253 affeciiones
1607 3173 1660 3253 vi·

95 3327 103 3335 -
206 3274 358 3389 delicet
379 3284 455 3366 &c
480 3274 550 3366 sed
570 3285 738 3366 exactius
768 3277 997 3369 discretione
1018 3279 1215 3393 spirituum
1240 3275 1496 3369 secernuntur.

73 3604 77 3609 Ι
319 3482 490 3611 Regula
533 3511 607 3607 ¹4
661 3472 1022 3581 Revelationes
1057 3472 1418 3612 personarum,
1464 3483 1520 3579 in
1556 3487 1658 3617 qui·

211 3616 309 3725 bus
371 3610 814 3754 deprehenduntur
861 3619 1016 3724 causae
1064 3623 1368 3754 propinquae
1412 3612 1656 3729 fraudum

211 3785 305 3865 aut
337 3759 665 3881 illufionum,¹
697 3756 751 3865 dt
784 3758 899 3895 ipsae
943 3788 1040 3895 pto
1086 3757 1309 3894 suspectis
1353 3752 1654 3868 habeantur.

206 3902 253 3988 L
273 3929 311 3999 9·
335 3904 497 3985 l'raenot
521 3900 572 3982 C.
597 3930 636 3984 a.
693 3897 807 3984 Tales
831 3925 962 3984 autem
988 3892 1160 4012 persone
1182 3893 1266 3981 sunt
1297 3924 1334 3981 t.
1359 3903 1429 4011 qui
1442 3901 1564 3986 nimia
1578 3930 1658 3989 ma·

205 4018 267 4097 cie
289 4008 460 4097 consecti
486 4004 642 4099 cholera
667 4017 774 4125 nigra
791 4009 995 4109 laborant,
1023 4034 1091 4096 tut
1110 4008 1215 4095 senio
1242 4021 1422 4097 macerati
1449 4014 1502 4097 ad
1535 4042 1659 4103 extre-

205 4152 310 4246 mam
332 4127 567 4243 decrepitam
600 4150 888 4243 pervenerunt,
915 4124 983 4213 nili
1002 4130 1043 4213 in
1062 4128 1109 4214 iis
1131 4120 1253 4212 multa
1286 4120 1489 4214 siraninus
1515 4131 1659 4217 indicia

1559 4274 1655 4362 praa·
