3796 4994
214 350 317 445 324
588 310 789 409 Revelat.
810 304 863 403 de
885 302 1074 439 Agr'eda.
1096 310 1207 402 Pars
1227 306 1285 402 ll.

211 542 353 637 petunt
373 514 398 603 ai
419 514 528 612 Deo,
547 536 637 599 eum
660 516 823 625 ςιινιιοι
840 505 1049 595 offendunt
1074 508 1244 623 quadam
1269 500 1486 621 periculosa
1514 514 1559 594 dc
1574 512 1663 598 hor·

209 636 331 723 tenda
356 628 627 716 inurbanitate.
710 629 815 709 Nam
842 651 890 708 ex
919 618 1148 723 dulcedine,
1182 646 1259 737 qua
1284 616 1375 706 illos
1397 624 1513 709 Deus
1533 625 1663 739 digm-

210 742 288 846 tur⁸,
316 738 597 830 insolescentes,
621 739 769 823 audent
788 736 846 822 ob
869 732 1078 821 elationem
1104 736 1251 821 cerebri
1271 761 1360 819 cum
1378 734 1568 823 immensa
1588 765 1664 825 ma·

210 864 344 969 ’estate
369 880 484 969 agere
510 850 590 938 fine
613 851 746 935 debita
779 854 992 935 cernentia
998 905 1013 949 ,
1041 873 1109 934 aut
1135 876 1184 933 ex
1216 876 1314 935 vana
1347 847 1572 936 curiositate
1599 878 1666 965 per

215 980 296 1060 vias
314 962 614 1082 supernaturales
632 965 815 1078 indagare
840 990 915 1060 res,
942 962 1225 1049 trascendentes
1252 988 1388 1049 eorum
1411 958 1665 1065 intelledium,

218 1113 317 1201 quas
336 1110 416 1166 non
441 1084 625 1164 convenit
645 1076 731 1189 ipsis
755 1072 861 1162 scire.
943 1077 990 1161 ld
1012 1103 1060 1165 ex
1082 1105 1134 1162 eo
1156 1080 1361 1189 provenit,
1383 1081 1478 1190 quia
1501 1079 1666 1167 erronei

214 1200 402 1304 iudicant,
428 1188 596 1279 eundem
626 1189 701 1277 elle
720 1188 906 1290 modurn,
927 1186 1160 1276 familiariter
1190 1192 1332 1303 agendi
1362 1217 1453 1277 cum
1480 1192 1596 1294 Deo,
1623 1219 1666 1279 ac

216 1342 306 1399 cum
325 1307 563 1394 hominibus.
651 1322 744 1406 με.
772 1308 873 1389 Νοιι
896 1304 1043 1389 incidas
1065 1310 1105 1387 in
1132 1309 1385 1388 temeritatem
1412 1329 1570 1405 eorum,
1599 1309 1666 1423 qui

215 1416 705 1647 {suillium
721 1413 960 1617 filliis
976 1414 1665 1644 'liql‘rssslilsslfffflssl

624 1594 637 1633 a
955 1586 970 1629 ι
1648 1576 1664 1600 “

92 1709 118 1731 ι
217 1674 287 1739 net
308 1649 359 1735 ad
375 1674 513 1733 eorum
529 1672 667 1731 vanam
690 1642 968 1747 curiositatem,
988 1668 1114 1731 ortam
1135 1670 1217 1729 non
1240 1672 1288 1729 ex
1308 1642 1465 1731 fervore
1484 1640 1605 1733 sandi
1626 1675 1665 1749 ιι,

217 1768 353 1861 moria,
372 1758 439 1847 sed
456 1788 504 1849 ex
522 1759 748 1849 inordinatis
766 1753 980 1845 affebiibus.
1061 1786 1154 1858 ιιι.
1183 1755 1346 1871 ipsamet
1365 1754 1449 1843 ausa
1467 1787 1556 1846 non
1574 1758 1663 1865 sum,

215 1879 362 1993 precari
385 1877 540 1972 Deum,
560 1900 602 1959 ut
625 1869 799 1959 mihi-vil
828 1869 959 1987 aliqui
989 1873 1288 1959 exoaordinaria
1309 1869 1530 1959 manifestet
1550 1871 1662 1959 ullam

216 2020 315 2094 rem,
337 2014 381 2075 ut
397 2016 462 2074 me
482 1982 620 2072 liberet
643 1984 774 2098 aliqua
802 1987 1137 2088 incommoditate,
1162 2010 1227 2072 aut
1245 2013 1294 2069 ex
1314 1988 1489 2072 humano
1512 1993 1663 2075 motivo

217 2108 422 2192 certiorem
441 2100 567 2184 faciat.
647 2104 752 2184 Nam
768 2101 850 2182 haec
866 2124 999 2211 petere
1018 2097 1122 2185 foret
1140 2093 1318 2186 naturalis
1334 2097 1549 2201 infirmitas,
1567 2129 1661 2187 vana

216 2213 436 2311 munitas,
459 2234 526 2299 aut
547 2208 850 2325 reprehensibilis
876 2211 1031 2297 malitia.
1084 2217 1125 2298 Si
1148 2239 1276 2299 autern
1298 2210 1482 2327 adigebat
1509 2243 1577 2303 mc
1598 2244 1662 2303 ne·

219 2326 362 2417 ceditaa
383 2332 439 2413 ob
464 2329 660 2412 honorem
687 2328 780 2425 Dei,
803 2350 869 2409 aut
892 2322 965 2410 alia
986 2324 1216 2414 inevitabilis
1237 2326 1414 2427 occasio,
1435 2353 1532 2415 tunc
1554 2356 1661 2445 pete·

216 2444 311 2539 bam
330 2440 354 2529 i
372 2445 465 2527 Deo
480 2438 688 2539 licentiam,
705 2440 799 2524 Deo
823 2440 1074 2551 proponendi
1099 2468 1230 2527 meum
1253 2439 1499 2527 defiderium.
1573 2472 1661 2551 530.

218 2558 353 2649 Scribe
377 2558 457 2653 boc
484 2556 762 2643 documentum
789 2555 830 2639 in
855 2554 979 2642 corde
997 2578 1092 2645 tuor
1121 2581 1237 2653 cave,
1265 2581 1316 2640 ne
1337 2580 1514 2667 unquam
1532 2584 1584 2643 ex
1607 2564 1661 2644 in·

219 2674 418 2761 ordinatio
432 2666 582 2755 curioso
600 2669 790 2755 desrderio
810 2665 903 2752 scire
920 2668 1126 2767 defideres,
1143 2667 1257 2783 quod
1277 2664 1512 2755 transcendit
1529 2672 1662 2759 hume·

151 2864 158 2874 .
218 2815 313 2875 num
330 2778 579 2869 intellectum.
646 2784 752 2865 Nam
793 2782 905 2865 Deus
931 2809 1013 2868 non
1049 2776 1148 2867 solet
1177 2779 1411 2896 respondere
1436 2782 1661 2893 hujusmodi

217 2898 498 3011 imprudentia,
520 2902 557 2979 dc
577 2921 757 3007 magnam
773 2918 910 2979 contra
926 2922 1012 2980 eam
1028 2895 1146 2981 habet
1168 2891 1466 3008 displicentiam
1497 2898 1661 2987 doemon

220 3037 352 3101 autem
379 3016 426 3121 in·
456 3005 627 3122 personis
663 3003 894 3093 sedautibut
928 3005 1158 3121 spiritualem
1187 3015 1304 3095 vitam
1335 3009 1496 3095 adhoc
1529 3020 1661 3099 vitium

220 3122 382 3217 solliciti
402 3118 585 3236 invigilat.
671 3125 719 3205 Et
743 3118 834 3204 ficut
858 3117 937 3234 ipse
961 3118 1194 3236 plerumque
1223 3125 1277 3207 est
1300 3122 1443 3209 author
1470 3128 1661 3231 musmodi

221 3268 348 3356 pravae
372 3238 608 3332 curiositatis,
625 3260 710 3321 eam
731 3230 945 3337 suiassutid
969 3236 1282 3335 commovendo,
1307 3240 1362 3320 ita
1384 3232 1485 3323 solet
1506 3240 1661 3326 adeam

218 3350 477 3465 respondere,
504 3344 820 3435 transformando
847 3346 885 3433 se
905 3352 945 3435 iit
973 3346 1152 3465 angelum
1178 3348 1299 3447 lucis,
1338 3354 1378 3432 ἃ
1410 3352 1662 3467 imperfectos

222 3491 344 3581 atque
372 3470 549 3549 incautos
582 3459 838 3575 decipiendo.¹
913 3467 963 3549 Et
990 3464 1133 3549 etiamfi
1166 3464 1357 3571 eiusmodi
1387 3468 1661 3583 interrogatio·

218 3608 289 3669 nes
310 3579 459 3665 tanttlm
482 3578 673 3661 orirentur
689 3602 739 3661 ex
760 3570 899 3662 affecto
916 3572 1088 3674 naturali,
1104 3606 1186 3663 non
1205 3580 1335 3663 iamen
1364 3577 1488 3666 essent
1503 3608 1660 3695 propte·

30 3686 33 3695 ’
159 3788 163 3796 ,
221 3720 287 3779 rea
304 3688 546 3786 attentandae,
567 3694 659 3802 quia
681 3712 812 3773 natura
838 3716 1018 3804 corrupta
1037 3693 1155 3776 habet
1177 3695 1216 3774 in
1243 3688 1291 3777 sc'
1308 3686 1540 3780 affectiones
1563 3702 1661 3782 inor·

163 3860 167 3865 -
220 3810 380 3891 dinatus.
463 3800 726 3890 Consimiliter
742 3831 822 3887 non
850 3806 904 3888 est
925 3802 1229 3919 confugiendum
1251 3807 1303 3890 ad
1322 3803 1591 3895 revelationes‘
1607 3810 1661 3896 dl·

89 3950 93 3955 ’
221 3922 526 4033 vincuntque
555 3902 805 4003 lelibereti
836 3915 1171 4007 tribulationibusr
1210 3922 1301 4033 quia
1333 3918 1487 4009 serium
1522 3925 1661 4013 Christi

219 4058 393 4151 quarere
412 4036 534 4149 magis
552 4036 735 4122 convenit
755 4054 898 4139 cruces,
917 4031 1038 4147 quim
1053 4030 1200 4149 fugere·
1318 4052 1322 4057 ·
1398 4042 1434 4111 -i‘

1574 4164 1659 4263 5³¹3
