3796 4994
602 256 906 359 Revelationes
940 261 985 356 S.
1026 250 1267 357 Gertrudi't'.
1589 278 1660 391 '97

214 462 399 548 thronum
429 461 614 563 Domini,
647 469 694 547 ἃ
728 458 835 549 simili
869 462 1082 558 desiderio,
1123 463 1217 547 ficut
1253 484 1343 546 ante
1379 457 1658 555 desideraverat
1777 569 1780 575 Ι

214 582 430 689 pervenite,
451 606 539 660 cum
556 584 596 663 in
628 603 740 688 porta
768 584 890 661 teneti
912 577 1118 672 videretur,
1161 580 1275 661 etiam
1305 603 1410 660 nune
1432 576 1660 662 destderavit

214 717 325 774 tuere
347 695 387 773 in
414 686 611 803 amplexus
635 696 674 773 &
699 688 831 775 sociati
854 686 990 773 osculis
1020 687 1164 802 sponfi,
1183 687 1254 774 sed
1273 685 1379 774 fimili
1401 690 1659 801 impedimen·

214 827 259 886 to
283 805 497 888 tenebatur.
557 807 740 916 Cumque
766 805 815 886 ab
846 807 925 887 hoc
943 809 1079 886 iterum
1104 798 1194 888 esset
1215 800 1385 901 liberata,
1407 802 1566 887 tandem
1590 830 1659 915 ap·

214 920 338 1027 paruit
357 945 439 1000 non
461 913 615 1028 plenam
638 919 779 1030 adepta
806 914 1010 1028 gioriame
1035 912 1100 998 sed
1125 920 1321 1001 Dominus
1333 915 1549 1028 'videbatur
1576 942 1658 999 mn-
1751 996 1756 1012 ,

214 1032 328 1113 nibus
357 1028 430 1114 suis
458 1056 592 1116 tenete
620 1056 806 1114 coronam
826 1037 924 1113 mito
951 1031 1078 1113 modo
1107 1055 1294 1130 ornatam,
1321 1055 1437 1142 quam
1467 1028 1560 1113 dum
1588 1026 1658 1138 ipfi

213 1145 449 1253 imponeret,
476 1171 564 1250 cum
587 1171 632 1229 ea
655 1143 820 1256 plenum.
842 1145 1024 1255 gaudium
1054 1167 1134 1227 erat
1156 1169 1371 1256 acceptura.
1439 1147 1532 1228 Hanc
1559 1142 1657 1226 dum
1740 1201 1743 1207 -

215 1258 431 1340 Gertrudes
474 1258 593 1354 vidit,
636 1256 831 1371 requisivit
860 1257 885 1342 i
916 1259 1096 1341 Domino
1133 1256 1291 1342 dicens:
1337 1259 1446 1342 Num
1481 1257 1657 1341 Domine

214 1371 342 1479 potest
370 1371 449 1452 hoc
473 1367 549 1454 esse
572 1376 613 1454 in
635 1398 757 1481 tegno
776 1397 867 1471 tuo,
889 1372 1003 1484 quod
1025 1372 1150 1454 anima
1169 1366 1236 1454 tali
1262 1366 1545 1482 exspectatione
1569 1396 1655 1453 cru·

215 1487 364 1566 cietur?
415 1477 626 1594 Respondit
665 1489 879 1568 Dominus:
926 1488 1024 1568 Non
1054 1487 1263 1583 cruciatur,
1290 1482 1355 1568 sed
1388 1502 1477 1567 cum
1510 1483 1654 1597 gaudio
1811 1549 1816 1569 .

216 1591 407 1705 exspeiiat
442 1593 830 1692 consummationem,
862 1596 955 1680 ficut
979 1591 1129 1708 puella,
1159 1625 1247 1709 quae
1274 1599 1382 1680 videt
1414 1601 1455 1679 in
1479 1597 1656 1681 manibus

216 1713 345 1791 matris
375 1734 621 1807 ornamenta,
660 1712 802 1825 quibus
829 1705 1004 1824 sequenti
1040 1712 1105 1792 die
1133 1705 1230 1792 festo
1259 1712 1314 1794 est
1341 1710 1538 1809 ornanda,
1567 1736 1657 1792 cum

215 1821 361 1932 gaudio
390 1820 578 1934 exspeoiat
607 1824 711 1908 diem
736 1821 855 1908 iilum.
939 1827 1032 1908 Haec
1059 1821 1237 1907 dositina
1279 1850 1360 1907 non
1396 1817 1517 1906 solum
1559 1816 1660 1905 diffi-

216 1929 297 2016 cilis
336 1937 469 2019 estex
513 1964 590 2033 eo,
632 1943 726 2049 quia
758 1940 798 2021 S.
826 1937 1058 2049 Augustinus
1094 1935 1215 2020 docet
1250 1933 1325 2019 esse
1365 1935 1577 2043 hereticam
1611 1936 1657 2017 ii·

214 2043 292 2130 lam
319 2043 615 2160 pelagianorum
639 2055 879 2148 docuinam,
903 2076 982 2165 qua
1014 2045 1238 2147 asscrebant,
1266 2047 1369 2134 aliud
1398 2044 1472 2133 esse
1492 2073 1655 2160 regnum

216 2160 357 2244 Christi
390 2169 427 2246 δι
459 2157 564 2247 aliud
591 2166 706 2247 vitam
733 2190 937 2264 aeternam,
969 2166 1010 2246 in
1043 2190 1122 2278 qua
1155 2164 1336 2252 nondum
1366 2163 1531 2248 habetur
1563 2162 1658 2243 bea·-

214 2274 343 2357 titudo
366 2277 549 2386 perfecit.
634 2278 715 2362 Sed
740 2283 853 2362 etiam
878 2305 926 2362 ex
948 2303 1013 2374 eo,
1040 2281 1132 2390 quia
1161 2274 1188 2360 fi
1215 2277 1328 2361 datur
1354 2271 1437 2362 talis
1466 2273 1658 2387 exsposit-

215 2391 273 2469 tio
294 2392 334 2470 in
352 2417 509 2499 poenam
533 2396 694 2500 peccati,
715 2397 752 2474 δι
775 2392 936 2503 quidem
958 2391 1161 2489 diuturna,
1190 2386 1397 2476 necessario
1421 2394 1587 2478 cruciata
1615 2390 1656 2469 δε

216 2506 356 2611 paritas
375 2502 397 2585 i
418 2504 572 2588 Christo
604 2504 770 2597 adduiia
796 2506 924 2615 p'otest
947 2507 1104 2592 invertit
1144 2503 1170 2586 st
1200 2508 1301 2587 enim
1334 2529 1455 2587 mater
1477 2498 1658 2584 ostendo-

216 2639 276 2695 ret
296 2610 382 2698 fiiiae
403 2644 579 2700 ornatum
600 2616 764 2728 primum
787 2615 1067 2702 conferendum
1089 2617 1176 2727 post
1202 2643 1361 2713 annum,
1387 2621 1426 2699 ἃ
1452 2616 1532 2699 haec
1561 2609 1658 2716 dila·

216 2729 274 2808 tio
304 2726 411 2814 fieret
448 2733 488 2812 in
527 2758 687 2840 poenam
725 2726 878 2828 desisti,
915 2757 999 2837 non
1034 2725 1160 2841 posset
1195 2757 1275 2812 non
1320 2731 1529 2814 contristiti
1567 2721 1658 2811 filia.

219 2841 340 2925 Certe
370 2845 562 2955 Scriptura
594 2844 779 2928 Provetb.
812 2872 874 2945 η.
909 2844 1020 2928 dicit:
1074 2841 1181 2955 Spes,
1210 2869 1289 2953 qua
1318 2839 1521 2958 differtur,
1561 2837 1657 2954 affli-
1720 2891 1723 2896 Α

212 2955 490 3068 gisortium,
531 2963 571 3039 δι
600 2984 738 3041 omnes
764 2952 962 3070 Theologi
998 2955 1171 3055 docent,
1216 2960 1473 3067 privationem
1504 2953 1657 3040 visionis

215 3071 402 3153 intuitivae
432 3066 558 3153 secum
594 3067 694 3154 ferte
722 3073 906 3155 tristitiam
936 3096 983 3155 ac
1013 3073 1247 3169 cruciatum,
1279 3098 1368 3183 quae
1404 3094 1533 3152 tamen
1572 3065 1659 3149 sunt

215 3175 386 3267 alienati
410 3209 532 3294 regno
560 3189 647 3268 Dei.
713 3191 768 3269 Ut
790 3187 945 3269 testatur
962 3184 1000 3268 S.
1014 3189 1192 3287 'Joannes
1216 3187 1255 3268 in
1275 3177 1523 3296 Apocalypsi.
1586 3181 1659 3262 Hit

217 3297 569 3380 nonobstantibus
601 3324 682 3380 non
720 3299 774 3381 esi
799 3297 1063 3410 improbabilis
1095 3290 1163 3380 iiie
1198 3293 1413 3411 progressus
1446 3298 1659 3380 animatum

215 3414 462 3520 purgantium
485 3410 681 3524 usquead
708 3411 989 3497 beatitudinem
1014 3406 1239 3523 perfetum.
1448 3412 1456 3423 '
1586 3444 1589 3451 ⁴
1636 3442 1639 3447 ·

360 3635 507 3743 XLV.
579 3639 634 3743 L.
677 3678 721 3771 5.
756 3635 817 3743 C.
859 3674 936 3765 23·
1007 3636 1150 3747 Cum
1185 3639 1235 3746 S:
1254 3633 1526 3747 Getttudes
1562 3660 1658 3769 pto

218 3785 391 3880 anima
442 3776 661 3885 defuneii
716 3778 918 3885 offerret
980 3778 1126 3884 Duo
1180 3814 1339 3886 omne
1383 3804 1518 3915 opus
1567 3775 1660 3879 bo·

216 3949 390 4036 num,
437 3924 579 4056 quod
626 3923 889 4028 Dominus
934 3956 1169 4062 unquam
1223 3918 1562 4063 dignatusest
1606 3924 1661 4016 in
1798 3975 1802 3979 -

332 4077 455 4168 1213.
469 4076 956 4182 A.deReoeiat.ParslI2
1052 4185 1058 4194 ,
1151 4083 1194 4169 Ν
1584 4083 1660 4161 ea,
