3772 4988
224 281 337 388 38⁸
594 258 794 358 Rrvrlar.
814 253 866 364 de
884 251 1069 388 Agreda.
1093 260 1205 352 Pars
1227 255 1284 352 Η.

340 486 462 562 1275·
497 462 601 546 Inter
619 457 702 544 illas
726 485 862 572 poenas
882 460 1049 543 Christus
1074 483 1148 569 pro
1167 451 1239 541 suis
1254 450 1441 543 fidelibus
1462 458 1664 542 renovavit

170 608 173 613 ·
221 578 483 667 uertitudines
506 568 703 686 promissas
730 576 890 658 dicens:
931 574 1044 659 Beati
1068 573 1133 681 ptn'
1160 566 1351 684 mansuete
1371 572 1583 681 patiuntur
1644 617 1661 636 ·

59 790 63 797 ,
214 696 411 802 sibimet,
432 690 521 797 quia
544 683 769 796 possidebunt
789 697 932 774 serram
955 681 1123 771 bumana
1146 680 1431 779 voluntatis&
1455 678 1585 769 cordis
1593 575 1665 796 sm

222 829 371 893 amoerra
406 799 706 911 converflrsione‚
734 797 792 892 ἐς
817 801 1035 884 amoenisase
1060 798 1235 882 virtutis.
1640 865 1644 871 .

153 978 158 985 .
344 935 463 1008 ¹278·
490 915 534 994 In
560 911 684 1005 domo
701 913 876 1023 Cayphae
898 911 995 996 vidit
1020 917 1175 994 Petrum
1199 902 1272 992 alia‘
1295 908 1473 1006 ostiaria,
1502 936 1664 1024 quarac-

223 1023 325 1113 cessit
344 1027 396 1110 ad
422 1021 560 1109 milites
581 1026 720 1108 stantes
741 1023 799 1108 ad·
815 1029 960 1135 ignem,
987 1024 1139 1107 dicens:
1167 1066 1189 1086 ·
1244 1023 1383 1106 Postea
1416 1029 1560 1109 Petrus
1590 1030 1664 1108 exi·

223 1148 278 1224 vit
303 1167 352 1222 ex
376 1143 486 1236 atrio,
510 1143 548 1220 δι
580 1139 788 1221 circumivit
817 1142 916 1220 circa
941 1138 1105 1220 domum
1127 1132 1210 1218 fere
1238 1161 1308 1244 per
1335 1136 1488 1222 boram.
1559 1144 1664 1222 Tunc

223 1251 371 1337 accessit
395 1250 445 1334 ad
472 1276 561 1343 eum
581 1244 675 1331 alius
699 1251 877 1345 minister,
901 1273 1087 1360 cognatus
1103 1243 1262 1347 Malchi,
1283 1252 1345 1331 cui
1367 1246 1585 1336 absciderat
1602 1277 1664 1335 au·

222 1360 380 1450 riculam
401 1364 555 1445 dicens:
584 1356 648 1446 Tu
672 1388 711 1446 et
736 1360 914 1447 Gasisaeus
941 1410 960 1427 ·

20 1549 28 1563 .
344 1503 465 1574 1²79·
501 1471 654 1558 Lucifer
682 1474 733 1559 ab
758 1478 1087 1586 initio'permovit
1112 1472 1405 1570 dracomaria,
1430 1475 1526 1559 dein
1551 1482 1661 1563 uiam

57 1602 60 1608 '
223 1586 389 1689 militer,
425 1611 469 1671 ut
499 1610 678 1671 urerent
708 1594 865 1672 Petrum
893 1586 1273 1698 interrogationibus.
1302 1633 1320 1651 -
1380 1589 1511 1693 Quod
1539 1591 1662 1675 divina

163 1692 172 1701 ’
224 1699 479 1787 misericordia
502 1615 706 1813 respexerit
725 1705 894 1797 Petrum,
916 1703 995 1784 hoc
1021 1698 1270 1784 tribuendum
1290 1703 1336 1783 B.
1363 1704 1541 1812 Virgini,
1565 1731 1658 1815 φιτ,

224 1841 268 1905 ut
289 1819 475 1928 cognovit
495 1819 743 1925 negationem
763 1819 879 1909 Petri,
892 1815 1017 1897 statim
1040 1814 1082 1895 in
1103 1808 1171 1895 suo
1193 1807 1375 1896 cubiculo
1392 1821 1521 1901 oravit
1548 1866 1564 1881 ·
1594 1822 1661 1899 Pe·

223 1955 305 2017 trus
325 1952 454 2012 autem
480 1923 621 2009 dolens
648 1930 766 2010 exivit
793 1926 956 2010 edomo
982 1927 1178 2037 Cayphae,
1194 1920 1312 2037 seque
1335 1923 1503 2013 contulit
1528 1933 1569 2012 in
1584 1925 1662 2039 spe·

58 2124 61 2128 .
226 2071 327 2142 cum,
354 2068 440 2152 quae
473 2062 575 2121 nunc
602 2062 764 2121 vocatur
790 2039 911 2124 Canta
939 2033 1071 2136 Galli,
1094 2038 1180 2149 post
1197 2061 1272 2121 tres
1301 2039 1416 2122 horas
1439 2041 1611 2125 obtinuit
1631 2046 1661 2124 i·

123 2185 128 2199 ·
223 2180 350 2241 terum
368 2155 528 2264 gratiam
553 2154 592 2232 δι
616 2153 780 2233 veniam.
834 2156 879 2233 B.
906 2155 974 2236 Vir
1002 2178 1030 2232 o
1047 2150 1144 2234 mifit
1164 2147 1242 2234 ins
1263 2178 1373 2235 tcum
1386 2151 1585 2265 angelum,
1595 2158 1657 2266 qui

225 2294 317 2352 eum
346 2259 618 2347 consolaretur.
700 2259 870 2376 Angelus
898 2263 949 2346 cb
971 2178 1009 2347 se
1028 2259 1193 2351 contulit
1252 2290 1328 2360 arn,
1346 2268 1399 2348 ita
1413 2291 1457 2349 ut
1473 2295 1557 2350 non
1580 2266 1659 2351 fue·

223 2384 274 2467 tit
290 2373 386 2462 visus
414 2375 596 2464 aPetror
624 2379 703 2469 eius
723 2404 819 2490 ergo
844 2369 1154 2487 inspirationibus
1180 2382 1312 2460 Petrus
1339 2378 1584 2465 confortatus
1606 2407 1658 2466 re·

147 2564 152 2583 ,
225 2516 359 2604 ceptus
394 2487 467 2577 suit
504 2494 543 2573 in
580 2494 740 2601 gratiam
776 2492 832 2574 ob
869 2488 1175 2599 intercessionem
1211 2493 1345 2575 Matris
1374 2498 1554 2578 omnium
1581 2521 1657 2607 gra·

223 2629 374 2692 uarum.

255 2755 257 2758 ⁴
345 2736 465 2815 1283·
494 2717 592 2800 Mihi
615 2739 772 2801 eatenus
795 2718 967 2812 circaea,
987 2741 1073 2828 φιτ
1089 2716 1259 2801 Christus
1276 2713 1399 2828 passus
1416 2721 1472 2803 est
1492 2723 1581 2832 post
1597 2746 1655 2803 ne·

205 2833 422 2944 'gationem
441 2832 543 2912 Petri
565 2857 689 2942 usque
705 2854 830 2925 mane,
853 2827 1018 2914 revelata
1031 2824 1160 2942 aliqua
1178 2827 1448 2947 fueruntque
1465 2861 1549 2919 ιιοιι
1570 2861 1656 2921 con·

225 2945 333 3029 venit
354 2940 581 3025 manifestari
605 2941 799 3026 omnibus.
1400 3025 1407 3033 ,

215 3087 219 3093 ·
344 3075 466 3154 1284.
506 3063 605 3138 Cum
627 3055 676 3137 src
704 3061 777 3156 jam
800 3053 983 3139 transterit
1008 3054 1179 3140 medium
1199 3057 1346 3158 nostis,
1374 3058 1545 3144 statuunt
1570 3087 1655 3170 con·

202 3173 371 3283 ¹gregati
387 3164 425 3250 se
449 3167 542 3251 dare
560 3171 696 3279 quieti.
751 3171 902 3251 Interea
922 3192 1048 3253 autem
1071 3170 1207 3275 jubent
1234 3171 1426 3255 Christum
1454 3172 1656 3258 detrudiiu

152 3332 156 3338 -
225 3277 451 3392 ergastulum
473 3277 712 3389 probandum
737 3279 804 3362 sub
835 3305 944 3366 terra.
1001 3276 1071 3364 llle
1092 3309 1220 3366 carcer
1246 3308 1327 3365 erat
1354 3285 1564 3371 destinatus
1590 3312 1655 3396 pro

223 3392 405 3505 peffimisr
435 3396 497 3473 vix
515 3392 684 3475 habebat
708 3420 844 3504 parum
861 3391 1027 3490 suminis,
1058 3399 1096 3477 δι
1121 3420 1200 3479 crat
1228 3392 1500 3497 foetidissimus,
1523 3395 1654 3512 quiai

220 3499 352 3623 multis
372 3508 481 3585 annis
504 3531 585 3588 non
605 3531 684 3588 crat
708 3520 902 3617 purgatus.
955 3509 1038 3593 suo
1057 3504 1202 3594 foetore
1223 3505 1406 3622 potuisset
1425 3512 1583 3599 inficere
1600 3538 1654 3597 to·

221 3638 301 3701 tam
319 3614 498 3713 domum,
519 3617 587 3702 nisr
606 3616 731 3703 fuisset
750 3624 828 3702 t‘sm
849 3616 1079 3731 profundus.

342 3746 463 3829 ηις.
504 3732 548 3813 Ιιι
582 3733 655 3815 hac
688 3758 821 3844 crypta
853 3731 1096 3817 subterranea
1126 3730 1199 3817 suit
1228 3734 1402 3845 Christus
1426 3733 1655 3852 alligatusin

94 3938 100 3960 ἱ
220 3835 357 3954 aliquo
381 3837 525 3954 angulo
543 3845 599 3930 ad*
610 3841 766 3929 frustum
785 3850 903 3955 rupis,
929 3845 1124 3929 siccamen
1142 3872 1182 3929 ut
1207 3874 1279 3931 nec
1299 3843 1450 3949 sedere,
1473 3881 1548 3937 nec
1567 3851 1603 3938 se
1624 3881 1657 3937 e·

219 3959 343 4071 rigere
361 3961 545 4067 potuerit.
626 3962 716 4044 Hoc
737 3956 861 4044 modo
879 3955 1035 4044 funibus
1057 3958 1252 4047 arctissime
1270 3965 1499 4052 constrictus
1515 3964 1656 4053 reboo

1593 4079 1657 4167 sut
