3796 4994
546 221 743 318 Revelat.
766 225 806 315 Β
835 210 1128 317 Vetonina-de
1149 213 1348 346 Binasr'o.
1511 278 1519 297 ·
1563 212 1657 340 ¹at'5

220 425 414 513 Cbtiilur‘n
443 427 661 532 praetorium
690 418 843 506 exivisse
863 417 999 517 Pilati,
1014 434 1264 535 -ctuceinque
1287 413 1466 531 bajulasse
1502 416 1548 508 ta
1583 425 1663 511 diei

194 539 328 633 botai,
357 565 436 649 qua
463 534 514 620 ad
538 539 669 619 Primae
689 531 961 645 persolvendas
984 530 1119 618 laudes
1144 543 1355 619 convenire
1384 540 1547 621 Sorores
1568 565 1661 621 con·

217 649 433 736 sueverunt.
462 695 479 711 ·
537 650 642 733 Cum
685 650 858 731 Christus
893 676 1044 733 crucem
1068 648 1137 732 stbi
1163 644 1333 756 bajulans
1364 654 1436 732 iter
1457 678 1527 760 per
1557 652 1662 737 urbis

217 769 324 849 vicos
346 757 664 874 prosequeretur,
688 759 881 872 satagebat
905 765 1027 872 Virgo
1061 767 1100 845 dt
1123 769 1249 846 Mater
1270 759 1391 844 filium
1422 768 1685 875 contingere,

213 875 282 962 sed
301 874 327 961 a
349 876 462 960 turba
482 869 751 984 repellebatur.
833 876 942 957 Dixit
971 877 1066 958 verb
1090 879 1213 959 Maria
1234 874 1287 958 ad
1302 880 1513 978 Joannemr
1544 885 1664 987 Qua·

213 989 366 1102 so,.qui
391 992 498 1071 vicos
526 987 628 1069 urbis
653 989 767 1082 nolli,
790 1015 859 1097 per
883 988 1039 1073 devium
1058 983 1223 1099 aliquod
1240 987 1479 1098 compendio
1503 1017 1567 1073 me
1596 991 1664 1075 de-

217 1104 378 1199 ducito,
400 1129 484 1213 quo
503 1100 660 1182 tandem
681 1125 813 1183 natum
839 1127 972 1188 meum
1005 1104 1231 1212 contingere
1257 1126 1411 1213 queam.
1467 1100 1570 1205 Juua
1603 1131 1664 1189 ca·

217 1214 364 1329 pellens
385 1220 554 1317 Joanncs
579 1207 720 1295 sociam
744 1208 1029 1297 multitudinem
1051 1213 1103 1297 ad
1125 1215 1273 1298 bivium
1296 1214 1477 1311 deducit,
1507 1214 1574 1298 ubi
1606 1212 1663 1300 la-

216 1338 276 1444 pis
302 1328 422 1411 stabat
440 1333 606 1422 aredius,
630 1328 682 1408 eb
709 1326 889 1409 transiens
916 1321 1091 1410 Salvator
1107 1331 1274 1412 Matrem
1294 1326 1564 1412 animadvertit
1586 1331 1662 1411 ob·

218 1439 411 1529 viamfibi
430 1439 704 1549 prodeuntem,
727 1441 927 1550 dixitquct
960 1442 1089 1539 Meos,
1113 1466 1141 1523 o
1158 1442 1298 1538 Mater,
1323 1440 1522 1548 adjunxisti
1540 1439 1662 1527 dolo·

216 1583 291 1641 res.
349 1557 391 1636 ln
417 1579 572 1637 mutuos
595 1558 691 1636 verb
719 1577 1022 1663 prorumpentes
1036 1546 1263 1662 complexus
1283 1582 1357 1665 pto
1380 1554 1506 1638 verbis
1526 1552 1664 1642 lachri-

218 1696 301 1753 mas
329 1691 491 1778 uterque
518 1665 723 1751 dederunt.
807 1666 895 1748 Erat
922 1692 1051 1748 autem
1072 1689 1178 1749 tanta
1200 1671 1402 1766 utriusque
1423 1666 1591 1768 ubertas,
1620 1697 1664 1757 ut

216 1804 398 1867 materna
415 1775 603 1863 lachrimae
631 1782 725 1862 Nati
744 1773 933 1861 lachrimis
960 1774 1217 1867 miscerentur.
1283 1784 1432 1863 lutetea
1453 1780 1563 1863 Crux
1581 1779 1665 1865 Sal-

218 1898 363 1979 vatoris
385 1895 550 1977 humero
569 1893 717 1974 baerens
747 1886 831 1974 solo
867 1885 1074 1987 dilabitur,
1098 1918 1217 2002 quam
1244 1893 1370 1975 borno
1390 1892 1577 2005 quispiam
1603 1893 1664 1978 su-

216 2007 379 2120 scipiens
412 2010 548 2101 tenuit,
576 2005 709 2087 donec
735 2002 759 2089 a
782 2007 915 2088 Matris
952 1999 1194 2114 amplexibus
1233 2004 1407 2091 Christus
1440 2012 1667 2116 eriperetur.

219 2119 469 2234 Cpgentibus
487 2144 615 2201 autem
636 2119 810 2211 ministris
832 2123 1004 2211 tartareis
1028 2119 1222 2205 Christum
1243 2125 1315 2204 iter
1335 2120 1516 2232 prosequi
1538 2122 1665 2207 homo

216 2231 287 2322 ille
311 2258 480 2345 nequam
500 2257 653 2315 trucem
678 2234 845 2315 humeris
866 2227 1083 2317 coelestibus
1113 2231 1309 2343 imposuit.
1397 2232 1544 2317 Venlm
1575 2246 1665 2320 cuni

216 2344 396 2435 Salvator
423 2341 653 2430 tardiuscule
680 2345 894 2442 incederet,
917 2346 1067 2427 Simoni
1098 2371 1251 2461 crucem
1270 2340 1513 2453 bajulandam
1535 2350 1664 2456 impo-

218 2459 387 2547 suerunt.
472 2462 515 2541 ln
544 2460 616 2541 ltac
645 2463 862 2541 narratione
893 2456 1046 2539 videtur
1069 2451 1224 2554 salsum,
1244 2459 1433 2543 Christum
1456 2465 1532 2561 jam
1555 2458 1664 2564 baju-

215 2571 309 2663 lasse
356 2575 526 2658 Crucem
569 2598 616 2656 ea
659 2574 793 2667 bora,
846 2596 928 2682 qua
979 2570 1088 2682 apud
1121 2566 1329 2675 ,Monam
1378 2564 1476 2657 solet
1515 2576 1665 2660 recitari

218 2694 358 2774 Prima.
1285 2732 1289 2741 ·
1654 2696 1658 2701 '

336 2804 378 2885 1„
406 2824 447 2909 4.
477 2799 529 2884 C.
563 2825 624 2893 ¹7·
678 2798 885 2911 Postquam
912 2792 1091 2883 Salvator
1117 2819 1293 2881 montem
1322 2792 1494 2883 ascendit
1521 2797 1665 2883 Calva-

217 2923 297 3013 τίκ,
319 2917 421 2997 veste
440 2939 574 2995 exutus
600 2912 727 3018 nudus
748 2916 934 3022 appatuit.
950 2959 971 2977 ·
999 2916 1137 3105 Vitpo,
1156 2913 1224 2993 ubi
1249 2910 1422 2995 divinum
1440 2905 1507 2993 filii
1523 2938 1666 3019 corpus

218 3036 369 3114 nudum
397 3031 532 3113 intuita
567 3027 647 3119 est,
677 3020 853 3107 velamen
874 3025 896 3108 ὲ
920 3028 1045 3135 capite
1084 3022 1274 3120 ubduxit,
1298 3019 1462 3135 filioque
1488 3028 1665 3133 proiecit,

219 3143 339 3257 quod
363 3147 550 3251 accipiens
577 3142 692 3241 JElus
714 3134 753 3245 se
770 3142 972 3246 praecinxit.
1015 3140 1141 3233 ¹Ditrit
1170 3141 1550 3239 Veronica'erucem',
1577 3162 1665 3248 qua

214 3282 365 3369 magnac
384 3250 497 3337 molis
518 3277 612 3348 erat,
633 3246 670 3334 se
686 3247 822 3341 ¹vidisse
836 3256 877 3334 in
901 3275 999 3335 tetta
1022 3248 1200 3362 positam,
1214 3248 1322 3358 supra
1343 3245 1513 3359 quantit
1528 3273 1665 3333 exten·

219 3371 321 3461 dens
340 3365 517 3452 Salvator
536 3364 692 3469 renibus
716 3358 828 3474 ligno
845 3363 1077 3476 'haerentibus
1102 3361 1258 3446 brachia
1277 3358 1416 3447 lubens
1436 3361 1621 3474 expandit
1645 3408 1666 3429 -

220 3485 391 3590 acceptis
410 3482 506 3564 verb
533 3474 672 3574 clavis,
698 3503 787 3561 cum
817 3475 1007 3559 foramina
1031 3477 1169 3561 Crucis
1195 3474 1220 3561 i
1247 3471 1361 3557 sabro
1384 3472 1494 3568 sada·
1511 3472 1667 3589 longius

220 3598 433 3689 distarent,
456 3617 498 3676 ut
518 3590 693 3675 manibus
727 3595 765 3673 dc
790 3588 956 3701 pedibus
984 3588 1150 3699 pertingi
1174 3615 1258 3671 non
1277 3582 1558 3698 possent,'sune
1578 3589 1668 3695 bra«,

221 3711 309 3795 chia
334 3732 551 3819 manusque
577 3698 956 3817 circumligaverunt,
984 3704 1134 3811 diuque
1156 3703 1350 3793 trabentes
1367 3727 1564 3819 compage
1575 3727 1668 3785 cor·-

220 3828 331 4021 poris
359 3815 480 3915 soluta
510 3820 741 3918 enodarunt,
784 3843 828 3902 ac
852 3814 1041 3930 precipue
1069 3809 1148 3897 ossa
1175 3814 1352 3897 humeris·
1371 3813 1550 3903 herentia
1571 3806 1667 3897 eol-

253 3933 290 4020 la
310 3930 406 4019 loco
425 3956 568 4023 natura
588 3925 774 4031 cesserunt
800 3978 819 4002 ·
847 3928 1106 4046 quamobrem
1129 3930 1262 4021 otum
1287 3925 1462 4015 membra
1476 3920 1576 4013 loeis
1595 3925 1669 4007 atai-

1573 4060 1668 4120 tura
