3796 4994
538 268 644 396 neg.
663 226 812 363 Prass.
831 266 952 364 ex'S.
972 272 1114 405 joan.
1139 269 1192 366 'de
1208 268 1361 369 'Crucn
1567 308 1667 414 229

229 452 410 576 animae
451 468 771 609 'quandoque
815 473 1030 576 sentiunt
1085 472 1318 582 fortiores
1370 497 1551 586 motus
1600 485 1665 590 ad
1738 558 1742 565 -

226 610 461 728 bonum,
498 612 660 749 qulim
700 609 942 749 perfeslae.
1030 643 1100 721 ilae
1136 664 1211 721 tres
1250 633 1387 752 regulae
1425 649 1668 732 continentur

225 753 267 837 1.
285 753 378 840 CC.
412 753 464 834 C.
490 778 556 851 30·
574 750 641 834 ubi
661 755 737 833 aits
766 747 940 834 Alterum
970 778 1091 862 genus
1120 747 1401 837 allocutionum
1433 760 1668 843 internarum

225 863 265 950 fit
286 865 418 957 verbis
440 866 620 948 distinere
641 859 943 964 acforrrralibus,
970 865 1083 978 quod
1106 859 1318 976 aliquando
1338 862 1667 978 supernaturaliter

199 1001 203 1007 ·
226 975 394 1062 causatur
411 976 490 1064 fine
513 981 793 1089 cooperatione
813 973 1000 1066 sensuum,
1022 980 1316 1091 imprimiturque
1342 978 1419 1064 five
1447 989 1595 1066 animus
1621 982 1666 1069 lit

226 1086 423 1187 rollenus,
446 1089 523 1175 five
548 1088 691 1199 nonsit
711 1086 908 1174 collesius.
968 1093 1072 1175 Dico
1095 1090 1137 1172 id
1158 1089 1240 1173 lieri
1272 1093 1396 1175 verbis
1423 1080 1663 1196 formalibus}

228 1210 310 1317 quia
328 1209 458 1301 anitua
477 1205 659 1300 advertit,
678 1230 724 1287 ea
746 1204 815 1287 ini
837 1206 911 1286 dici
934 1204 988 1289 ab
1005 1201 1077 1288 alia
1102 1201 1276 1314 persona,
1293 1204 1368 1287 fine
1387 1199 1463 1288 ulla
1485 1201 1550 1290 sua
1567 1237 1664 1292 coo·
1708 1267 1712 1271 -

230 1323 435 1431 potatione.
495 1318 746 1430 Distinguitur
774 1320 852 1399 hoc
878 1314 1085 1401 secundum
1102 1344 1222 1428 genus
1243 1314 1489 1403 allocutionis
1506 1325 1663 1405 interum

232 1432 412 1543 iprimo,
433 1433 526 1543 quia
548 1433 615 1513 isia
635 1428 857 1531 consertor,
882 1430 963 1514 sive
983 1435 1107 1514 anima
1127 1428 1170 1514 stt
1196 1425 1358 1534 collecia
1382 1430 1459 1515 sive
1484 1460 1590 1533 non;
1620 1462 1661 1519 e·

236 1571 357 1630 ronna
392 1549 501 1656 prior
526 1535 675 1654 semper
709 1541 875 1628 versatur
900 1548 997 1627 circa
1026 1571 1111 1628 eam
1144 1547 1367 1639 materiam,
1389 1572 1514 1659 quan.-
1537 1552 1660 1631 anima

236 1684 296 1771 pto
315 1647 931 1768 objcaosuaecontemplationis
949 1656 1103 1745 habuits
1132 1661 1170 1739 δι
1201 1684 1249 1741 ex
1272 1658 1351 1741 hoc
1376 1664 1490 1742 etiarn
1513 1655 1655 1759 differt,

241 1775 314 1882 quia
341 1774 383 1855 in
404 1773 474 1855 ista
502 1796 586 1855 uon
619 1794 851 1882 cooperatur
880 1774 1026 1866 anima,
1061 1778 1173 1854 utin
1206 1775 1349 1881 priore,
1413 1777 1506 1856 Haec
1526 1799 1657 1857 autem

242 1883 338 1967 verba
357 1911 440 1967 non
459 1879 607 1995 semper
624 1881 705 1965 sunt
732 1877 854 1976 clara,
873 1878 938 1967 sed
966 1883 1111 1969 habent
1131 1879 1169 1966 se
1199 1879 1413 1996 aliquando
1441 1887 1553 1968 instar
1573 1885 1658 1970 sun·

245 1991 327 2106 plicis
353 2000 600 2109 cogitationis
617 1993 820 2107 inspirataet
847 1991 1059 2110 aliquando
1078 1994 1161 2079 sunt
1180 2023 1320 2108 paucas
1350 1993 1568 2110 aliquando
1590 2027 1658 2084 ve·

243 2111 277 2192 ri
294 2107 423 2206 multa,
443 2115 481 2192 δι
508 2109 668 2224 quidem
689 2112 929 2194 coordinata.
986 2107 1153 2194 Effeiius
1176 2106 1307 2194 talium
1335 2110 1547 2194 verborum
1573 2109 1655 2198 for·

190 2280 195 2319 t
245 2217 376 2308 nalum
400 2228 443 2306 in
462 2228 588 2305 anima
608 2249 692 2306 nou
707 2225 764 2306 est
787 2220 902 2308 valde
928 2251 1111 2338 magnus,
1144 2226 1234 2335 quia
1254 2223 1466 2334 diriguntur
1486 2220 1654 2336 plerum·

243 2338 364 2531 putari
383 2337 675 2420 insiruCiionetn
696 2341 737 2419 in
755 2332 885 2449 alique
903 2366 958 2433 re,
983 2365 1070 2449 quae
1092 2335 1290 2420 obtinetur
1310 2335 1387 2420 fine
1408 2335 1580 2423 ulteriori
1595 2337 1654 2424 es·
1716 2355 1718 2358 ’

196 2448 200 2465 ²
254 2456 334 2535 esu.
386 2455 535 2535 Verum
558 2450 716 2562 quidem
745 2453 819 2549 eli,
845 2451 962 2561 quod·
981 2455 1089 2534 Deus
1112 2452 1162 2533 ad
1196 2475 1240 2532 ea
1276 2453 1530 2562 exequenda,
1566 2478 1654 2563 quae

297 2568 399 2676 cipit,
421 2567 679 2646 communiter
711 2558 832 2648 spleat
861 2561 1038 2647 conferre
1064 2559 1318 2652 alacritatem
1356 2590 1589 2647 nontamen
1610 2565 1654 2648 id

242 2587 544 2773 lluvenaltet,
569 2681 683 2789 quia,
716 2679 811 2760 dum
830 2681 999 2786 praecipit
1020 2702 1158 2788 magna
1188 2682 1224 2758 &
1251 2672 1416 2786 gloriosa
1437 2671 1532 2760 soler
1553 2677 1653 2789 post-

243 2791 300 2875 tite
314 2817 389 2902 pro
409 2792 598 2873 exercitio
614 2785 836 2874 humilitatis
853 2795 1062 2874 immittere.
1088 2795 1288 2872 horrorem
1310 2795 1350 2871 &
1372 2786 1653 2880 difficultatems

242 2902 638 3015 &econtraquan'clo
664 2908 833 3015 praecipit
863 2902 1009 3003 abiecta
1037 2930 1082 2986 ac
1107 2901 1219 2998 vilia,
1245 2897 1340 2986 soler
1367 2900 1543 3014 inspirare
1577 2901 1654 2986 ala·

244 3020 398 3101 uitatem
459 3019 673 3099 Contrario
699 3016 824 3100 modo
855 3041 1037 3126 operatur
1070 3016 1253 3099 doemon,
1306 3017 1480 3126 Quando
1516 3022 1656 3100 excitat

241 3128 278 3211 ad
300 3156 438 3242 magna
460 3133 498 3210 iic
521 3125 700 3241 gloriosa>
716 3128 870 3240 inspirat
891 3127 1150 3216 alacritatemr
1177 3135 1217 3210 δι
1241 3129 1336 3211 duna
1359 3131 1501 3210 animat
1516 3129 1566 3210 ad
1586 3130 1653 3209 ab·

238 3244 337 3342 lesia,
366 3246 537 3327 immittit
568 3244 782 3326 horrorem.
857 3248 948 3325 Haec
974 3244 1113 3338 verba,
1138 3270 1224 3353 quae
1247 3248 1370 3325 anima
1395 3243 1506 3324 sentit
1524 3268 1568 3324 ac
1588 3238 1654 3325 scit

236 3380 304 3437 uon
322 3354 532 3469 proferri&
552 3351 590 3437 se
611 3354 678 3438 sed
695 3358 746 3438 ab
770 3353 877 3452 alio,
895 3384 977 3439 non·
994 3352 1086 3438 sunt
1100 3350 1289 3438 ullatenus
1310 3356 1359 3436 ab
1384 3350 1450 3436 illa
1473 3357 1653 3439 aestiman-

234 3466 295 3558 tlrs
316 3471 495 3582 alioquin
514 3461 627 3551 facile
650 3475 793 3580 poterit
814 3470 983 3579 decipici
1005 3469 1208 3566 doemone,
1230 3468 1424 3552 interdum
1454 3478 1554 3550 enim
1579 3469 1653 3551 dis-

227 3578 363 3667 llculter
399 3577 562 3665 discerni
597 3587 764 3692 poterit,
807 3609 932 3665 istrum
970 3582 1041 3666 sint
1084 3581 1109 3666 a
1150 3586 1267 3677 Deo,
1303 3576 1413 3663 vcia
1442 3583 1655 3665 Doemone.

209 3696 320 3807 ‚Nara
339 3724 429 3781 cum
456 3697 538 3777 hoec
555 3693 673 3777 verba
694 3724 776 3777 non
797 3692 1014 3808 relinquant
1033 3691 1233 3789 effessum,
1256 3719 1298 3776 ut
1315 3695 1460 3797 &sium
1488 3697 1554 3793 cii,
1574 3721 1656 3778 non

219 3832 400 3923 poterim
424 3806 586 3896 discerni
615 3834 664 3891 ex
693 3803 916 3896 effenibun
952 3812 1080 3891 immo
1110 3810 1167 3892 hae
1189 3802 1474 3899 allocutiones,
1490 3810 1654 3915 quando

214 3928 446 4037 proveniunt·
469 3920 726 4017 adcretione,
746 3921 891 4004 habent
915 3921 1112 4003 interdum
1132 3912 1598 4004 stnfibliotemeffenum
1613 3924 1655 4001 in

213 4035 466 4156 hperfeoo,
490 4032 613 4149 qum
640 4039 913 4150 provenientes
936 4032 961 4121 al
988 4037 1079 4231 Df‘eo
1107 4038 1148 4118 in
1171 4029 1343 4149 personis
1364 4027 1549 4112 virtuosis.
1582 4023 1654 4222 hild
