3796 4994
124 386 130 395 ,
208 321 287 420 ,μ
520 288 738 437 Ειιὲιηρὶι
763 296 880 439 Iduſs
906 335 963 405 ert
986 230 1130 415 variis
1155 236 1400 410 Antion
1525 408 1533 423 ,
1699 250 1711 259 .

221 489 278 602 [ιιι
299 497 425 587 Petris
447 492 647 626 spiritualis
670 537 759 596 cum
779 507 953 635 calamo,
978 517 1018 596 dt
1046 511 1174 599 charta
1205 519 1246 600 de
1270 533 1486 599 atramento
1508 511 1561 601 ad
1585 508 1695 602 scri--

174 722 177 727 ,
223 606 413 744 bendum,
437 620 477 701 δι
502 616 639 707 sedens
663 651 791 739 prope
807 653 893 713 eam
919 629 1034 713 dixit:
1073 623 1180 713 Volo
1201 628 1362 714 scribere
1385 620 1468 713 illas
1489 633 1676 717 maiores
1767 728 1770 733 Α

221 722 387 813 vtfiones
414 733 454 813 δι
476 729 745 841 revelationes,
772 766 869 857 quas
892 743 1003 826 Deus
1022 741 1092 827 tibi
1115 741 1297 827 ostendit.
1328 804 1333 827 .-
1352 743 1450 827 Item
1466 740 1537 828 fibi
1561 743 1677 842 dixit.¹

203 862 266 954 ιιι
284 837 445 954 ipsamet
463 847 677 938 addisceret
705 849 882 952 scribere,
907 880 949 940 nr
970 853 1084 968 possit
1100 881 1264 967 magnos
1292 881 1532 968 componere
1553 851 1677 945 libros
1785 886 1787 893 ⁴

219 977 270 1045 ex
289 977 353 1040 tot
374 963 414 1042 ἃ
438 967 552 1048 tantis
582 964 721 1052 divinis
746 967 966 1054 visionibus.
1023 965 1106 1081 lpsa
1137 969 1232 1054 verb
1264 995 1312 1054 co
1341 966 1503 1054 noscens
1534 968 1676 1055 diabo-

216 1060 335 1203 licam
365 1066 576 1176 fallaciam,
613 1081 725 1194 quod
768 1084 850 1168 haec
876 1082 1044 1180 diceret,
1084 1104 1127 1166 ut
1148 1083 1185 1165 le
1207 994 1414 1166 extolleret
1436 1109 1507 1197 per
1534 1108 1675 1172 vantur

219 1176 399 1299 glesum,
424 1189 541 1277 dixit:
569 1198 632 1279 Tu
650 1222 733 1281 non
756 1223 798 1283 es
820 1223 930 1282 meus
951 1201 1066 1283 Patet
1087 1191 1285 1310 spititualis
1313 1199 1387 1282 dte.
1613 1218 1619 1226 “

232 1386 236 1391 ·
338 1358 381 1441 ln
406 1362 615 1474 principio,
636 1359 802 1475 quando
823 1360 904 1449 Dei
921 1354 1065 1476 famula
1087 1361 1209 1473 coepir
1230 1360 1377 1447 habere
1398 1360 1565 1450 vifiones
1590 1374 1674 1449 ma·⁴

218 1461 418 1586 lignorum
445 1471 665 1586 spirituum,
709 1469 890 1559 diabolus
912 1475 963 1559 ad
993 1500 1080 1559 eam
1116 1479 1290 1559 venitin
1324 1472 1452 1562 forma
1476 1481 1672 1580 Eremitae;

219 1577 289 1668 sed
306 1585 498 1673 Francisca
528 1586 751 1675 discedente
767 1590 818 1673 ab
837 1615 889 1673 eo
912 1583 1077 1672 insuam
1105 1615 1318 1689 cameram,
1335 1588 1414 1703 ipse
1430 1588 1477 1701 lo
1511 1592 1674 1679 uebatur

219 1696 262 1785 in
278 1695 366 1833 sala
387 1730 477 1787 cnm
487 1729 679 1904 flqognato
701 1698 803 1791 illius
818 1697 1013 1791 Paulutio.
1069 1698 1339 1792 Perseverante
1358 1706 1454 1794 verb
1482 1711 1488 1726 '
1520 1711 1604 1794 ain
1626 1734 1672 1792 o·

203 1831 374 1905 'tattone
398 1845 487 1905 rece
528 1841 557 1906 t.
702 1844 707 1849 ·

92 1991 107 2089 ᾗ
233 2040 239 2051 ·
339 1987 531 2100 Quodam
558 2012 758 2104 tempore,
781 1991 989 2105 postquam
1010 1989 1090 2075 Dei
1117 1964 1263 2076 famula
1284 1994 1431 2105 recepit
1450 1989 1518 2077 SS.
1539 1989 1674 2077 Sacra·

73 2175 78 2181 .
223 2127 416 2207 mentum,
437 2101 514 2188 fuit
538 2129 647 2216 rapta
670 2109 713 2188 in
741 2104 890 2189 Ediasrn
911 2108 950 2186 dc
986 2105 1084 2191 vidit
1109 2100 1303 2190 mirabiles
1335 2105 1521 2196 vifionesr
1566 2104 1675 2190 finita

206 2215 372 2305 ¹stitione
386 2219 494 2302 venit
515 2216 568 2301 acl
584 2243 671 2302 eam
696 2213 877 2333 diabolus
894 2219 934 2301 in
959 2214 1088 2301 forma
1109 2215 1237 2330 angeli
1259 2221 1410 2305 dicensz
1443 2226 1481 2304 Ο
1508 2246 1676 2332 pauper·

224 2326 325 2429 uult,
349 2354 494 2448 quauta
516 2333 572 2415 est
599 2326 833 2423 manditur
858 2357 947 2416 nam
972 2332 1098 2415 stetisti
1116 2335 1157 2415 in
1183 2355 1295 2417 tanto
1325 2335 1437 2419 bono
1460 2338 1501 2418 in
1526 2337 1598 2419 ista
1620 2336 1694 2437 vis

112 2438 136 2567 ι’
222 2444 362 2552 fione,
399 2452 536 2565 &tua
563 2444 703 2531 ,utilem
741 2441 910 2530 faciente
945 2441 1047 2529 fuisti
1083 2445 1179 2530 inde
1216 2473 1369 2538 amotas
1414 2446 1532 2534 crede
1564 2449 1674 2544 mini,

221 2572 317 2659 nam
343 2590 421 2679 ego
449 2557 530 2648 sum
559 2587 659 2646 unus
686 2587 735 2645 ex
761 2555 836 2646 illis
864 2554 1032 2673 angelis,
1061 2587 1164 2674 quos
1192 2561 1315 2646 vidisti
1343 2566 1383 2646 in
1420 2558 1485 2648 illa
1510 2559 1673 2659 visione,

23 2783 30 2791 .
220 2699 470 2881 ¹qqauqqtccata
489 2699 804 2878 tedqqlmq‘rerunt
821 2675 872 2761 ab
899 2679 971 2760 isto
991 2673 1119 2762 bono.
1173 2670 1258 2789 Ipsa
1274 2672 1512 2792 cognoscens
1532 2674 1673 2764 diabo-

61 2810 65 2823 '
203 2866 206 2870 .
363 2818 504 2879 vocem
607 2815 624 2875 t
689 2816 725 2876 c.

94 3032 128 3073 ¹.
234 2990 238 2997 ·
370 2979 415 3077 5.
452 2944 512 3048 ln
551 2944 671 3048 Vita
711 2939 761 3047 S.
810 2936 1027 3076 Philippi
1070 2932 1211 3043 Neril
1254 2960 1421 3049 authore
1456 2960 1671 3050 Bemabaeo

220 3090 277 3182 C.
307 3100 376 3176 26.
406 3083 599 3179 habentur
628 3079 845 3198 sequentia:
887 3080 1052 3166 Audiuit
1087 3073 1302 3193 aliquando
1344 3079 1483 3192 virgini
1516 3082 1674 3164 cuidam

217 3206 429 3305 Tertiariae,
452 3224 496 3286 ut
516 3203 644 3305 ajunt,
663 3199 704 3284 S.
729 3198 956 3301 Dominus,
982 3192 1079 3305 saepe
1106 3195 1304 3281 Christum
1335 3192 1576 3288 Dominum,
1610 3188 1673 3279 sar·

91 3330 102 3345 ’
218 3319 367 3437 piisime
393 3316 489 3402 verb
512 3314 551 3423 S„
573 3312 824 3396 Catharinam
849 3303 1056 3396 Senmsem
1079 3301 1303 3420 apparuisse.
1361 3309 1549 3418 Rogatus,
1573 3304 1673 3420 quid

217 3440 262 3531 in
285 3436 361 3520 bac
376 3460 420 3519 re
442 3427 665 3515 faciendum
686 3429 932 3512 existimaret:
956 3426 1153 3520 Foeminae,
1177 3425 1320 3537 inquit,
1337 3416 1451 3514 facile
1471 3420 1674 3533 decipiun-

219 3572 302 3638 turr
338 3547 540 3660 itaqueei
567 3544 684 3656 praeci
711 3545 791 3638 ite,
821 3565 865 3627 ut
893 3542 1050 3654 quoties
1091 3535 1318 3647 hujusmodi
1343 3531 1488 3648 species
1514 3529 1571 3619 illi
1597 3529 1674 3624 sese

135 3644 143 3665 ι
211 3652 406 3784 ὦπιιιιι,
436 3659 602 3744 omnino
626 3654 651 3741 i
675 3571 715 3741 lb
735 3658 892 3766 rq'iciat,
908 3680 983 3768 pro
1008 3642 1132 3736 nihilo
1150 3674 1261 3762 putet
1284 3673 1406 3783 atque
1430 3671 1672 3751 contemnat.

217 3780 318 3895 quin
356 3780 473 3861 mium
510 3765 670 3858 cuilibet
702 3768 773 3857 subi
811 3794 882 3882 per
926 3763 1059 3853 uisum
1086 3787 1305 3850 occurrenn
1340 3791 1381 3848 tn
1416 3789 1464 3848 os
1502 3757 1674 3878 exspuat.

220 3900 354 4008 Quatn
380 3890 544 4004 quidem
573 3879 745 3998 regulam
774 3881 882 3998 quast
911 3882 964 3967 de
992 3873 1098 3966 'coelo
1126 3873 1321 3990 delapsam
1349 3874 1509 3963 serravit
1545 3883 1672 3993 virgo,
1725 3918 1731 3929 ·

219 4003 377 4099 &sane
392 4031 475 4092 non
501 3999 743 4090 mediocrem
769 4026 820 4083 ex
847 4023 894 4082 ea
914 3990 1082 4081 frustum
1107 3996 1296 4106 percepit.
1353 3990 1507 4076 Ibidem
1530 3995 1675 4077 autbo-

210 4124 265 4215 ἰι
290 4118 483 4237 Gallonio
510 4120 564 4209 C.
591 4148 635 4222 ⁴·
662 4111 944 4235 &beandam
971 4112 1022 4227 C.
1050 4122 1121 4195 ιι.
1147 4129 1320 4195 tenatur
1342 4101 1508 4221 sequens
1535 4101 1674 4305 ilqpfio:

146 4290 150 4299 ,
247 4286 258 4307 .
845 4299 848 4303 ,
978 4253 981 4258 ’
1586 4246 1674 4309 12¹·
