<?xml version="1.0" encoding="UTF-8"?>
<!DOCTYPE html PUBLIC "-//W3C//DTD XHTML 1.0 Transitional//EN"
    "http://www.w3.org/TR/xhtml1/DTD/xhtml1-transitional.dtd">
<html xmlns="http://www.w3.org/1999/xhtml" xml:lang="en" lang="en">
 <head>
  <title>
</title>
<meta http-equiv="Content-Type" content="text/html;charset=utf-8" />
  <meta name='ocr-system' content='tesseract 3.04.00' />
  <meta name='ocr-capabilities' content='ocr_page ocr_carea ocr_par ocr_line ocrx_word'/>
</head>
<body>
  <div class='ocr_page' id='page_1' title='image "./derevelationibu00amorgoog_0241.png"; bbox 0 0 3796 4994; ppageno 0'>
   <div class='ocr_carea' id='block_1_1' title="bbox 495 238 1798 425">
    <p class='ocr_par' dir='ltr' id='par_1_1' title="bbox 495 238 1798 425">
     <span class='ocr_line' id='line_1_1' title="bbox 495 238 1798 425; baseline 0.005 -42"><span class='ocrx_word' id='word_1_1' title='bbox 495 289 657 418; x_wconf 69' lang='lat' dir='ltr'>urg.</span> <span class='ocrx_word' id='word_1_2' title='bbox 679 275 824 382; x_wconf 76' lang='lat' dir='ltr'>Prasi.</span> <span class='ocrx_word' id='word_1_3' title='bbox 846 312 905 381; x_wconf 79' lang='lat' dir='ltr'>eu</span> <span class='ocrx_word' id='word_1_4' title='bbox 924 287 967 382; x_wconf 86' lang='lat' dir='ltr'>S.</span> <span class='ocrx_word' id='word_1_5' title='bbox 983 286 1125 425; x_wconf 60' lang='lat' dir='ltr'>joan.</span> <span class='ocrx_word' id='word_1_6' title='bbox 1149 282 1204 379; x_wconf 81' lang='lat' dir='ltr'>de</span> <span class='ocrx_word' id='word_1_7' title='bbox 1225 238 1411 381; x_wconf 33' lang='lat' dir='ltr'>stater..</span> <span class='ocrx_word' id='word_1_8' title='bbox 1578 320 1669 391; x_wconf 85' lang='lat'>221</span> <span class='ocrx_word' id='word_1_9' title='bbox 1793 268 1798 279; x_wconf 59' lang='grc'><strong>’</strong></span> 
     </span>
    </p>
   </div>
   <div class='ocr_carea' id='block_1_2' title="bbox 192 481 1782 4005">
    <p class='ocr_par' dir='ltr' id='par_1_2' title="bbox 192 481 1782 4005">
     <span class='ocr_line' id='line_1_2' title="bbox 231 481 1739 598; baseline 0.006 -30"><span class='ocrx_word' id='word_1_10' title='bbox 231 482 279 568; x_wconf 81' lang='lat' dir='ltr'>C.</span> <span class='ocrx_word' id='word_1_11' title='bbox 298 512 364 578; x_wconf 69' lang='grc' dir='ltr'>ιγ.</span> <span class='ocrx_word' id='word_1_12' title='bbox 387 482 441 568; x_wconf 85' lang='lat' dir='ltr'>src</span> <span class='ocrx_word' id='word_1_13' title='bbox 460 482 601 571; x_wconf 87' lang='lat' dir='ltr'>habet:</span> <span class='ocrx_word' id='word_1_14' title='bbox 652 485 872 572; x_wconf 81' lang='lat' dir='ltr'>Secundum</span> <span class='ocrx_word' id='word_1_15' title='bbox 904 512 1025 598; x_wconf 86' lang='lat' dir='ltr'>genus</span> <span class='ocrx_word' id='word_1_16' title='bbox 1061 483 1341 571; x_wconf 80' lang='lat' dir='ltr'>revelationum</span> <span class='ocrx_word' id='word_1_17' title='bbox 1385 481 1550 573; x_wconf 88' lang='lat' dir='ltr'>versatur</span> <span class='ocrx_word' id='word_1_18' title='bbox 1580 494 1679 577; x_wconf 90' lang='lat' dir='ltr'>eirea</span> <span class='ocrx_word' id='word_1_19' title='bbox 1736 544 1739 549; x_wconf 90' lang='lat'>·</span> 
     </span>
     <span class='ocr_line' id='line_1_3' title="bbox 228 595 1782 712; baseline 0.008 -34"><span class='ocrx_word' id='word_1_20' title='bbox 228 603 401 707; x_wconf 82' lang='lat' dir='ltr'>mysteria</span> <span class='ocrx_word' id='word_1_21' title='bbox 431 603 471 681; x_wconf 79' lang='grc' dir='ltr'>δι</span> <span class='ocrx_word' id='word_1_22' title='bbox 507 595 580 682; x_wconf 84' lang='lat' dir='ltr'>alia</span> <span class='ocrx_word' id='word_1_23' title='bbox 611 603 776 684; x_wconf 78' lang='lat' dir='ltr'>occulta.</span> <span class='ocrx_word' id='word_1_24' title='bbox 843 604 1023 712; x_wconf 83' lang='lat' dir='ltr'>Mystetia</span> <span class='ocrx_word' id='word_1_25' title='bbox 1049 625 1177 683; x_wconf 84' lang='lat' dir='ltr'>autem</span> <span class='ocrx_word' id='word_1_26' title='bbox 1207 597 1291 684; x_wconf 88' lang='lat' dir='ltr'>sunt</span> <span class='ocrx_word' id='word_1_27' title='bbox 1314 596 1477 709; x_wconf 87' lang='lat' dir='ltr'>duplicis</span> <span class='ocrx_word' id='word_1_28' title='bbox 1502 610 1674 712; x_wconf 69' lang='lat' dir='ltr'>generisi</span> <span class='ocrx_word' id='word_1_29' title='bbox 1773 614 1782 647; x_wconf 84' lang='grc'>·’</span> 
     </span>
     <span class='ocr_line' id='line_1_4' title="bbox 227 705 1672 828; baseline 0.008 -37"><span class='ocrx_word' id='word_1_30' title='bbox 227 705 296 792; x_wconf 84' lang='lat' dir='ltr'>alta</span> <span class='ocrx_word' id='word_1_31' title='bbox 321 717 430 793; x_wconf 88' lang='lat' dir='ltr'>enim</span> <span class='ocrx_word' id='word_1_32' title='bbox 458 738 621 824; x_wconf 85' lang='lat' dir='ltr'>tangunt</span> <span class='ocrx_word' id='word_1_33' title='bbox 645 717 797 809; x_wconf 86' lang='lat' dir='ltr'>DEum‚</span> <span class='ocrx_word' id='word_1_34' title='bbox 821 739 863 796; x_wconf 88' lang='lat' dir='ltr'>ut</span> <span class='ocrx_word' id='word_1_35' title='bbox 883 717 994 796; x_wconf 89' lang='lat' dir='ltr'>estin</span> <span class='ocrx_word' id='word_1_36' title='bbox 1015 711 1065 809; x_wconf 80' lang='lat' dir='ltr'>se,</span> <span class='ocrx_word' id='word_1_37' title='bbox 1092 717 1128 794; x_wconf 79' lang='lat' dir='ltr'>dt</span> <span class='ocrx_word' id='word_1_38' title='bbox 1158 717 1222 796; x_wconf 83' lang='lat' dir='ltr'>SS.</span> <span class='ocrx_word' id='word_1_39' title='bbox 1243 718 1494 796; x_wconf 68' lang='lat' dir='ltr'>Trinitatem:</span> <span class='ocrx_word' id='word_1_40' title='bbox 1523 713 1672 828; x_wconf 88' lang='lat' dir='ltr'>reliqua</span> 
     </span>
     <span class='ocr_line' id='line_1_5' title="bbox 225 822 1671 938; baseline 0.008 -34"><span class='ocrx_word' id='word_1_41' title='bbox 225 823 315 906; x_wconf 80' lang='lat' dir='ltr'>verb</span> <span class='ocrx_word' id='word_1_42' title='bbox 340 851 584 909; x_wconf 83' lang='lat' dir='ltr'>concernunt</span> <span class='ocrx_word' id='word_1_43' title='bbox 598 822 693 910; x_wconf 89' lang='lat' dir='ltr'>alios</span> <span class='ocrx_word' id='word_1_44' title='bbox 713 825 892 910; x_wconf 82' lang='lat' dir='ltr'>articulos</span> <span class='ocrx_word' id='word_1_45' title='bbox 913 826 1004 909; x_wconf 83' lang='lat' dir='ltr'>fidei</span> <span class='ocrx_word' id='word_1_46' title='bbox 1030 823 1237 914; x_wconf 70' lang='lat' dir='ltr'>revelatosa</span> <span class='ocrx_word' id='word_1_47' title='bbox 1266 829 1343 909; x_wconf 90' lang='lat' dir='ltr'>huc</span> <span class='ocrx_word' id='word_1_48' title='bbox 1364 824 1495 911; x_wconf 89' lang='lat' dir='ltr'>referti</span> <span class='ocrx_word' id='word_1_49' title='bbox 1518 827 1671 938; x_wconf 80' lang='lat' dir='ltr'>poliunt</span> 
     </span>
     <span class='ocr_line' id='line_1_6' title="bbox 224 932 1669 1050; baseline 0.005 -32"><span class='ocrx_word' id='word_1_50' title='bbox 224 932 322 1019; x_wconf 89' lang='lat' dir='ltr'>casus</span> <span class='ocrx_word' id='word_1_51' title='bbox 352 934 600 1047; x_wconf 80' lang='lat' dir='ltr'>particulares</span> <span class='ocrx_word' id='word_1_52' title='bbox 620 966 849 1049; x_wconf 85' lang='lat' dir='ltr'>regnorum,</span> <span class='ocrx_word' id='word_1_53' title='bbox 871 940 1044 1035; x_wconf 84' lang='lat' dir='ltr'>urbium,</span> <span class='ocrx_word' id='word_1_54' title='bbox 1066 937 1322 1036; x_wconf 75' lang='lat' dir='ltr'>iamiliarum,</span> <span class='ocrx_word' id='word_1_55' title='bbox 1343 967 1388 1021; x_wconf 89' lang='lat' dir='ltr'>ac</span> <span class='ocrx_word' id='word_1_56' title='bbox 1408 936 1669 1050; x_wconf 76' lang='lat' dir='ltr'>personarum,</span> 
     </span>
     <span class='ocr_line' id='line_1_7' title="bbox 225 1045 1668 1164; baseline 0.002 -27"><span class='ocrx_word' id='word_1_57' title='bbox 225 1053 290 1163; x_wconf 78' lang='lat' dir='ltr'>qui</span> <span class='ocrx_word' id='word_1_58' title='bbox 311 1045 532 1163; x_wconf 82' lang='lat' dir='ltr'>aliquando</span> <span class='ocrx_word' id='word_1_59' title='bbox 563 1050 779 1136; x_wconf 84' lang='lat' dir='ltr'>revelantur</span> <span class='ocrx_word' id='word_1_60' title='bbox 806 1053 829 1138; x_wconf 72' lang='lat' dir='ltr'>a</span> <span class='ocrx_word' id='word_1_61' title='bbox 854 1055 960 1136; x_wconf 71' lang='lat' dir='ltr'>Deo·</span> <span class='ocrx_word' id='word_1_62' title='bbox 1034 1059 1123 1135; x_wconf 88' lang='lat' dir='ltr'>Hoc</span> <span class='ocrx_word' id='word_1_63' title='bbox 1141 1053 1498 1164; x_wconf 79' lang='lat' dir='ltr'>secundunr,genus</span> <span class='ocrx_word' id='word_1_64' title='bbox 1519 1051 1668 1140; x_wconf 85' lang='lat' dir='ltr'>revela-</span> 
     </span>
     <span class='ocr_line' id='line_1_8' title="bbox 226 1163 1667 1280; baseline 0.007 -35"><span class='ocrx_word' id='word_1_65' title='bbox 226 1170 375 1247; x_wconf 83' lang='lat' dir='ltr'>tionum</span> <span class='ocrx_word' id='word_1_66' title='bbox 399 1172 516 1248; x_wconf 87' lang='lat' dir='ltr'>etiam</span> <span class='ocrx_word' id='word_1_67' title='bbox 539 1170 676 1250; x_wconf 82' lang='lat' dir='ltr'>nolitis</span> <span class='ocrx_word' id='word_1_68' title='bbox 704 1167 944 1276; x_wconf 86' lang='lat' dir='ltr'>temporibus</span> <span class='ocrx_word' id='word_1_69' title='bbox 967 1163 1272 1257; x_wconf 70' lang='lat' dir='ltr'>consensistis,</span> <span class='ocrx_word' id='word_1_70' title='bbox 1295 1169 1439 1280; x_wconf 84' lang='lat' dir='ltr'>quibus</span> <span class='ocrx_word' id='word_1_71' title='bbox 1457 1163 1553 1253; x_wconf 86' lang='lat' dir='ltr'>vult.</span> <span class='ocrx_word' id='word_1_72' title='bbox 1607 1170 1667 1255; x_wconf 82' lang='lat' dir='ltr'>A·</span> 
     </span>
     <span class='ocr_line' id='line_1_9' title="bbox 227 1272 1665 1391; baseline 0.005 -32"><span class='ocrx_word' id='word_1_73' title='bbox 227 1272 392 1390; x_wconf 83' lang='lat' dir='ltr'>liquibus</span> <span class='ocrx_word' id='word_1_74' title='bbox 422 1281 527 1360; x_wconf 87' lang='lat' dir='ltr'>enirn</span> <span class='ocrx_word' id='word_1_75' title='bbox 546 1275 691 1364; x_wconf 84' lang='lat' dir='ltr'>revelat</span> <span class='ocrx_word' id='word_1_76' title='bbox 713 1278 885 1364; x_wconf 82' lang='lat' dir='ltr'>resduos</span> <span class='ocrx_word' id='word_1_77' title='bbox 914 1281 996 1363; x_wconf 90' lang='lat' dir='ltr'>dies</span> <span class='ocrx_word' id='word_1_78' title='bbox 1021 1285 1130 1376; x_wconf 84' lang='lat' dir='ltr'>vitae,</span> <span class='ocrx_word' id='word_1_79' title='bbox 1157 1279 1400 1364; x_wconf 79' lang='lat' dir='ltr'>adversitates</span> <span class='ocrx_word' id='word_1_80' title='bbox 1429 1285 1665 1391; x_wconf 83' lang='lat' dir='ltr'>ingruentes,</span> 
     </span>
     <span class='ocr_line' id='line_1_10' title="bbox 229 1389 1664 1505; baseline 0.005 -33"><span class='ocrx_word' id='word_1_81' title='bbox 229 1414 286 1473; x_wconf 89' lang='lat' dir='ltr'>aut</span> <span class='ocrx_word' id='word_1_82' title='bbox 310 1389 393 1474; x_wconf 83' lang='lat' dir='ltr'>fata</span> <span class='ocrx_word' id='word_1_83' title='bbox 420 1395 582 1475; x_wconf 82' lang='lat' dir='ltr'>aliorum</span> <span class='ocrx_word' id='word_1_84' title='bbox 611 1395 847 1492; x_wconf 85' lang='lat' dir='ltr'>hominum,</span> <span class='ocrx_word' id='word_1_85' title='bbox 875 1399 914 1476; x_wconf 84' lang='lat' dir='ltr'>dc</span> <span class='ocrx_word' id='word_1_86' title='bbox 942 1421 1149 1505; x_wconf 83' lang='lat' dir='ltr'>regnorum</span> <span class='ocrx_word' id='word_1_87' title='bbox 1177 1398 1425 1477; x_wconf 85' lang='lat' dir='ltr'>imminentia.</span> <span class='ocrx_word' id='word_1_88' title='bbox 1484 1391 1664 1479; x_wconf 85' lang='lat' dir='ltr'>Similiter</span> 
     </span>
     <span class='ocr_line' id='line_1_11' title="bbox 231 1500 1663 1618; baseline 0.006 -32"><span class='ocrx_word' id='word_1_89' title='bbox 231 1500 392 1617; x_wconf 80' lang='lat' dir='ltr'>iugulari</span> <span class='ocrx_word' id='word_1_90' title='bbox 416 1507 594 1617; x_wconf 82' lang='lat' dir='ltr'>quodam</span> <span class='ocrx_word' id='word_1_91' title='bbox 619 1501 764 1590; x_wconf 88' lang='lat' dir='ltr'>lumine</span> <span class='ocrx_word' id='word_1_92' title='bbox 791 1535 837 1590; x_wconf 89' lang='lat' dir='ltr'>ac</span> <span class='ocrx_word' id='word_1_93' title='bbox 857 1512 1072 1592; x_wconf 85' lang='lat' dir='ltr'>attentione</span> <span class='ocrx_word' id='word_1_94' title='bbox 1096 1503 1193 1590; x_wconf 91' lang='lat' dir='ltr'>solet</span> <span class='ocrx_word' id='word_1_95' title='bbox 1216 1504 1412 1591; x_wconf 88' lang='lat' dir='ltr'>nonnullis</span> <span class='ocrx_word' id='word_1_96' title='bbox 1440 1504 1663 1618; x_wconf 82' lang='lat' dir='ltr'>explicatius</span> 
     </span>
     <span class='ocr_line' id='line_1_12' title="bbox 210 1615 1662 1732; baseline 0.006 -35"><span class='ocrx_word' id='word_1_97' title='bbox 210 1621 389 1726; x_wconf 25' lang='lat' dir='ltr'>&#39;paudere</span> <span class='ocrx_word' id='word_1_98' title='bbox 419 1622 595 1732; x_wconf 78' lang='lat' dir='ltr'>mysteria</span> <span class='ocrx_word' id='word_1_99' title='bbox 626 1618 732 1704; x_wconf 80' lang='lat' dir='ltr'>fidei.</span> <span class='ocrx_word' id='word_1_100' title='bbox 799 1625 845 1704; x_wconf 85' lang='lat' dir='ltr'>lu</span> <span class='ocrx_word' id='word_1_101' title='bbox 875 1624 933 1705; x_wconf 88' lang='lat' dir='ltr'>bis</span> <span class='ocrx_word' id='word_1_102' title='bbox 962 1649 1065 1704; x_wconf 87' lang='lat' dir='ltr'>nunc</span> <span class='ocrx_word' id='word_1_103' title='bbox 1103 1625 1329 1705; x_wconf 86' lang='lat' dir='ltr'>memoratis</span> <span class='ocrx_word' id='word_1_104' title='bbox 1360 1615 1662 1706; x_wconf 85' lang='lat' dir='ltr'>revelationibus</span> 
     </span>
     <span class='ocr_line' id='line_1_13' title="bbox 238 1731 1663 1846; baseline 0.004 -32"><span class='ocrx_word' id='word_1_105' title='bbox 238 1731 384 1815; x_wconf 54' lang='lat' dir='ltr'>moron</span> <span class='ocrx_word' id='word_1_106' title='bbox 410 1732 451 1816; x_wconf 89' lang='lat' dir='ltr'>se</span> <span class='ocrx_word' id='word_1_107' title='bbox 477 1737 603 1841; x_wconf 89' lang='lat' dir='ltr'>potest</span> <span class='ocrx_word' id='word_1_108' title='bbox 638 1732 842 1843; x_wconf 78' lang='lat' dir='ltr'>plurimum</span> <span class='ocrx_word' id='word_1_109' title='bbox 876 1731 1086 1819; x_wconf 82' lang='lat' dir='ltr'>immiscere</span> <span class='ocrx_word' id='word_1_110' title='bbox 1113 1741 1153 1818; x_wconf 86' lang='lat'>&amp;</span> <span class='ocrx_word' id='word_1_111' title='bbox 1178 1761 1355 1846; x_wconf 82' lang='lat' dir='ltr'>magnam</span> <span class='ocrx_word' id='word_1_112' title='bbox 1383 1740 1427 1816; x_wconf 93' lang='lat' dir='ltr'>in</span> <span class='ocrx_word' id='word_1_113' title='bbox 1452 1737 1497 1817; x_wconf 89' lang='lat' dir='ltr'>iis</span> <span class='ocrx_word' id='word_1_114' title='bbox 1519 1735 1663 1819; x_wconf 87' lang='lat' dir='ltr'>habere</span> 
     </span>
     <span class='ocr_line' id='line_1_14' title="bbox 241 1843 1663 1957; baseline 0.004 -31"><span class='ocrx_word' id='word_1_115' title='bbox 241 1868 377 1948; x_wconf 83' lang='lat' dir='ltr'>panem.</span> <span class='ocrx_word' id='word_1_116' title='bbox 435 1850 539 1930; x_wconf 84' lang='lat' dir='ltr'>Nam</span> <span class='ocrx_word' id='word_1_117' title='bbox 569 1874 659 1931; x_wconf 90' lang='lat' dir='ltr'>cum</span> <span class='ocrx_word' id='word_1_118' title='bbox 684 1843 778 1932; x_wconf 87' lang='lat' dir='ltr'>tales</span> <span class='ocrx_word' id='word_1_119' title='bbox 805 1845 1061 1932; x_wconf 75' lang='lat' dir='ltr'>revelationes</span> <span class='ocrx_word' id='word_1_120' title='bbox 1091 1854 1348 1932; x_wconf 83' lang='lat' dir='ltr'>communiter</span> <span class='ocrx_word' id='word_1_121' title='bbox 1369 1845 1462 1930; x_wconf 87' lang='lat' dir='ltr'>fiant</span> <span class='ocrx_word' id='word_1_122' title='bbox 1488 1876 1557 1957; x_wconf 93' lang='lat' dir='ltr'>per</span> <span class='ocrx_word' id='word_1_123' title='bbox 1577 1876 1663 1932; x_wconf 90' lang='lat' dir='ltr'>ver·</span> 
     </span>
     <span class='ocr_line' id='line_1_15' title="bbox 242 1953 1659 2072; baseline 0.004 -33"><span class='ocrx_word' id='word_1_124' title='bbox 242 1953 292 2051; x_wconf 78' lang='lat' dir='ltr'>la,</span> <span class='ocrx_word' id='word_1_125' title='bbox 312 1963 510 2071; x_wconf 81' lang='lat' dir='ltr'>imagines,</span> <span class='ocrx_word' id='word_1_126' title='bbox 541 1966 578 2042; x_wconf 78' lang='lat' dir='ltr'>dt</span> <span class='ocrx_word' id='word_1_127' title='bbox 607 1961 745 2072; x_wconf 80' lang='lat' dir='ltr'>figuras</span> <span class='ocrx_word' id='word_1_128' title='bbox 774 1960 1027 2072; x_wconf 84' lang='lat' dir='ltr'>symbolicas,</span> <span class='ocrx_word' id='word_1_129' title='bbox 1057 1963 1219 2045; x_wconf 83' lang='lat' dir='ltr'>doemon</span> <span class='ocrx_word' id='word_1_130' title='bbox 1248 1957 1361 2044; x_wconf 82' lang='lat' dir='ltr'>facile</span> <span class='ocrx_word' id='word_1_131' title='bbox 1388 1966 1533 2071; x_wconf 86' lang='lat' dir='ltr'>poterit</span> <span class='ocrx_word' id='word_1_132' title='bbox 1561 1961 1659 2044; x_wconf 86' lang='lat' dir='ltr'>fimi-</span> 
     </span>
     <span class='ocr_line' id='line_1_16' title="bbox 243 2061 1686 2188; baseline 0.007 -39"><span class='ocrx_word' id='word_1_133' title='bbox 243 2061 488 2185; x_wconf 81' lang='lat' dir='ltr'>lteffingere.</span> <span class='ocrx_word' id='word_1_134' title='bbox 543 2071 846 2187; x_wconf 81' lang='lat' dir='ltr'>Hincfialiquo</span> <span class='ocrx_word' id='word_1_135' title='bbox 878 2074 1122 2188; x_wconf 77' lang='lat' dir='ltr'>praefatorum</span> <span class='ocrx_word' id='word_1_136' title='bbox 1158 2077 1327 2158; x_wconf 76' lang='lat' dir='ltr'>duorum</span> <span class='ocrx_word' id='word_1_137' title='bbox 1356 2077 1481 2158; x_wconf 88' lang='lat' dir='ltr'>modo</span> <span class='ocrx_word' id='word_1_138' title='bbox 1509 2072 1686 2186; x_wconf 55' lang='lat' dir='ltr'>aliquid‘</span> 
     </span>
     <span class='ocr_line' id='line_1_17' title="bbox 245 2181 1660 2285; baseline 0.008 -23"><span class='ocrx_word' id='word_1_139' title='bbox 245 2183 331 2269; x_wconf 85' lang='lat' dir='ltr'>uubis</span> <span class='ocrx_word' id='word_1_140' title='bbox 355 2181 588 2273; x_wconf 85' lang='lat' dir='ltr'>revelaretur</span> <span class='ocrx_word' id='word_1_141' title='bbox 615 2194 709 2272; x_wconf 93' lang='lat' dir='ltr'>novi</span> <span class='ocrx_word' id='word_1_142' title='bbox 736 2196 775 2271; x_wconf 93' lang='lat' dir='ltr'>in</span> <span class='ocrx_word' id='word_1_143' title='bbox 801 2194 961 2272; x_wconf 85' lang='lat' dir='ltr'>materia</span> <span class='ocrx_word' id='word_1_144' title='bbox 990 2189 1146 2273; x_wconf 81' lang='lat' dir='ltr'>fidei&amp;</span> <span class='ocrx_word' id='word_1_145' title='bbox 1182 2185 1394 2285; x_wconf 82' lang='lat' dir='ltr'>diversum,</span> <span class='ocrx_word' id='word_1_146' title='bbox 1425 2216 1506 2273; x_wconf 91' lang='lat' dir='ltr'>non</span> <span class='ocrx_word' id='word_1_147' title='bbox 1536 2189 1660 2274; x_wconf 90' lang='lat' dir='ltr'>debe-</span> 
     </span>
     <span class='ocr_line' id='line_1_18' title="bbox 246 2296 1658 2413; baseline 0.006 -33"><span class='ocrx_word' id='word_1_148' title='bbox 246 2319 306 2380; x_wconf 80' lang='lat' dir='ltr'>nus</span> <span class='ocrx_word' id='word_1_149' title='bbox 328 2301 627 2386; x_wconf 89' lang='lat' dir='ltr'>accommodare</span> <span class='ocrx_word' id='word_1_150' title='bbox 652 2301 784 2386; x_wconf 85' lang='lat' dir='ltr'>fidem</span> <span class='ocrx_word' id='word_1_151' title='bbox 857 2305 915 2386; x_wconf 89' lang='lat' dir='ltr'>lta</span> <span class='ocrx_word' id='word_1_152' title='bbox 937 2309 1046 2386; x_wconf 88' lang='lat' dir='ltr'>enim</span> <span class='ocrx_word' id='word_1_153' title='bbox 1087 2303 1205 2386; x_wconf 89' lang='lat' dir='ltr'>docet</span> <span class='ocrx_word' id='word_1_154' title='bbox 1234 2299 1460 2413; x_wconf 80' lang='lat' dir='ltr'>Apostolus.</span> <span class='ocrx_word' id='word_1_155' title='bbox 1499 2296 1587 2387; x_wconf 80' lang='lat' dir='ltr'>Gal.</span> <span class='ocrx_word' id='word_1_156' title='bbox 1622 2332 1658 2389; x_wconf 86' lang='lat' dir='ltr'>r.</span> 
     </span>
     <span class='ocr_line' id='line_1_19' title="bbox 246 2406 1658 2527; baseline 0.006 -36"><span class='ocrx_word' id='word_1_157' title='bbox 246 2406 301 2491; x_wconf 83' lang='lat' dir='ltr'>Sed</span> <span class='ocrx_word' id='word_1_158' title='bbox 315 2409 401 2497; x_wconf 83' lang='lat' dir='ltr'>licet</span> <span class='ocrx_word' id='word_1_159' title='bbox 422 2442 497 2498; x_wconf 89' lang='lat' dir='ltr'>nos</span> <span class='ocrx_word' id='word_1_160' title='bbox 525 2439 590 2499; x_wconf 88' lang='lat' dir='ltr'>aut</span> <span class='ocrx_word' id='word_1_161' title='bbox 613 2413 770 2527; x_wconf 83' lang='lat' dir='ltr'>angelus</span> <span class='ocrx_word' id='word_1_162' title='bbox 791 2416 843 2498; x_wconf 84' lang='lat' dir='ltr'>de</span> <span class='ocrx_word' id='word_1_163' title='bbox 863 2413 968 2500; x_wconf 88' lang='lat' dir='ltr'>coelo</span> <span class='ocrx_word' id='word_1_164' title='bbox 992 2414 1238 2526; x_wconf 83' lang='lat' dir='ltr'>Evangelizet</span> <span class='ocrx_word' id='word_1_165' title='bbox 1256 2417 1388 2514; x_wconf 72' lang='lat' dir='ltr'>vobis,</span> <span class='ocrx_word' id='word_1_166' title='bbox 1403 2440 1658 2527; x_wconf 69' lang='lat' dir='ltr'>preterquam</span> 
     </span>
     <span class='ocr_line' id='line_1_20' title="bbox 192 2518 1659 2642; baseline 0.004 -35"><span class='ocrx_word' id='word_1_167' title='bbox 192 2602 194 2637; x_wconf 84' lang='lat'><strong>:</strong></span> <span class='ocrx_word' id='word_1_168' title='bbox 246 2518 568 2637; x_wconf 77' lang='lat' dir='ltr'>lvmgelizavimus</span> <span class='ocrx_word' id='word_1_169' title='bbox 587 2530 714 2628; x_wconf 83' lang='lat' dir='ltr'>vobis,</span> <span class='ocrx_word' id='word_1_170' title='bbox 739 2532 941 2612; x_wconf 88' lang='lat' dir='ltr'>anathema</span> <span class='ocrx_word' id='word_1_171' title='bbox 965 2530 1019 2613; x_wconf 85' lang='lat' dir='ltr'>sit.</span> <span class='ocrx_word' id='word_1_172' title='bbox 1079 2534 1217 2642; x_wconf 88' lang='lat' dir='ltr'>Itaque</span> <span class='ocrx_word' id='word_1_173' title='bbox 1235 2525 1328 2612; x_wconf 81' lang='lat' dir='ltr'>nilril</span> <span class='ocrx_word' id='word_1_174' title='bbox 1350 2527 1498 2638; x_wconf 87' lang='lat' dir='ltr'>prorsus</span> <span class='ocrx_word' id='word_1_175' title='bbox 1517 2530 1659 2613; x_wconf 89' lang='lat' dir='ltr'>admit·</span> 
     </span>
     <span class='ocr_line' id='line_1_21' title="bbox 246 2636 1657 2754; baseline 0.006 -35"><span class='ocrx_word' id='word_1_176' title='bbox 246 2653 330 2735; x_wconf 76' lang='lat' dir='ltr'>tatur,</span> <span class='ocrx_word' id='word_1_177' title='bbox 354 2643 472 2753; x_wconf 87' lang='lat' dir='ltr'>quod</span> <span class='ocrx_word' id='word_1_178' title='bbox 490 2636 680 2727; x_wconf 82' lang='lat' dir='ltr'>revelatur</span> <span class='ocrx_word' id='word_1_179' title='bbox 698 2649 895 2754; x_wconf 70' lang='lat' dir='ltr'>cuipiam,</span> <span class='ocrx_word' id='word_1_180' title='bbox 923 2646 974 2727; x_wconf 91' lang='lat' dir='ltr'>ad</span> <span class='ocrx_word' id='word_1_181' title='bbox 996 2642 1118 2726; x_wconf 87' lang='lat' dir='ltr'>fidem</span> <span class='ocrx_word' id='word_1_182' title='bbox 1145 2650 1364 2754; x_wconf 86' lang='lat' dir='ltr'>pertinens,</span> <span class='ocrx_word' id='word_1_183' title='bbox 1390 2667 1524 2753; x_wconf 79' lang='lat' dir='ltr'>prater</span> <span class='ocrx_word' id='word_1_184' title='bbox 1544 2637 1657 2740; x_wconf 73' lang='lat' dir='ltr'>ilud,</span> 
     </span>
     <span class='ocr_line' id='line_1_22' title="bbox 247 2753 1657 2869; baseline 0.009 -40"><span class='ocrx_word' id='word_1_185' title='bbox 247 2754 330 2856; x_wconf 90' lang='lat' dir='ltr'>qvod</span> <span class='ocrx_word' id='word_1_186' title='bbox 353 2754 421 2867; x_wconf 86' lang='lat' dir='ltr'>ipfi</span> <span class='ocrx_word' id='word_1_187' title='bbox 453 2753 546 2840; x_wconf 88' lang='lat' dir='ltr'>utile</span> <span class='ocrx_word' id='word_1_188' title='bbox 576 2759 651 2852; x_wconf 85' lang='lat' dir='ltr'>est,</span> <span class='ocrx_word' id='word_1_189' title='bbox 678 2763 815 2869; x_wconf 83' lang='lat' dir='ltr'>partim</span> <span class='ocrx_word' id='word_1_190' title='bbox 859 2787 906 2842; x_wconf 83' lang='lat' dir='ltr'>ex</span> <span class='ocrx_word' id='word_1_191' title='bbox 951 2762 1101 2841; x_wconf 88' lang='lat' dir='ltr'>motivo</span> <span class='ocrx_word' id='word_1_192' title='bbox 1141 2753 1296 2839; x_wconf 87' lang='lat' dir='ltr'>cautelae</span> <span class='ocrx_word' id='word_1_193' title='bbox 1333 2754 1564 2852; x_wconf 82' lang='lat' dir='ltr'>necessariae,</span> <span class='ocrx_word' id='word_1_194' title='bbox 1606 2785 1657 2842; x_wconf 83' lang='lat' dir='ltr'>ne</span> 
     </span>
     <span class='ocr_line' id='line_1_23' title="bbox 245 2865 1652 2975; baseline 0.005 -28"><span class='ocrx_word' id='word_1_195' title='bbox 245 2884 309 2947; x_wconf 78' lang='lat' dir='ltr'>vam</span> <span class='ocrx_word' id='word_1_196' title='bbox 332 2872 521 2975; x_wconf 54' lang='lat' dir='ltr'>mmodi</span> <span class='ocrx_word' id='word_1_197' title='bbox 551 2865 862 2956; x_wconf 80' lang='lat' dir='ltr'>¹revelationibus</span> <span class='ocrx_word' id='word_1_198' title='bbox 905 2866 1115 2955; x_wconf 86' lang='lat' dir='ltr'>subintrent</span> <span class='ocrx_word' id='word_1_199' title='bbox 1146 2874 1261 2953; x_wconf 89' lang='lat' dir='ltr'>etiarn</span> <span class='ocrx_word' id='word_1_200' title='bbox 1293 2870 1480 2953; x_wconf 63' lang='lat' dir='ltr'>doetrinae</span> <span class='ocrx_word' id='word_1_201' title='bbox 1516 2871 1652 2954; x_wconf 87' lang='lat' dir='ltr'>Verbo</span> 
     </span>
     <span class='ocr_line' id='line_1_24' title="bbox 245 2973 1655 3095; baseline 0.006 -37"><span class='ocrx_word' id='word_1_202' title='bbox 245 2973 520 3081; x_wconf 70' lang='lat' dir='ltr'>vettonuariae,</span> <span class='ocrx_word' id='word_1_203' title='bbox 547 2990 684 3095; x_wconf 88' lang='lat' dir='ltr'>partim</span> <span class='ocrx_word' id='word_1_204' title='bbox 706 3013 756 3069; x_wconf 90' lang='lat' dir='ltr'>ne</span> <span class='ocrx_word' id='word_1_205' title='bbox 779 2982 993 3067; x_wconf 80' lang='lat' dir='ltr'>discedatur</span> <span class='ocrx_word' id='word_1_206' title='bbox 1011 2983 1035 3068; x_wconf 73' lang='lat' dir='ltr'>i</span> <span class='ocrx_word' id='word_1_207' title='bbox 1056 2990 1116 3066; x_wconf 91' lang='lat' dir='ltr'>via</span> <span class='ocrx_word' id='word_1_208' title='bbox 1135 3011 1216 3066; x_wconf 87' lang='lat' dir='ltr'>tuta</span> <span class='ocrx_word' id='word_1_209' title='bbox 1247 2979 1415 3068; x_wconf 85' lang='lat' dir='ltr'>obscurae</span> <span class='ocrx_word' id='word_1_210' title='bbox 1433 2982 1538 3067; x_wconf 84' lang='lat' dir='ltr'>fidei.</span> <span class='ocrx_word' id='word_1_211' title='bbox 1598 2985 1655 3066; x_wconf 65' lang='grc' dir='ltr'>Α,-</span> 
     </span>
     <span class='ocr_line' id='line_1_25' title="bbox 241 3093 1654 3195; baseline 0.004 -20"><span class='ocrx_word' id='word_1_212' title='bbox 241 3095 315 3176; x_wconf 74' lang='lat' dir='ltr'>liuta</span> <span class='ocrx_word' id='word_1_213' title='bbox 338 3123 423 3180; x_wconf 91' lang='lat' dir='ltr'>uon·</span> <span class='ocrx_word' id='word_1_214' title='bbox 440 3093 553 3181; x_wconf 90' lang='lat' dir='ltr'>facile</span> <span class='ocrx_word' id='word_1_215' title='bbox 580 3097 738 3194; x_wconf 82' lang='lat' dir='ltr'>credat,</span> <span class='ocrx_word' id='word_1_216' title='bbox 773 3122 840 3181; x_wconf 88' lang='lat' dir='ltr'>aue</span> <span class='ocrx_word' id='word_1_217' title='bbox 868 3093 1104 3186; x_wconf 67' lang='lat' dir='ltr'>intricatum</span> <span class='ocrx_word' id='word_1_218' title='bbox 1134 3096 1292 3183; x_wconf 77' lang='lat' dir='ltr'>niclines</span> <span class='ocrx_word' id='word_1_219' title='bbox 1321 3098 1511 3195; x_wconf 77' lang='lat' dir='ltr'>eiusmodi</span> <span class='ocrx_word' id='word_1_220' title='bbox 1539 3096 1654 3180; x_wconf 78' lang='lat' dir='ltr'>rebus</span> 
     </span>
     <span class='ocr_line' id='line_1_26' title="bbox 192 3207 1652 3323; baseline 0.003 -36"><span class='ocrx_word' id='word_1_221' title='bbox 192 3284 196 3323; x_wconf 58' lang='lat'>‚</span> <span class='ocrx_word' id='word_1_222' title='bbox 237 3211 363 3292; x_wconf 83' lang='lat' dir='ltr'>noviter</span> <span class='ocrx_word' id='word_1_223' title='bbox 397 3207 598 3306; x_wconf 82' lang='lat' dir='ltr'>revelatis,</span> <span class='ocrx_word' id='word_1_224' title='bbox 625 3210 655 3294; x_wconf 80' lang='lat' dir='ltr'>fi·</span> <span class='ocrx_word' id='word_1_225' title='bbox 675 3208 773 3295; x_wconf 84' lang='lat' dir='ltr'>nolit</span> <span class='ocrx_word' id='word_1_226' title='bbox 801 3210 936 3323; x_wconf 82' lang='lat' dir='ltr'>decipi.</span> <span class='ocrx_word' id='word_1_227' title='bbox 998 3211 1176 3295; x_wconf 82' lang='lat' dir='ltr'>Doemon</span> <span class='ocrx_word' id='word_1_228' title='bbox 1201 3219 1322 3306; x_wconf 84' lang='lat' dir='ltr'>euim,</span> <span class='ocrx_word' id='word_1_229' title='bbox 1346 3235 1387 3292; x_wconf 94' lang='lat' dir='ltr'>ut</span> <span class='ocrx_word' id='word_1_230' title='bbox 1406 3210 1585 3320; x_wconf 86' lang='lat' dir='ltr'>decipiat,</span> <span class='ocrx_word' id='word_1_231' title='bbox 1612 3215 1652 3292; x_wconf 79' lang='lat' dir='ltr'>de</span> 
     </span>
     <span class='ocr_line' id='line_1_27' title="bbox 192 3317 1652 3436; baseline 0.005 -37"><span class='ocrx_word' id='word_1_232' title='bbox 192 3364 195 3381; x_wconf 64' lang='grc' dir='ltr'>ι</span> <span class='ocrx_word' id='word_1_233' title='bbox 234 3317 397 3436; x_wconf 80' lang='lat' dir='ltr'>uspergat</span> <span class='ocrx_word' id='word_1_234' title='bbox 422 3325 640 3418; x_wconf 82' lang='lat' dir='ltr'>mendacia,</span> <span class='ocrx_word' id='word_1_235' title='bbox 667 3325 717 3408; x_wconf 89' lang='lat' dir='ltr'>ab</span> <span class='ocrx_word' id='word_1_236' title='bbox 745 3330 859 3409; x_wconf 84' lang='lat' dir='ltr'>initio</span> <span class='ocrx_word' id='word_1_237' title='bbox 886 3320 1003 3408; x_wconf 77' lang='lat' dir='ltr'>allicit</span> <span class='ocrx_word' id='word_1_238' title='bbox 1027 3326 1290 3434; x_wconf 90' lang='lat' dir='ltr'>proponendo</span> <span class='ocrx_word' id='word_1_239' title='bbox 1329 3328 1555 3420; x_wconf 82' lang='lat' dir='ltr'>veritatem.&#39;‚</span> <span class='ocrx_word' id='word_1_240' title='bbox 1586 3347 1652 3407; x_wconf 86' lang='lat' dir='ltr'>aut</span> 
     </span>
     <span class='ocr_line' id='line_1_28' title="bbox 230 3433 1650 3551; baseline 0.003 -35"><span class='ocrx_word' id='word_1_241' title='bbox 230 3454 274 3516; x_wconf 79' lang='lat' dir='ltr'>tta</span> <span class='ocrx_word' id='word_1_242' title='bbox 288 3434 536 3537; x_wconf 66' lang='lat' dir='ltr'>transienda,</span> <span class='ocrx_word' id='word_1_243' title='bbox 552 3462 596 3523; x_wconf 85' lang='lat' dir='ltr'>ut</span> <span class='ocrx_word' id='word_1_244' title='bbox 617 3442 783 3522; x_wconf 81' lang='lat' dir='ltr'>anirnatn</span> <span class='ocrx_word' id='word_1_245' title='bbox 805 3441 944 3523; x_wconf 88' lang='lat' dir='ltr'>reddat</span> <span class='ocrx_word' id='word_1_246' title='bbox 957 3434 1124 3522; x_wconf 89' lang='lat' dir='ltr'>securam</span> <span class='ocrx_word' id='word_1_247' title='bbox 1148 3433 1411 3546; x_wconf 80' lang='lat' dir='ltr'>&amp;persuasam</span> <span class='ocrx_word' id='word_1_248' title='bbox 1427 3465 1441 3523; x_wconf 76' lang='lat'>5³</span> <span class='ocrx_word' id='word_1_249' title='bbox 1467 3435 1561 3520; x_wconf 83' lang='lat' dir='ltr'>sicut</span> <span class='ocrx_word' id='word_1_250' title='bbox 1582 3443 1650 3551; x_wconf 88' lang='lat' dir='ltr'>qui</span> 
     </span>
     <span class='ocr_line' id='line_1_29' title="bbox 226 3547 1653 3663; baseline 0.006 -36"><span class='ocrx_word' id='word_1_251' title='bbox 226 3547 354 3636; x_wconf 83' lang='lat' dir='ltr'>consuit</span> <span class='ocrx_word' id='word_1_252' title='bbox 375 3558 549 3652; x_wconf 88' lang='lat' dir='ltr'>corium,</span> <span class='ocrx_word' id='word_1_253' title='bbox 574 3551 625 3634; x_wconf 84' lang='lat' dir='ltr'>ab</span> <span class='ocrx_word' id='word_1_254' title='bbox 646 3556 757 3636; x_wconf 91' lang='lat' dir='ltr'>initio</span> <span class='ocrx_word' id='word_1_255' title='bbox 782 3549 878 3637; x_wconf 92' lang='lat' dir='ltr'>illud</span> <span class='ocrx_word' id='word_1_256' title='bbox 913 3551 1084 3663; x_wconf 87' lang='lat' dir='ltr'>perforat</span> <span class='ocrx_word' id='word_1_257' title='bbox 1120 3548 1281 3647; x_wconf 73' lang='lat' dir='ltr'>subula,</span> <span class='ocrx_word' id='word_1_258' title='bbox 1304 3551 1396 3634; x_wconf 91' lang='lat' dir='ltr'>dein</span> <span class='ocrx_word' id='word_1_259' title='bbox 1429 3555 1653 3636; x_wconf 82' lang='lat' dir='ltr'>transmittit</span> 
     </span>
     <span class='ocr_line' id='line_1_30' title="bbox 220 3648 1653 3779; baseline 0.005 -38"><span class='ocrx_word' id='word_1_260' title='bbox 220 3648 339 3762; x_wconf 70' lang='lat' dir='ltr'>dum,</span> <span class='ocrx_word' id='word_1_261' title='bbox 378 3663 687 3779; x_wconf 83' lang='lat' dir='ltr'>quod-transire</span> <span class='ocrx_word' id='word_1_262' title='bbox 723 3695 806 3750; x_wconf 92' lang='lat' dir='ltr'>non</span> <span class='ocrx_word' id='word_1_263' title='bbox 840 3663 964 3778; x_wconf 88' lang='lat' dir='ltr'>posset</span> <span class='ocrx_word' id='word_1_264' title='bbox 991 3664 1056 3749; x_wconf 88' lang='lat' dir='ltr'>nili</span> <span class='ocrx_word' id='word_1_265' title='bbox 1087 3671 1191 3775; x_wconf 88' lang='lat' dir='ltr'>prius</span> <span class='ocrx_word' id='word_1_266' title='bbox 1215 3692 1344 3776; x_wconf 85' lang='lat' dir='ltr'>aperta</span> <span class='ocrx_word' id='word_1_267' title='bbox 1372 3670 1444 3747; x_wconf 90' lang='lat' dir='ltr'>via.</span> <span class='ocrx_word' id='word_1_268' title='bbox 1515 3669 1653 3778; x_wconf 84' lang='lat' dir='ltr'>ltaque</span> 
     </span>
     <span class='ocr_line' id='line_1_31' title="bbox 216 3777 1649 3891; baseline 0.002 -34"><span class='ocrx_word' id='word_1_269' title='bbox 216 3777 405 3865; x_wconf 77' lang='lat' dir='ltr'>cautilsuue</span> <span class='ocrx_word' id='word_1_270' title='bbox 423 3785 464 3863; x_wconf 90' lang='lat' dir='ltr'>in</span> <span class='ocrx_word' id='word_1_271' title='bbox 486 3781 564 3862; x_wconf 85' lang='lat' dir='ltr'>hac</span> <span class='ocrx_word' id='word_1_272' title='bbox 586 3807 629 3862; x_wconf 86' lang='lat' dir='ltr'>re</span> <span class='ocrx_word' id='word_1_273' title='bbox 647 3778 873 3865; x_wconf 86' lang='lat' dir='ltr'>versa-udum</span> <span class='ocrx_word' id='word_1_274' title='bbox 899 3780 964 3864; x_wconf 68' lang='lat' dir='ltr'>eli</span> <span class='ocrx_word' id='word_1_275' title='bbox 1025 3784 1128 3862; x_wconf 75' lang='lat' dir='ltr'>Nam</span> <span class='ocrx_word' id='word_1_276' title='bbox 1154 3785 1328 3891; x_wconf 84' lang='lat' dir='ltr'>quamvis</span> <span class='ocrx_word' id='word_1_277' title='bbox 1352 3777 1456 3860; x_wconf 84' lang='lat' dir='ltr'>forte</span> <span class='ocrx_word' id='word_1_278' title='bbox 1472 3784 1512 3861; x_wconf 88' lang='lat' dir='ltr'>in</span> <span class='ocrx_word' id='word_1_279' title='bbox 1535 3781 1649 3888; x_wconf 81' lang='lat' dir='ltr'>paeti-</span> 
     </span>
     <span class='ocr_line' id='line_1_32' title="bbox 213 3888 1650 4005; baseline -0.001 -31"><span class='ocrx_word' id='word_1_280' title='bbox 213 3888 317 3977; x_wconf 76' lang='lat' dir='ltr'>olm</span> <span class='ocrx_word' id='word_1_281' title='bbox 336 3890 441 3979; x_wconf 85' lang='lat' dir='ltr'>causa</span> <span class='ocrx_word' id='word_1_282' title='bbox 462 3920 552 3977; x_wconf 86' lang='lat' dir='ltr'>tron</span> <span class='ocrx_word' id='word_1_283' title='bbox 575 3889 680 3978; x_wconf 84' lang='lat' dir='ltr'>foret</span> <span class='ocrx_word' id='word_1_284' title='bbox 707 3896 949 4005; x_wconf 85' lang='lat' dir='ltr'>deceptionis</span> <span class='ocrx_word' id='word_1_285' title='bbox 980 3892 1213 4004; x_wconf 78' lang='lat' dir='ltr'>periculum,</span> <span class='ocrx_word' id='word_1_286' title='bbox 1247 3897 1379 3974; x_wconf 77' lang='lat' dir='ltr'>anima</span> <span class='ocrx_word' id='word_1_287' title='bbox 1402 3919 1531 3974; x_wconf 92' lang='lat' dir='ltr'>tamen</span> <span class='ocrx_word' id='word_1_288' title='bbox 1555 3917 1650 3972; x_wconf 89' lang='lat' dir='ltr'>con-</span> 
     </span>
    </p>
   </div>
   <div class='ocr_carea' id='block_1_3' title="bbox 210 4003 1648 4222">
    <p class='ocr_par' dir='ltr' id='par_1_3' title="bbox 210 4003 1648 4222">
     <span class='ocr_line' id='line_1_33' title="bbox 210 4003 1647 4205; baseline -0.003 -116"><span class='ocrx_word' id='word_1_289' title='bbox 210 4010 318 4108; x_wconf 84' lang='lat' dir='ltr'>tenit,</span> <span class='ocrx_word' id='word_1_290' title='bbox 334 4036 419 4095; x_wconf 89' lang='lat' dir='ltr'>nou</span> <span class='ocrx_word' id='word_1_291' title='bbox 436 4031 621 4123; x_wconf 83' lang='lat' dir='ltr'>quaerere</span> <span class='ocrx_word' id='word_1_292' title='bbox 640 4003 773 4093; x_wconf 70' lang='lat' dir='ltr'>taliam</span> <span class='ocrx_word' id='word_1_293' title='bbox 789 4034 918 4093; x_wconf 81' lang='lat' dir='ltr'>retum</span> <span class='ocrx_word' id='word_1_294' title='bbox 941 4004 1080 4205; x_wconf 67' lang='lat' dir='ltr'>claEram</span> <span class='ocrx_word' id='word_1_295' title='bbox 1099 4004 1308 4104; x_wconf 73' lang='lat' dir='ltr'>laetitiam,</span> <span class='ocrx_word' id='word_1_296' title='bbox 1326 4029 1369 4090; x_wconf 90' lang='lat' dir='ltr'>ut</span> <span class='ocrx_word' id='word_1_297' title='bbox 1382 4009 1544 4088; x_wconf 87' lang='lat' dir='ltr'>retineat</span> <span class='ocrx_word' id='word_1_298' title='bbox 1557 4029 1647 4132; x_wconf 26' lang='lat' dir='ltr'>‘me-</span> 
     </span>
     <span class='ocr_line' id='line_1_34' title="bbox 1028 4140 1648 4222; baseline -0.019 -16"><span class='ocrx_word' id='word_1_299' title='bbox 1028 4149 1050 4206; x_wconf 90' lang='lat' dir='ltr'>e</span> <span class='ocrx_word' id='word_1_300' title='bbox 1078 4148 1105 4222; x_wconf 75' lang='lat'>3</span> <span class='ocrx_word' id='word_1_301' title='bbox 1535 4140 1648 4197; x_wconf 83' lang='lat' dir='ltr'>ritum</span> 
     </span>
    </p>
   </div>
   <div class='ocr_carea' id='block_1_4' title="bbox 0 0 1902 4994">
    <p class='ocr_par' dir='ltr' id='par_1_4' title="bbox 0 0 1902 4994">
     <span class='ocr_line' id='line_1_35' title="bbox 0 0 1902 4994; baseline 0 2"><span class='ocrx_word' id='word_1_302' title='bbox 0 0 1902 4994; x_wconf 95' lang='lat' dir='ltr'> </span> 
     </span>
    </p>
   </div>
  </div>
 </body>
</html>
