<?xml version="1.0" encoding="UTF-8"?>
<!DOCTYPE html PUBLIC "-//W3C//DTD XHTML 1.0 Transitional//EN"
    "http://www.w3.org/TR/xhtml1/DTD/xhtml1-transitional.dtd">
<html xmlns="http://www.w3.org/1999/xhtml" xml:lang="en" lang="en">
 <head>
  <title>
</title>
<meta http-equiv="Content-Type" content="text/html;charset=utf-8" />
  <meta name='ocr-system' content='tesseract 3.04.00' />
  <meta name='ocr-capabilities' content='ocr_page ocr_carea ocr_par ocr_line ocrx_word'/>
</head>
<body>
  <div class='ocr_page' id='page_1' title='image "./derevelationibu00amorgoog_0634.png"; bbox 0 0 3796 4994; ppageno 0'>
   <div class='ocr_carea' id='block_1_1' title="bbox 230 308 1691 633">
    <p class='ocr_par' dir='ltr' id='par_1_1' title="bbox 230 308 1691 633">
     <span class='ocr_line' id='line_1_1' title="bbox 230 308 1307 446; baseline -0.006 -36"><span class='ocrx_word' id='word_1_1' title='bbox 230 345 330 446; x_wconf 82' lang='lat'>330</span> <span class='ocrx_word' id='word_1_2' title='bbox 393 322 398 338; x_wconf 87' lang='lat'>&#39;</span> <span class='ocrx_word' id='word_1_3' title='bbox 599 313 803 411; x_wconf 75' lang='lat' dir='ltr'>neverat.</span> <span class='ocrx_word' id='word_1_4' title='bbox 822 313 876 413; x_wconf 87' lang='lat' dir='ltr'>de</span> <span class='ocrx_word' id='word_1_5' title='bbox 894 308 1086 445; x_wconf 81' lang='lat' dir='ltr'>Agreda.</span> <span class='ocrx_word' id='word_1_6' title='bbox 1110 313 1225 407; x_wconf 75' lang='lat' dir='ltr'>Pars</span> <span class='ocrx_word' id='word_1_7' title='bbox 1247 316 1307 412; x_wconf 84' lang='lat'>11.</span> 
     </span>
     <span class='ocr_line' id='line_1_2' title="bbox 299 460 1691 633; baseline 0.001 -28"><span class='ocrx_word' id='word_1_8' title='bbox 299 478 304 484; x_wconf 16' lang='grc' dir='ltr'><strong><em>ι</em></strong></span> <span class='ocrx_word' id='word_1_9' title='bbox 348 546 444 628; x_wconf 85' lang='lat'>575.</span> <span class='ocrx_word' id='word_1_10' title='bbox 483 519 591 605; x_wconf 87' lang='lat' dir='ltr'>Dein</span> <span class='ocrx_word' id='word_1_11' title='bbox 618 545 706 604; x_wconf 90' lang='lat' dir='ltr'>curn</span> <span class='ocrx_word' id='word_1_12' title='bbox 731 519 771 604; x_wconf 85' lang='lat' dir='ltr'>S.</span> <span class='ocrx_word' id='word_1_13' title='bbox 803 512 978 631; x_wconf 89' lang='lat' dir='ltr'>Josepho</span> <span class='ocrx_word' id='word_1_14' title='bbox 1007 521 1047 602; x_wconf 80' lang='grc' dir='ltr'>δι</span> <span class='ocrx_word' id='word_1_15' title='bbox 1077 512 1226 605; x_wconf 86' lang='lat' dir='ltr'>infante</span> <span class='ocrx_word' id='word_1_16' title='bbox 1258 460 1538 631; x_wconf 31' lang='lat' dir='ltr'>err-Praesepio</span> <span class='ocrx_word' id='word_1_17' title='bbox 1563 520 1691 633; x_wconf 82' lang='lat' dir='ltr'>migrat</span> 
     </span>
    </p>
   </div>
   <div class='ocr_carea' id='block_1_2' title="bbox 94 630 1694 748">
    <p class='ocr_par' dir='ltr' id='par_1_2' title="bbox 94 630 1694 748">
     <span class='ocr_line' id='line_1_3' title="bbox 94 630 1694 748; baseline 0.001 -28"><span class='ocrx_word' id='word_1_18' title='bbox 94 690 100 702; x_wconf 90' lang='lat'><strong>.</strong></span> <span class='ocrx_word' id='word_1_19' title='bbox 229 647 270 729; x_wconf 86' lang='lat' dir='ltr'>in</span> <span class='ocrx_word' id='word_1_20' title='bbox 289 637 455 723; x_wconf 92' lang='lat' dir='ltr'>domum</span> <span class='ocrx_word' id='word_1_21' title='bbox 473 632 641 720; x_wconf 73' lang='lat' dir='ltr'>mulieris</span> <span class='ocrx_word' id='word_1_22' title='bbox 662 638 856 747; x_wconf 85' lang='lat' dir='ltr'>pauperis,</span> <span class='ocrx_word' id='word_1_23' title='bbox 879 659 967 747; x_wconf 82' lang='lat' dir='ltr'>qua</span> <span class='ocrx_word' id='word_1_24' title='bbox 989 656 1070 718; x_wconf 91' lang='lat' dir='ltr'>erat</span> <span class='ocrx_word' id='word_1_25' title='bbox 1097 637 1282 748; x_wconf 85' lang='lat' dir='ltr'>contigua</span> <span class='ocrx_word' id='word_1_26' title='bbox 1305 656 1425 717; x_wconf 90' lang='lat' dir='ltr'>muro</span> <span class='ocrx_word' id='word_1_27' title='bbox 1450 630 1566 737; x_wconf 83' lang='lat' dir='ltr'>urbis</span> <span class='ocrx_word' id='word_1_28' title='bbox 1584 634 1694 721; x_wconf 84' lang='lat' dir='ltr'>Beth·</span> 
     </span>
    </p>
   </div>
   <div class='ocr_carea' id='block_1_3' title="bbox 229 744 1696 1211">
    <p class='ocr_par' dir='ltr' id='par_1_3' title="bbox 229 744 1696 1211">
     <span class='ocr_line' id='line_1_4' title="bbox 229 744 1695 865; baseline -0.003 -22"><span class='ocrx_word' id='word_1_29' title='bbox 229 752 403 843; x_wconf 76' lang='lat' dir='ltr'>lemicaer</span> <span class='ocrx_word' id='word_1_30' title='bbox 440 755 480 834; x_wconf 76' lang='grc' dir='ltr'>δι</span> <span class='ocrx_word' id='word_1_31' title='bbox 510 755 550 836; x_wconf 92' lang='lat' dir='ltr'>in</span> <span class='ocrx_word' id='word_1_32' title='bbox 588 777 710 865; x_wconf 87' lang='lat' dir='ltr'>quarn</span> <span class='ocrx_word' id='word_1_33' title='bbox 748 745 814 833; x_wconf 91' lang='lat' dir='ltr'>illa</span> <span class='ocrx_word' id='word_1_34' title='bbox 848 744 985 834; x_wconf 88' lang='lat' dir='ltr'>mulier</span> <span class='ocrx_word' id='word_1_35' title='bbox 1013 754 1056 831; x_wconf 85' lang='lat' dir='ltr'>B.</span> <span class='ocrx_word' id='word_1_36' title='bbox 1083 751 1285 862; x_wconf 86' lang='lat' dir='ltr'>Virginem</span> <span class='ocrx_word' id='word_1_37' title='bbox 1313 745 1370 832; x_wconf 95' lang='lat' dir='ltr'>ob</span> <span class='ocrx_word' id='word_1_38' title='bbox 1392 771 1567 860; x_wconf 86' lang='lat' dir='ltr'>accepta</span> <span class='ocrx_word' id='word_1_39' title='bbox 1585 751 1637 835; x_wconf 88' lang='lat' dir='ltr'>ab</span> <span class='ocrx_word' id='word_1_40' title='bbox 1655 775 1695 838; x_wconf 82' lang='lat' dir='ltr'>ot</span> 
     </span>
     <span class='ocr_line' id='line_1_5' title="bbox 231 862 1696 964; baseline -0.006 -4"><span class='ocrx_word' id='word_1_41' title='bbox 231 893 395 960; x_wconf 90' lang='lat' dir='ltr'>munera</span> <span class='ocrx_word' id='word_1_42' title='bbox 417 869 654 952; x_wconf 73' lang='lat' dir='ltr'>invitaverat</span> <span class='ocrx_word' id='word_1_43' title='bbox 714 869 768 951; x_wconf 93' lang='lat' dir='ltr'>Ut</span> <span class='ocrx_word' id='word_1_44' title='bbox 790 870 834 951; x_wconf 88' lang='lat' dir='ltr'>B.</span> <span class='ocrx_word' id='word_1_45' title='bbox 857 869 907 951; x_wconf 88' lang='lat' dir='ltr'>V.</span> <span class='ocrx_word' id='word_1_46' title='bbox 929 867 1187 949; x_wconf 73' lang='lat' dir='ltr'>mutationem</span> <span class='ocrx_word' id='word_1_47' title='bbox 1213 862 1460 964; x_wconf 85' lang='lat' dir='ltr'>admitteret,</span> <span class='ocrx_word' id='word_1_48' title='bbox 1489 867 1598 950; x_wconf 86' lang='lat' dir='ltr'>inter</span> <span class='ocrx_word' id='word_1_49' title='bbox 1615 892 1696 951; x_wconf 91' lang='lat' dir='ltr'>mo·</span> 
     </span>
     <span class='ocr_line' id='line_1_6' title="bbox 229 974 1695 1096; baseline -0.007 -23"><span class='ocrx_word' id='word_1_50' title='bbox 229 990 311 1073; x_wconf 87' lang='lat' dir='ltr'>tiva</span> <span class='ocrx_word' id='word_1_51' title='bbox 339 981 414 1068; x_wconf 84' lang='lat' dir='ltr'>fuit</span> <span class='ocrx_word' id='word_1_52' title='bbox 448 985 563 1067; x_wconf 89' lang='lat' dir='ltr'>etiam</span> <span class='ocrx_word' id='word_1_53' title='bbox 591 982 697 1079; x_wconf 88' lang='lat' dir='ltr'>hoc,</span> <span class='ocrx_word' id='word_1_54' title='bbox 749 978 865 1095; x_wconf 92' lang='lat' dir='ltr'>quod</span> <span class='ocrx_word' id='word_1_55' title='bbox 905 979 957 1063; x_wconf 89' lang='lat' dir='ltr'>ad</span> <span class='ocrx_word' id='word_1_56' title='bbox 998 976 1170 1090; x_wconf 82' lang='lat' dir='ltr'>Praesepe</span> <span class='ocrx_word' id='word_1_57' title='bbox 1210 974 1334 1064; x_wconf 73' lang='lat' dir='ltr'>fadus</span> <span class='ocrx_word' id='word_1_58' title='bbox 1370 974 1495 1064; x_wconf 90' lang='lat' dir='ltr'>fuerit</span> <span class='ocrx_word' id='word_1_59' title='bbox 1540 1006 1695 1096; x_wconf 84' lang='lat' dir='ltr'>magunt</span> 
     </span>
     <span class='ocr_line' id='line_1_7' title="bbox 230 1088 1694 1211; baseline -0.001 -26"><span class='ocrx_word' id='word_1_60' title='bbox 230 1091 437 1185; x_wconf 83' lang='lat' dir='ltr'><strong>concursus</strong></span> <span class='ocrx_word' id='word_1_61' title='bbox 471 1090 636 1210; x_wconf 85' lang='lat' dir='ltr'>populi,</span> <span class='ocrx_word' id='word_1_62' title='bbox 679 1095 888 1211; x_wconf 78' lang='lat' dir='ltr'>postquam</span> <span class='ocrx_word' id='word_1_63' title='bbox 918 1120 1052 1181; x_wconf 88' lang='lat' dir='ltr'>rumor</span> <span class='ocrx_word' id='word_1_64' title='bbox 1080 1088 1223 1207; x_wconf 78' lang='lat' dir='ltr'>sparsus</span> <span class='ocrx_word' id='word_1_65' title='bbox 1267 1093 1321 1179; x_wconf 87' lang='lat' dir='ltr'>de</span> <span class='ocrx_word' id='word_1_66' title='bbox 1359 1093 1545 1181; x_wconf 85' lang='lat' dir='ltr'>adventu</span> <span class='ocrx_word' id='word_1_67' title='bbox 1585 1101 1694 1185; x_wconf 77' lang='lat' dir='ltr'>triuua</span> 
     </span>
    </p>
   </div>
   <div class='ocr_carea' id='block_1_4' title="bbox 109 1217 395 1330">
    <p class='ocr_par' dir='ltr' id='par_1_4' title="bbox 109 1217 395 1330">
     <span class='ocr_line' id='line_1_8' title="bbox 109 1217 395 1330; baseline -0.014 -29"><span class='ocrx_word' id='word_1_68' title='bbox 109 1266 121 1301; x_wconf 89' lang='grc'>,-</span> <span class='ocrx_word' id='word_1_69' title='bbox 228 1217 395 1330; x_wconf 81' lang='lat' dir='ltr'>Regum.</span> 
     </span>
    </p>
   </div>
   <div class='ocr_carea' id='block_1_5' title="bbox 160 1318 1715 2715">
    <p class='ocr_par' dir='ltr' id='par_1_5' title="bbox 160 1318 1696 2224">
     <span class='ocr_line' id='line_1_9' title="bbox 351 1318 1696 1459; baseline 0.004 -52"><span class='ocrx_word' id='word_1_70' title='bbox 351 1338 446 1430; x_wconf 78' lang='lat'>576·</span> <span class='ocrx_word' id='word_1_71' title='bbox 485 1325 697 1438; x_wconf 84' lang='lat' dir='ltr'>Postquam</span> <span class='ocrx_word' id='word_1_72' title='bbox 724 1328 768 1409; x_wconf 89' lang='lat' dir='ltr'>B.</span> <span class='ocrx_word' id='word_1_73' title='bbox 789 1328 914 1459; x_wconf 78' lang='lat' dir='ltr'>Virgo</span> <span class='ocrx_word' id='word_1_74' title='bbox 947 1324 1199 1438; x_wconf 83' lang='lat' dir='ltr'>emigraverat</span> <span class='ocrx_word' id='word_1_75' title='bbox 1225 1318 1484 1438; x_wconf 69' lang='lat' dir='ltr'>epraesepm,</span> <span class='ocrx_word' id='word_1_76' title='bbox 1521 1325 1696 1413; x_wconf 82' lang='lat' dir='ltr'>llatimi·</span> 
     </span>
     <span class='ocr_line' id='line_1_10' title="bbox 228 1427 1692 1553; baseline -0.003 -22"><span class='ocrx_word' id='word_1_77' title='bbox 228 1443 316 1533; x_wconf 86' lang='lat' dir='ltr'>llud</span> <span class='ocrx_word' id='word_1_78' title='bbox 340 1443 477 1526; x_wconf 89' lang='lat' dir='ltr'>datum</span> <span class='ocrx_word' id='word_1_79' title='bbox 499 1440 557 1523; x_wconf 87' lang='lat' dir='ltr'>est</span> <span class='ocrx_word' id='word_1_80' title='bbox 577 1446 618 1524; x_wconf 90' lang='lat' dir='ltr'>in</span> <span class='ocrx_word' id='word_1_81' title='bbox 652 1439 865 1541; x_wconf 68' lang='lat' dir='ltr'>custodium</span> <span class='ocrx_word' id='word_1_82' title='bbox 894 1435 1006 1524; x_wconf 89' lang='lat' dir='ltr'>alicui</span> <span class='ocrx_word' id='word_1_83' title='bbox 1027 1435 1193 1553; x_wconf 86' lang='lat' dir='ltr'>angelo,</span> <span class='ocrx_word' id='word_1_84' title='bbox 1220 1462 1263 1522; x_wconf 89' lang='lat' dir='ltr'>ut</span> <span class='ocrx_word' id='word_1_85' title='bbox 1291 1440 1392 1523; x_wconf 84' lang='lat' dir='ltr'>olim&#39;</span> <span class='ocrx_word' id='word_1_86' title='bbox 1410 1427 1644 1533; x_wconf 70' lang='lat' dir='ltr'>Paradisum</span> <span class='ocrx_word' id='word_1_87' title='bbox 1670 1438 1692 1527; x_wconf 74' lang='lat' dir='ltr'>d</span> 
     </span>
     <span class='ocr_line' id='line_1_11' title="bbox 228 1553 1692 1675; baseline 0 -32"><span class='ocrx_word' id='word_1_88' title='bbox 228 1587 317 1675; x_wconf 90' lang='lat' dir='ltr'>quo</span> <span class='ocrx_word' id='word_1_89' title='bbox 342 1561 553 1642; x_wconf 85' lang='lat' dir='ltr'>etiamnum</span> <span class='ocrx_word' id='word_1_90' title='bbox 580 1558 619 1641; x_wconf 94' lang='lat' dir='ltr'>in</span> <span class='ocrx_word' id='word_1_91' title='bbox 653 1555 756 1639; x_wconf 86' lang='lat' dir='ltr'>huuc</span> <span class='ocrx_word' id='word_1_92' title='bbox 781 1582 907 1668; x_wconf 83' lang='lat' dir='ltr'>utque</span> <span class='ocrx_word' id='word_1_93' title='bbox 935 1555 1042 1640; x_wconf 89' lang='lat' dir='ltr'>diem</span> <span class='ocrx_word' id='word_1_94' title='bbox 1067 1553 1300 1642; x_wconf 70' lang='lat' dir='ltr'>custoditura</span> <span class='ocrx_word' id='word_1_95' title='bbox 1327 1558 1368 1636; x_wconf 77' lang='grc' dir='ltr'>δι</span> <span class='ocrx_word' id='word_1_96' title='bbox 1391 1554 1593 1643; x_wconf 80' lang='lat' dir='ltr'>omnibus</span> <span class='ocrx_word' id='word_1_97' title='bbox 1609 1562 1692 1642; x_wconf 88' lang='lat' dir='ltr'>irra-</span> 
     </span>
     <span class='ocr_line' id='line_1_12' title="bbox 160 1663 1691 1781; baseline -0.005 -17"><span class='ocrx_word' id='word_1_98' title='bbox 160 1710 166 1716; x_wconf 93' lang='lat'>·</span> <span class='ocrx_word' id='word_1_99' title='bbox 229 1667 441 1764; x_wconf 86' lang='lat' dir='ltr'>tionalibus</span> <span class='ocrx_word' id='word_1_100' title='bbox 464 1666 691 1757; x_wconf 83' lang='lat' dir='ltr'>animalibus</span> <span class='ocrx_word' id='word_1_101' title='bbox 701 1671 941 1781; x_wconf 73' lang='lat' dir='ltr'>prohibetur</span> <span class='ocrx_word' id='word_1_102' title='bbox 960 1663 1060 1756; x_wconf 83' lang='lat' dir='ltr'>illius</span> <span class='ocrx_word' id='word_1_103' title='bbox 1084 1671 1277 1754; x_wconf 85' lang='lat' dir='ltr'>introitus.</span> <span class='ocrx_word' id='word_1_104' title='bbox 1351 1668 1487 1776; x_wconf 89' lang='lat' dir='ltr'>Quod</span> <span class='ocrx_word' id='word_1_105' title='bbox 1512 1673 1613 1759; x_wconf 83' lang='lat' dir='ltr'>verb</span> <span class='ocrx_word' id='word_1_106' title='bbox 1635 1675 1691 1758; x_wconf 85' lang='lat' dir='ltr'>hic</span> 
     </span>
     <span class='ocr_line' id='line_1_13' title="bbox 228 1779 1690 1904; baseline -0.003 -26"><span class='ocrx_word' id='word_1_107' title='bbox 228 1785 391 1904; x_wconf 82' lang='lat' dir='ltr'>angelus</span> <span class='ocrx_word' id='word_1_108' title='bbox 423 1815 507 1879; x_wconf 88' lang='lat' dir='ltr'>non</span> <span class='ocrx_word' id='word_1_109' title='bbox 538 1784 750 1901; x_wconf 81' lang='lat' dir='ltr'>prohibeat</span> <span class='ocrx_word' id='word_1_110' title='bbox 786 1779 965 1871; x_wconf 86' lang='lat' dir='ltr'>infideles</span> <span class='ocrx_word' id='word_1_111' title='bbox 996 1783 1047 1868; x_wconf 88' lang='lat' dir='ltr'>ab</span> <span class='ocrx_word' id='word_1_112' title='bbox 1079 1780 1340 1897; x_wconf 84' lang='lat' dir='ltr'>introitu,&#39;id</span> <span class='ocrx_word' id='word_1_113' title='bbox 1367 1780 1413 1868; x_wconf 88' lang='lat' dir='ltr'>fit</span> <span class='ocrx_word' id='word_1_114' title='bbox 1443 1812 1501 1870; x_wconf 84' lang='lat' dir='ltr'>ex</span> <span class='ocrx_word' id='word_1_115' title='bbox 1533 1788 1690 1873; x_wconf 83' lang='lat' dir='ltr'>occultis</span> 
     </span>
     <span class='ocr_line' id='line_1_14' title="bbox 227 1896 1690 2018; baseline -0.003 -25"><span class='ocrx_word' id='word_1_116' title='bbox 227 1908 378 2018; x_wconf 72' lang='lat' dir='ltr'>iudiciis</span> <span class='ocrx_word' id='word_1_117' title='bbox 407 1905 498 1987; x_wconf 91' lang='lat' dir='ltr'>Dei.</span> <span class='ocrx_word' id='word_1_118' title='bbox 585 1903 683 1985; x_wconf 89' lang='lat' dir='ltr'>Mihi</span> <span class='ocrx_word' id='word_1_119' title='bbox 707 1896 921 1987; x_wconf 82' lang='lat' dir='ltr'>revelatum</span> <span class='ocrx_word' id='word_1_120' title='bbox 948 1897 1035 1997; x_wconf 88' lang='lat' dir='ltr'>fuit,</span> <span class='ocrx_word' id='word_1_121' title='bbox 1057 1897 1313 1984; x_wconf 86' lang='lat' dir='ltr'>devotionem</span> <span class='ocrx_word' id='word_1_122' title='bbox 1333 1899 1385 1983; x_wconf 89' lang='lat' dir='ltr'>ad</span> <span class='ocrx_word' id='word_1_123' title='bbox 1407 1901 1584 1987; x_wconf 85' lang='lat' dir='ltr'>Terram</span> <span class='ocrx_word' id='word_1_124' title='bbox 1604 1905 1690 1989; x_wconf 81' lang='lat' dir='ltr'>Sao·</span> 
     </span>
     <span class='ocr_line' id='line_1_15' title="bbox 229 1996 1689 2140; baseline -0.001 -31"><span class='ocrx_word' id='word_1_125' title='bbox 229 2028 331 2110; x_wconf 72' lang='lat' dir='ltr'>elam</span> <span class='ocrx_word' id='word_1_126' title='bbox 359 2014 434 2102; x_wconf 88' lang='lat' dir='ltr'>elle</span> <span class='ocrx_word' id='word_1_127' title='bbox 472 2043 594 2140; x_wconf 79' lang='lat' dir='ltr'>unum</span> <span class='ocrx_word' id='word_1_128' title='bbox 625 2042 673 2100; x_wconf 87' lang='lat' dir='ltr'>ex</span> <span class='ocrx_word' id='word_1_129' title='bbox 707 1996 965 2105; x_wconf 79' lang='lat' dir='ltr'>efficaciffimis</span> <span class='ocrx_word' id='word_1_130' title='bbox 1001 2016 1162 2114; x_wconf 84' lang='lat' dir='ltr'>mediis,</span> <span class='ocrx_word' id='word_1_131' title='bbox 1194 2005 1415 2099; x_wconf 88' lang='lat' dir='ltr'>stabiliendi</span> <span class='ocrx_word' id='word_1_132' title='bbox 1455 2012 1689 2107; x_wconf 76' lang='lat' dir='ltr'>Catholicae</span> 
     </span>
     <span class='ocr_line' id='line_1_16' title="bbox 229 2135 479 2224; baseline -0.04 0"><span class='ocrx_word' id='word_1_133' title='bbox 229 2135 479 2224; x_wconf 87' lang='lat' dir='ltr'>Monarchas.</span> 
     </span>
    </p>

    <p class='ocr_par' dir='ltr' id='par_1_6' title="bbox 224 2216 1715 2715">
     <span class='ocr_line' id='line_1_17' title="bbox 352 2216 1687 2360; baseline 0.004 -31"><span class='ocrx_word' id='word_1_134' title='bbox 352 2231 457 2352; x_wconf 60' lang='lat'>578)</span> <span class='ocrx_word' id='word_1_135' title='bbox 474 2238 622 2351; x_wconf 80' lang='lat' dir='ltr'>Jelulus</span> <span class='ocrx_word' id='word_1_136' title='bbox 645 2238 865 2360; x_wconf 85' lang='lat' dir='ltr'>saepe&#39;clata</span> <span class='ocrx_word' id='word_1_137' title='bbox 885 2270 986 2329; x_wconf 90' lang='lat' dir='ltr'>voce</span> <span class='ocrx_word' id='word_1_138' title='bbox 1010 2238 1246 2360; x_wconf 88' lang='lat' dir='ltr'>loquebatur</span> <span class='ocrx_word' id='word_1_139' title='bbox 1274 2216 1325 2328; x_wconf 71' lang='lat' dir='ltr'>ad</span> <span class='ocrx_word' id='word_1_140' title='bbox 1349 2247 1396 2332; x_wconf 90' lang='grc' dir='ltr'>Β.</span> <span class='ocrx_word' id='word_1_141' title='bbox 1421 2250 1504 2352; x_wconf 92' lang='lat' dir='ltr'>V.,</span> <span class='ocrx_word' id='word_1_142' title='bbox 1528 2277 1617 2338; x_wconf 90' lang='lat' dir='ltr'>non</span> <span class='ocrx_word' id='word_1_143' title='bbox 1638 2274 1687 2338; x_wconf 86' lang='lat' dir='ltr'>ta·</span> 
     </span>
     <span class='ocr_line' id='line_1_18' title="bbox 226 2356 1715 2478; baseline 0.003 -26"><span class='ocrx_word' id='word_1_144' title='bbox 226 2386 319 2455; x_wconf 78' lang='lat' dir='ltr'>mera</span> <span class='ocrx_word' id='word_1_145' title='bbox 335 2361 521 2449; x_wconf 90' lang='lat' dir='ltr'>audiente</span> <span class='ocrx_word' id='word_1_146' title='bbox 542 2362 580 2447; x_wconf 85' lang='lat' dir='ltr'>S.</span> <span class='ocrx_word' id='word_1_147' title='bbox 603 2356 809 2476; x_wconf 80' lang='lat' dir='ltr'>Josepho,</span> <span class='ocrx_word' id='word_1_148' title='bbox 842 2387 969 2478; x_wconf 85' lang='lat' dir='ltr'>utque</span> <span class='ocrx_word' id='word_1_149' title='bbox 1003 2359 1098 2447; x_wconf 90' lang='lat' dir='ltr'>dum</span> <span class='ocrx_word' id='word_1_150' title='bbox 1128 2363 1305 2474; x_wconf 84' lang='lat' dir='ltr'>attigerat</span> <span class='ocrx_word' id='word_1_151' title='bbox 1333 2363 1515 2473; x_wconf 86' lang='lat' dir='ltr'>primum</span> <span class='ocrx_word' id='word_1_152' title='bbox 1552 2372 1715 2456; x_wconf 78' lang='lat' dir='ltr'>aonum&#39;</span> 
     </span>
     <span class='ocr_line' id='line_1_19' title="bbox 229 2500 1590 2579; baseline -0.003 -6"><span class='ocrx_word' id='word_1_153' title='bbox 229 2507 361 2573; x_wconf 69' lang='lat' dir='ltr'>artato.</span> <span class='ocrx_word' id='word_1_154' title='bbox 535 2560 538 2565; x_wconf 94' lang='lat'><strong>.</strong></span> <span class='ocrx_word' id='word_1_155' title='bbox 678 2564 681 2579; x_wconf 84' lang='lat'>‚</span> <span class='ocrx_word' id='word_1_156' title='bbox 771 2557 774 2565; x_wconf 87' lang='lat'><strong>.</strong></span> <span class='ocrx_word' id='word_1_157' title='bbox 864 2556 866 2561; x_wconf 68' lang='lat'>,</span> <span class='ocrx_word' id='word_1_158' title='bbox 1536 2533 1540 2538; x_wconf 92' lang='lat'><em>·</em></span> <span class='ocrx_word' id='word_1_159' title='bbox 1584 2500 1590 2509; x_wconf 85' lang='grc'><em>’</em></span> 
     </span>
     <span class='ocr_line' id='line_1_20' title="bbox 224 2575 1683 2715; baseline 0.003 -35"><span class='ocrx_word' id='word_1_160' title='bbox 224 2594 229 2609; x_wconf 86' lang='grc'><em>’</em></span> <span class='ocrx_word' id='word_1_161' title='bbox 327 2575 445 2699; x_wconf 45' lang='grc'>379.</span> <span class='ocrx_word' id='word_1_162' title='bbox 472 2597 518 2680; x_wconf 89' lang='grc' dir='ltr'>Β.</span> <span class='ocrx_word' id='word_1_163' title='bbox 541 2598 591 2682; x_wconf 90' lang='lat' dir='ltr'>V.</span> <span class='ocrx_word' id='word_1_164' title='bbox 613 2588 714 2681; x_wconf 74' lang='lat' dir='ltr'>clare</span> <span class='ocrx_word' id='word_1_165' title='bbox 736 2592 833 2680; x_wconf 88' lang='lat' dir='ltr'>vidit</span> <span class='ocrx_word' id='word_1_166' title='bbox 855 2595 1021 2678; x_wconf 88' lang='lat' dir='ltr'>animam</span> <span class='ocrx_word' id='word_1_167' title='bbox 1040 2590 1183 2679; x_wconf 90' lang='lat' dir='ltr'>Christi</span> <span class='ocrx_word' id='word_1_168' title='bbox 1205 2615 1292 2676; x_wconf 90' lang='lat' dir='ltr'>cum</span> <span class='ocrx_word' id='word_1_169' title='bbox 1307 2593 1391 2701; x_wconf 84' lang='lat' dir='ltr'>ejus</span> <span class='ocrx_word' id='word_1_170' title='bbox 1410 2596 1584 2686; x_wconf 80' lang='lat' dir='ltr'>internis</span> <span class='ocrx_word' id='word_1_171' title='bbox 1599 2624 1683 2715; x_wconf 89' lang='lat' dir='ltr'>ope·</span> 
     </span>
    </p>
   </div>
   <div class='ocr_carea' id='block_1_6' title="bbox 65 2712 850 2825">
    <p class='ocr_par' dir='ltr' id='par_1_7' title="bbox 65 2712 850 2825">
     <span class='ocr_line' id='line_1_21' title="bbox 65 2712 850 2825; baseline -0.013 -23"><span class='ocrx_word' id='word_1_172' title='bbox 65 2800 82 2825; x_wconf 78' lang='lat'><strong>.</strong></span> <span class='ocrx_word' id='word_1_173' title='bbox 228 2712 460 2810; x_wconf 80' lang='lat' dir='ltr'>rationibus,</span> <span class='ocrx_word' id='word_1_174' title='bbox 483 2734 526 2793; x_wconf 91' lang='lat' dir='ltr'>ut</span> <span class='ocrx_word' id='word_1_175' title='bbox 547 2737 609 2793; x_wconf 86' lang='lat' dir='ltr'>eas</span> <span class='ocrx_word' id='word_1_176' title='bbox 630 2713 850 2794; x_wconf 85' lang='lat' dir='ltr'>imitaretur.</span> 
     </span>
    </p>
   </div>
   <div class='ocr_carea' id='block_1_7' title="bbox 39 3279 1295 3396">
    <p class='ocr_par' dir='ltr' id='par_1_8' title="bbox 39 3279 1295 3396">
     <span class='ocr_line' id='line_1_22' title="bbox 39 3279 1295 3396; baseline -0.007 -19"><span class='ocrx_word' id='word_1_177' title='bbox 39 3346 45 3353; x_wconf 87' lang='lat'>-</span> <span class='ocrx_word' id='word_1_178' title='bbox 222 3289 421 3376; x_wconf 87' lang='lat' dir='ltr'>interdum</span> <span class='ocrx_word' id='word_1_179' title='bbox 457 3285 662 3384; x_wconf 78' lang='lat' dir='ltr'>narrabant</span> <span class='ocrx_word' id='word_1_180' title='bbox 690 3280 786 3372; x_wconf 87' lang='lat' dir='ltr'>tales</span> <span class='ocrx_word' id='word_1_181' title='bbox 814 3310 1015 3382; x_wconf 85' lang='lat' dir='ltr'>rumotet,</span> <span class='ocrx_word' id='word_1_182' title='bbox 1039 3307 1083 3367; x_wconf 93' lang='lat' dir='ltr'>ut</span> <span class='ocrx_word' id='word_1_183' title='bbox 1110 3284 1150 3368; x_wconf 88' lang='lat' dir='ltr'>S.</span> <span class='ocrx_word' id='word_1_184' title='bbox 1177 3279 1295 3396; x_wconf 88' lang='lat' dir='ltr'>Jolep</span> 
     </span>
    </p>
   </div>
   <div class='ocr_carea' id='block_1_8' title="bbox 219 2816 1686 3176">
    <p class='ocr_par' dir='ltr' id='par_1_9' title="bbox 219 2816 1686 3176">
     <span class='ocr_line' id='line_1_23' title="bbox 220 2816 1683 2945; baseline -0.003 -33"><span class='ocrx_word' id='word_1_185' title='bbox 220 2846 224 2855; x_wconf 88' lang='grc'><strong><em>·</em></strong></span> <span class='ocrx_word' id='word_1_186' title='bbox 354 2846 448 2927; x_wconf 79' lang='lat'>581.</span> <span class='ocrx_word' id='word_1_187' title='bbox 472 2819 590 2908; x_wconf 90' lang='lat' dir='ltr'>Multi</span> <span class='ocrx_word' id='word_1_188' title='bbox 613 2826 821 2909; x_wconf 86' lang='lat' dir='ltr'>veniebant</span> <span class='ocrx_word' id='word_1_189' title='bbox 849 2824 901 2907; x_wconf 91' lang='lat' dir='ltr'>de</span> <span class='ocrx_word' id='word_1_190' title='bbox 921 2816 1098 2936; x_wconf 89' lang='lat' dir='ltr'>populo,</span> <span class='ocrx_word' id='word_1_191' title='bbox 1123 2844 1166 2906; x_wconf 93' lang='lat' dir='ltr'>ut</span> <span class='ocrx_word' id='word_1_192' title='bbox 1187 2816 1394 2908; x_wconf 88' lang='lat' dir='ltr'>inviserent</span> <span class='ocrx_word' id='word_1_193' title='bbox 1416 2828 1467 2909; x_wconf 90' lang='lat' dir='ltr'>B.</span> <span class='ocrx_word' id='word_1_194' title='bbox 1491 2831 1683 2945; x_wconf 85' lang='lat' dir='ltr'>Virginem</span> 
     </span>
     <span class='ocr_line' id='line_1_24' title="bbox 219 2933 1686 3052; baseline -0.004 -21"><span class='ocrx_word' id='word_1_195' title='bbox 219 2942 271 3032; x_wconf 79' lang='lat' dir='ltr'>&#39;in</span> <span class='ocrx_word' id='word_1_196' title='bbox 291 2935 355 3027; x_wconf 84' lang='lat' dir='ltr'>sua</span> <span class='ocrx_word' id='word_1_197' title='bbox 375 2941 501 3025; x_wconf 92' lang='lat' dir='ltr'>domo</span> <span class='ocrx_word' id='word_1_198' title='bbox 522 2933 787 3023; x_wconf 75' lang='lat' dir='ltr'>Bethlenica.</span> <span class='ocrx_word' id='word_1_199' title='bbox 829 2935 966 3050; x_wconf 87' lang='lat' dir='ltr'>Aliqui</span> <span class='ocrx_word' id='word_1_200' title='bbox 992 2937 1200 3021; x_wconf 89' lang='lat' dir='ltr'>veniebant</span> <span class='ocrx_word' id='word_1_201' title='bbox 1222 2937 1272 3020; x_wconf 90' lang='lat' dir='ltr'>ad</span> <span class='ocrx_word' id='word_1_202' title='bbox 1294 2942 1574 3052; x_wconf 88' lang='lat' dir='ltr'>accipiendam</span> <span class='ocrx_word' id='word_1_203' title='bbox 1596 2943 1686 3032; x_wconf 83' lang='lat' dir='ltr'>elee-</span> 
     </span>
     <span class='ocr_line' id='line_1_25' title="bbox 228 3050 1681 3176; baseline -0.006 -28"><span class='ocrx_word' id='word_1_204' title='bbox 228 3059 442 3147; x_wconf 68' lang='lat' dir='ltr'>mosinam</span> <span class='ocrx_word' id='word_1_205' title='bbox 472 3050 536 3139; x_wconf 91' lang='lat' dir='ltr'>alii</span> <span class='ocrx_word' id='word_1_206' title='bbox 557 3080 686 3139; x_wconf 86' lang='lat' dir='ltr'>autem</span> <span class='ocrx_word' id='word_1_207' title='bbox 714 3053 769 3137; x_wconf 94' lang='lat' dir='ltr'>ob</span> <span class='ocrx_word' id='word_1_208' title='bbox 797 3056 853 3137; x_wconf 90' lang='lat' dir='ltr'>rei</span> <span class='ocrx_word' id='word_1_209' title='bbox 867 3056 1081 3137; x_wconf 88' lang='lat' dir='ltr'>novitatem</span> <span class='ocrx_word' id='word_1_210' title='bbox 1106 3080 1154 3135; x_wconf 88' lang='lat' dir='ltr'>ex</span> <span class='ocrx_word' id='word_1_211' title='bbox 1172 3054 1345 3136; x_wconf 90' lang='lat' dir='ltr'>adventu</span> <span class='ocrx_word' id='word_1_212' title='bbox 1372 3059 1495 3142; x_wconf 90' lang='lat' dir='ltr'>trium</span> <span class='ocrx_word' id='word_1_213' title='bbox 1518 3060 1681 3176; x_wconf 80' lang='lat' dir='ltr'>Regurm</span> 
     </span>
    </p>
   </div>
   <div class='ocr_carea' id='block_1_9' title="bbox 227 3164 1683 3367">
    <p class='ocr_par' dir='ltr' id='par_1_10' title="bbox 227 3164 1683 3367">
     <span class='ocr_line' id='line_1_26' title="bbox 227 3164 1683 3367; baseline 0.002 -107"><span class='ocrx_word' id='word_1_214' title='bbox 227 3202 367 3261; x_wconf 79' lang='lat' dir='ltr'>omnes</span> <span class='ocrx_word' id='word_1_215' title='bbox 393 3169 658 3286; x_wconf 85' lang='lat' dir='ltr'>loquebantur</span> <span class='ocrx_word' id='word_1_216' title='bbox 699 3167 751 3252; x_wconf 91' lang='lat' dir='ltr'>de</span> <span class='ocrx_word' id='word_1_217' title='bbox 787 3168 958 3254; x_wconf 90' lang='lat' dir='ltr'>adventu</span> <span class='ocrx_word' id='word_1_218' title='bbox 986 3165 1139 3252; x_wconf 83' lang='lat' dir='ltr'>Melsrae.</span> <span class='ocrx_word' id='word_1_219' title='bbox 1220 3164 1424 3367; x_wconf 63' lang='lat' dir='ltr'>SimKlices</span> <span class='ocrx_word' id='word_1_220' title='bbox 1455 3170 1683 3262; x_wconf 77' lang='lat' dir='ltr'>muliercula</span> 
     </span>
    </p>
   </div>
   <div class='ocr_carea' id='block_1_10' title="bbox 226 3283 1684 3750">
    <p class='ocr_par' dir='ltr' id='par_1_11' title="bbox 226 3283 1684 3501">
     <span class='ocr_line' id='line_1_27' title="bbox 1327 3283 1684 3380; baseline 0.034 -12"><span class='ocrx_word' id='word_1_221' title='bbox 1327 3311 1375 3370; x_wconf 85' lang='lat' dir='ltr'>us·</span> <span class='ocrx_word' id='word_1_222' title='bbox 1405 3283 1546 3377; x_wconf 82' lang='lat' dir='ltr'>solitus</span> <span class='ocrx_word' id='word_1_223' title='bbox 1581 3291 1684 3380; x_wconf 83' lang='lat' dir='ltr'>fuerit</span> 
     </span>
     <span class='ocr_line' id='line_1_28' title="bbox 226 3405 1267 3501; baseline 0.009 -9"><span class='ocrx_word' id='word_1_224' title='bbox 226 3405 366 3492; x_wconf 90' lang='lat' dir='ltr'>tidere.</span> <span class='ocrx_word' id='word_1_225' title='bbox 1261 3494 1267 3501; x_wconf 78' lang='grc'><strong><em>.</em></strong></span> 
     </span>
    </p>

    <p class='ocr_par' dir='ltr' id='par_1_12' title="bbox 229 3509 1684 3750">
     <span class='ocr_line' id='line_1_29' title="bbox 247 3509 1684 3628; baseline 0.001 -29"><span class='ocrx_word' id='word_1_226' title='bbox 247 3564 250 3569; x_wconf 74' lang='lat'><em>,</em></span> <span class='ocrx_word' id='word_1_227' title='bbox 350 3531 444 3620; x_wconf 76' lang='lat'>586.</span> <span class='ocrx_word' id='word_1_228' title='bbox 486 3516 592 3603; x_wconf 89' lang='lat' dir='ltr'>Cum</span> <span class='ocrx_word' id='word_1_229' title='bbox 620 3512 798 3627; x_wconf 72' lang='lat' dir='ltr'>proxime</span> <span class='ocrx_word' id='word_1_230' title='bbox 820 3509 1419 3628; x_wconf 60' lang='lat' dir='ltr'>complerentunquinquaginta</span> <span class='ocrx_word' id='word_1_231' title='bbox 1441 3517 1559 3623; x_wconf 79' lang='lat' dir='ltr'>dies,</span> <span class='ocrx_word' id='word_1_232' title='bbox 1581 3528 1624 3607; x_wconf 84' lang='grc' dir='ltr'>Β.</span> <span class='ocrx_word' id='word_1_233' title='bbox 1643 3523 1684 3605; x_wconf 88' lang='lat' dir='ltr'>V.</span> 
     </span>
     <span class='ocr_line' id='line_1_30' title="bbox 229 3624 1683 3750; baseline 0.003 -31"><span class='ocrx_word' id='word_1_234' title='bbox 229 3635 358 3719; x_wconf 83' lang='lat' dir='ltr'>statuit</span> <span class='ocrx_word' id='word_1_235' title='bbox 377 3628 567 3744; x_wconf 81' lang='lat' dir='ltr'>proficisci</span> <span class='ocrx_word' id='word_1_236' title='bbox 591 3624 875 3732; x_wconf 89' lang='lat' dir='ltr'>Jerololimam,</span> <span class='ocrx_word' id='word_1_237' title='bbox 901 3653 943 3715; x_wconf 91' lang='lat' dir='ltr'>ut</span> <span class='ocrx_word' id='word_1_238' title='bbox 967 3624 1125 3714; x_wconf 88' lang='lat' dir='ltr'>offerret</span> <span class='ocrx_word' id='word_1_239' title='bbox 1154 3656 1320 3740; x_wconf 90' lang='lat' dir='ltr'>puerum</span> <span class='ocrx_word' id='word_1_240' title='bbox 1341 3637 1380 3714; x_wconf 91' lang='lat' dir='ltr'>in</span> <span class='ocrx_word' id='word_1_241' title='bbox 1404 3632 1567 3750; x_wconf 93' lang='lat' dir='ltr'>templo</span> <span class='ocrx_word' id='word_1_242' title='bbox 1589 3644 1683 3746; x_wconf 75' lang='lat' dir='ltr'>lum</span> 
     </span>
    </p>
   </div>
   <div class='ocr_carea' id='block_1_11' title="bbox 80 3747 626 3863">
    <p class='ocr_par' dir='ltr' id='par_1_13' title="bbox 80 3747 626 3863">
     <span class='ocr_line' id='line_1_31' title="bbox 80 3747 626 3863; baseline -0.016 -26"><span class='ocrx_word' id='word_1_243' title='bbox 80 3853 83 3857; x_wconf 14' lang='lat'>¹</span> <span class='ocrx_word' id='word_1_244' title='bbox 227 3750 373 3863; x_wconf 84' lang='lat' dir='ltr'>Legem</span> <span class='ocrx_word' id='word_1_245' title='bbox 393 3747 534 3831; x_wconf 84' lang='lat' dir='ltr'>Exodi.</span> <span class='ocrx_word' id='word_1_246' title='bbox 563 3775 576 3828; x_wconf 92' lang='lat' dir='ltr'>r</span> <span class='ocrx_word' id='word_1_247' title='bbox 591 3776 626 3849; x_wconf 80' lang='lat'>3.</span> 
     </span>
    </p>
   </div>
   <div class='ocr_carea' id='block_1_12' title="bbox 149 3857 1680 4329">
    <p class='ocr_par' dir='ltr' id='par_1_14' title="bbox 149 3857 1680 4307">
     <span class='ocr_line' id='line_1_32' title="bbox 351 3857 1680 3976; baseline -0.007 -14"><span class='ocrx_word' id='word_1_248' title='bbox 351 3881 444 3962; x_wconf 79' lang='lat'>588.</span> <span class='ocrx_word' id='word_1_249' title='bbox 472 3865 701 3974; x_wconf 82' lang='lat' dir='ltr'>Priusquam</span> <span class='ocrx_word' id='word_1_250' title='bbox 727 3857 1018 3974; x_wconf 90' lang='lat' dir='ltr'>ingrediebatur</span> <span class='ocrx_word' id='word_1_251' title='bbox 1039 3860 1126 3955; x_wconf 88' lang='lat' dir='ltr'>iter,</span> <span class='ocrx_word' id='word_1_252' title='bbox 1152 3857 1232 3941; x_wconf 86' lang='lat' dir='ltr'>ibat</span> <span class='ocrx_word' id='word_1_253' title='bbox 1251 3858 1302 3942; x_wconf 91' lang='lat' dir='ltr'>ad</span> <span class='ocrx_word' id='word_1_254' title='bbox 1327 3857 1593 3976; x_wconf 83' lang='lat' dir='ltr'>Praesepium,</span> <span class='ocrx_word' id='word_1_255' title='bbox 1616 3868 1680 3953; x_wconf 87' lang='lat' dir='ltr'>ibi·</span> 
     </span>
     <span class='ocr_line' id='line_1_33' title="bbox 224 3973 1679 4093; baseline 0 -30"><span class='ocrx_word' id='word_1_256' title='bbox 224 4005 308 4093; x_wconf 89' lang='lat' dir='ltr'>que</span> <span class='ocrx_word' id='word_1_257' title='bbox 328 3974 569 4063; x_wconf 86' lang='lat' dir='ltr'>osculabatur</span> <span class='ocrx_word' id='word_1_258' title='bbox 583 4002 735 4065; x_wconf 85' lang='lat' dir='ltr'>terram.</span> <span class='ocrx_word' id='word_1_259' title='bbox 794 3975 983 4060; x_wconf 88' lang='lat' dir='ltr'>Urebatur</span> <span class='ocrx_word' id='word_1_260' title='bbox 1000 3996 1129 4057; x_wconf 90' lang='lat' dir='ltr'>autem</span> <span class='ocrx_word' id='word_1_261' title='bbox 1145 3977 1184 4054; x_wconf 93' lang='lat' dir='ltr'>in</span> <span class='ocrx_word' id='word_1_262' title='bbox 1208 3978 1346 4059; x_wconf 88' lang='lat' dir='ltr'>itinere</span> <span class='ocrx_word' id='word_1_263' title='bbox 1367 3973 1568 4082; x_wconf 81' lang='lat' dir='ltr'>sandaliis,</span> <span class='ocrx_word' id='word_1_264' title='bbox 1594 4011 1679 4069; x_wconf 83' lang='lat' dir='ltr'>oon·</span> 
     </span>
     <span class='ocr_line' id='line_1_34' title="bbox 149 4082 1678 4307; baseline -0.006 -119"><span class='ocrx_word' id='word_1_265' title='bbox 149 4228 156 4243; x_wconf 56' lang='lat'><strong>.</strong></span> <span class='ocrx_word' id='word_1_266' title='bbox 225 4101 339 4203; x_wconf 58' lang='lat' dir='ltr'>,textu</span> <span class='ocrx_word' id='word_1_267' title='bbox 353 4121 402 4185; x_wconf 83' lang='lat' dir='ltr'>ex</span> <span class='ocrx_word' id='word_1_268' title='bbox 420 4092 598 4210; x_wconf 88' lang='lat' dir='ltr'>quodam</span> <span class='ocrx_word' id='word_1_269' title='bbox 615 4118 758 4209; x_wconf 84' lang='lat' dir='ltr'>genere</span> <span class='ocrx_word' id='word_1_270' title='bbox 774 4091 961 4193; x_wconf 84' lang='lat' dir='ltr'>tadicum,</span> <span class='ocrx_word' id='word_1_271' title='bbox 971 4112 1014 4176; x_wconf 94' lang='lat' dir='ltr'>ut</span> <span class='ocrx_word' id='word_1_272' title='bbox 1028 4111 1121 4178; x_wconf 88' lang='lat' dir='ltr'>tunc</span> <span class='ocrx_word' id='word_1_273' title='bbox 1130 4082 1308 4213; x_wconf 86' lang='lat' dir='ltr'>solebant</span> <span class='ocrx_word' id='word_1_274' title='bbox 1320 4117 1535 4208; x_wconf 86' lang='lat' dir='ltr'>pauperes.</span> <span class='ocrx_word' id='word_1_275' title='bbox 1553 4128 1610 4307; x_wconf 61' lang='lat' dir='ltr'>Ar</span> <span class='ocrx_word' id='word_1_276' title='bbox 1621 4108 1678 4194; x_wconf 80' lang='lat'>89.</span> 
     </span>
    </p>

    <p class='ocr_par' dir='ltr' id='par_1_15' title="bbox 657 4240 1678 4329">
     <span class='ocr_line' id='line_1_35' title="bbox 657 4240 1678 4329; baseline -0.008 -43"><span class='ocrx_word' id='word_1_277' title='bbox 657 4278 663 4286; x_wconf 96' lang='lat'><strong>.</strong></span> <span class='ocrx_word' id='word_1_278' title='bbox 883 4278 887 4285; x_wconf 94' lang='lat'><strong>.</strong></span> <span class='ocrx_word' id='word_1_279' title='bbox 1373 4304 1378 4323; x_wconf 34' lang='grc' dir='ltr'>ι</span> <span class='ocrx_word' id='word_1_280' title='bbox 1595 4240 1678 4329; x_wconf 69' lang='lat' dir='ltr'>nge.</span> 
     </span>
    </p>
   </div>
   <div class='ocr_carea' id='block_1_13' title="bbox 0 0 1902 4994">
    <p class='ocr_par' dir='ltr' id='par_1_16' title="bbox 0 0 1902 4994">
     <span class='ocr_line' id='line_1_36' title="bbox 0 0 1902 4994; baseline 0 1"><span class='ocrx_word' id='word_1_281' title='bbox 0 0 1902 4994; x_wconf 95' lang='lat' dir='ltr'> </span> 
     </span>
    </p>
   </div>
  </div>
 </body>
</html>
