3796 4994
224 270 356 456 380¹
485 282 487 287 V
596 320 798 421 henetae.
814 318 867 419 de
888 320 1078 455 Agreda.
1095 325 1208 418 Pars
1222 327 1281 422 11.

223 558 335 668 novo
355 528 488 662 pollet
503 522 737 613 consecravit
752 526 788 612 S.
810 529 958 614 Petrus.
1010 522 1095 640 Ipsa
1114 549 1245 614 autem
1267 525 1405 640 gratias
1426 527 1576 641 agebat
1599 558 1668 618 no-

224 677 282 736 m
306 647 609 859 Cilglisdunc
636 782 686 861 ex
710 756 899 842 mandato
923 754 1065 842 Christi
1087 752 1125 841 S.
1144 757 1279 842 Petrus
1297 747 1454 869 sumpfit
1473 751 1569 843 alias
1584 785 1668 872 par·

150 1003 152 1007 ¹
224 869 380 1007 titulat,
410 869 552 1003 quihus
581 868 1013 1002 communicavit‘duos
1042 872 1223 1067 antitffos
1249 874 1407 1009 Patrern,
1436 873 1601 1007 Enoch,

159 1040 163 1045 ·
224 985 360 1077 Elram.
440 990 496 1070 Ηι
532 1008 661 1069 autem
700 984 749 1067 stc
790 984 924 1072 refecit
959 984 1010 1067 ab
1040 1008 1138 1097 ange
1167 1012 1185 1066 ι
1211 1007 1396 1096 reporrtu
1425 983 1514 1072 sunt
1540 1017 1582 1073 ιιι
1605 983 1668 1074 lo·

225 1129 338 1198 cum,
371 1103 523 1213 inquo
552 1096 646 1185 vifio
680 1103 857 1186 intuitiva
886 1101 964 1186 Dei
994 1096 1081 1211 ipfis
1110 1093 1285 1184 differtur
1314 1123 1440 1213 usque
1467 1100 1523 1185 ad
1550 1100 1668 1190 finem

105 1213 109 1219 ’
225 1214 376 1304 mundi.

345 1354 467 1427 1¹99·
494 1325 615 1431 Judas
634 1320 760 1412 lecum
780 1327 919 1425 statuit,
941 1327 1114 1412 Hostiam
1134 1354 1217 1411 non
1243 1320 1454 1439 deglutire,
1475 1325 1546 1415 sed
1566 1325 1668 1416 illam

225 1439 436 1537 reservare,
462 1441 677 1525 &tradere
713 1436 894 1524 Pharisaeis
925 1467 969 1524 ac
997 1441 1237 1552 Principibus
1271 1440 1553 1542 Sacerdotum,
1585 1446 1669 1560 qud

224 1558 385 1642 haberer
400 1552 643 1640 occasionem
659 1551 859 1639 accusandi
875 1555 1109 1666 Magistrum,
1123 1555 1235 1669 quod
1256 1549 1387 1639 afferat
1402 1557 1511 1642 hunc
1529 1585 1669 1671 panem

226 1670 301 1757 else
326 1666 432 1754 suum
455 1696 523 1752 cor
552 1696 622 1753 us„
660 1674 705 1753 B.
725 1673 863 1779 Virgo,
882 1694 969 1781 quae
991 1667 1087 1752 vidit
1105 1670 1278 1752 omnium
1302 1665 1590 1780 Apostolorum
1615 1678 1668 1757 in·

225 1808 373 1871 ternam
402 1698 715 1894 dtspoitionem,
742 1780 841 1867 vidit
869 1785 981 1866 eriam
1004 1782 1083 1865 hoc
1108 1786 1269 1894 impium
1289 1781 1400 1887 Judae
1415 1785 1670 1898 proposrturu.

125 1935 130 1944 ·
222 1904 363 2013 Itaque
384 1900 614 1982 authoritate
643 1901 747 2010 regia
778 1899 958 2007 praecepit
990 1892 1162 2008 angelis,
1195 1920 1238 1979 ut
1264 1898 1507 1983 extraherent
1530 1926 1581 1984 ex
1603 1928 1668 1985 ore

222 2014 331 2119 Judae
358 2005 618 2113 consecratum
642 2037 783 2121 panem
806 2013 846 2091 dt
867 2014 1012 2105 vinum,
1032 2015 1071 2094 dt
1092 2010 1144 2096 ad
1167 2005 1257 2094 alias
1277 2034 1406 2122 partes
1428 2011 1668 2101 consecrarat

222 2148 472 2242 reponerent.
531 2124 716 2234 Quod&
740 2117 867 2236 angeli
893 2125 1013 2206 statim
1033 2127 1185 2210 executi
1205 2119 1300 2208 sunt.

264 2339 266 2343 ⁸
343 2267 464 2323 1200.
492 2245 535 2321 B.
553 2242 602 2323 V.
619 2237 670 2322 ad
685 2263 750 2321 me
768 2238 884 2320 dixit:
912 2233 1064 2322 Lucifer
1080 2265 1167 2322 cum
1183 2232 1247 2323 sua
1260 2237 1425 2325 cohorte
1439 2234 1560 2327 valde
1576 2243 1668 2331 hor·

186 2448 191 2457 ,
224 2375 284 2441 tct
305 2353 593 2440 Eucharistiamt
621 2355 700 2457 ejus
727 2354 830 2434 enim
850 2353 988 2435 vicinia
1013 2357 1202 2456 maiorem
1219 2350 1289 2463 ipsi
1305 2349 1490 2439 dolorem
1515 2382 1562 2441 ac
1585 2386 1665 2470 poe·

101 2480 111 2545 L
224 2496 315 2555 nam
337 2460 473 2564 causat,
491 2464 611 2581 quim
631 2463 710 2578 ipse
732 2462 917 2550 infernus.
1002 2466 1178 2576 Quando
1198 2468 1238 2549 in
1257 2461 1422 2551 Ecclcfia
1442 2471 1485 2552 in
1509 2469 1666 2581 praescn·

223 2588 277 2669 tia
296 2582 531 2666 Eucharistiae
548 2603 698 2665 tentant
720 2581 912 2680 homines,
922 2573 1142 2692 semetipsos
1159 2581 1210 2664 ad
1226 2581 1307 2663 hoc
1321 2608 1472 2694 cogunt
1490 2611 1576 2669 nou
1598 2587 1666 2671 ob·

224 2698 345 2783 stante
362 2691 426 2780 illa
450 2720 583 2808 poena.
639 2698 742 2807 Quia
761 2722 810 2778 ex
830 2695 928 2779 odio
952 2696 1031 2779 Dei
1048 2685 1194 2778 malunt
1211 2697 1381 2806 perferte
1401 2723 1473 2781 eor
1493 2693 1664 2804 dolores,

222 2809 344 2924 quint
369 2836 453 2891 non
480 2832 640 2893 tentate.
720 2881 724 2888 ,

342 2947 467 3004 ιιοι.
493 2920 638 3006 Eadem
655 2916 705 3002 ad
718 2946 783 3002 me
801 2919 919 3004 dixit:
935 2923 1040 3036 Quia
1057 2948 1106 3005 ert
1117 2910 1543 3037 obedientiiquotidie
1560 2955 1663 3016 com·

194 3119 198 3124 ,
223 3038 405 3135 municas,
433 3060 474 3121 te
498 3059 664 3148 prepara
684 3031 734 3117 ab
758 3059 833 3118 una
856 3032 909 3117 ad
927 3030 1095 3121 alteram.
1238 3059 1239 3063 ‘

274 3191 276 3194 >
342 3180 466 3238 1202.
500 3147 645 3235 Eadem
663 3146 714 3230 ad
737 3174 801 3232 me
823 3147 943 3233 dixit:
993 3150 1038 3232 In
1059 3176 1153 3246 eos,
1179 3154 1249 3261 qui
1272 3148 1419 3236 devoti:
1447 3158 1663 3241 communi·

225 3288 340 3364 cant,
360 3261 508 3379 aliquid
524 3259 798 3348 namfundttur
814 3262 866 3347 de
891 3257 1015 3376 gloria
1043 3263 1286 3348 humanitatis
1306 3268 1386 3347 mei
1413 3260 1496 3350 filii.
1567 3271 1663 3356 Item

226 3378 345 3463 corda
370 3405 526 3476 eorum,
555 3381 624 3491 qui
655 3376 801 3462 devoti
822 3380 1129 3479 communicant,
1156 3378 1355 3462 habebunt
1382 3374 1558 3492 aliquem
1577 3380 1663 3498 glu-

225 3492 367 3576 riolum
395 3492 668 3576 Chatadietem
693 3485 894 3600 publicum
918 3495 958 3575 in
980 3493 1263 3591 testimonium,
1289 3491 1582 3605 quodfuetint
1607 3499 1663 3583 di·

224 3631 301 3717 gna
317 3598 559 3688 tabernacula
576 3605 654 3685 mei
679 3598 767 3689 filii:
808 3609 847 3687 δι
865 3604 944 3689 hoc
968 3609 1037 3690 erit
1055 3624 1244 3716 'magnum
1270 3606 1455 3718 gaudium
1482 3613 1664 3698 acciden-

224 3713 303 3802 tale
318 3721 357 3801 in
378 3714 496 3804 coelo.
549 3712 688 3802 Gloria
704 3741 832 3802 autern
849 3714 1045 3804 essentialis
1066 3719 1185 3830 digne
1200 3725 1573 3810 communicantium
1596 3733 1666 3816 erit

223 3859 307 3919 non
326 3828 448 3918 solum
466 3827 635 3945 aequalis,
654 3827 852 3917 sedetiam
873 3840 996 3937 major
1022 3828 1143 3946 gloria
1159 3837 1408 3945 quorundam
1430 3840 1664 3958 Martyrum,

225 3951 297 4060 qui
320 3973 520 4065 uunquam
543 3941 776 4061 sumpserunt
799 3949 840 4034 S.
859 3946 1205 4036 communionem.

1541 4208 1662 4288 ¹⁸03·
