3796 4994
210 315 275 438 72
597 309 904 465 Revelataoues
934 313 981 415 S.
1020 306 1258 412 Gerrrudn.

216 500 550 627 quamm'cadices
577 510 681 599 forte
706 510 916 711 ῆὶηἱᾶωῃι
938 500 1181 614 naturaliter,
1209 512 1385 625 quamvis
1407 533 1452 594 ea
1476 503 1660 622 fignifica-

214 636 272 747 tio
291 627 514 711 hominibus
530 654 612 710 non
641 655 730 738 amp
751 635 804 711 'us
821 651 915 711 nota
935 625 992 710 fit.

359 813 441 919 XI.
492 811 765 921 Gertrudes
808 815 1076 920 univerfim
1129 812 1284 918 docet
1327 835 1535 917 tantum
1577 807 1678 917 ha·

219 956 325 1077 beri
375 964 621 1060 metitum
646 955 716 1062 ’ἃ
764 966 1051 1094 proemium
1097 986 1158 1058 ex
1201 962 1382 1091 quovis
1428 953 1664 1058 desiderio

219 1095 347 1203 boni
396 1106 597 1231 operis,
649 1124 906 1234 quantum
957 1093 1173 1201 babetur
1226 1127 1288 1199 cx
1338 1095 1444 1227 ipso
1490 1126 1677 1235 opere..

220 1239 265 1323 L.
291 1266 325 1321 1.
354 1237 405 1319 C.
432 1253 469 1326 8.
495 1239 666 1320 Christus
693 1236 745 1320 ad
762 1237 800 1320 S.
824 1236 1059 1319 Gertrudcm
1085 1232 1136 1317 fic
1153 1234 1227 1317 aito
1251 1233 1312 1323 ,In
1343 1228 1516 1318 omnibus
1545 1237 1666 1346 operi·

222 1346 293 1437 bus
319 1348 394 1435 tuis
415 1346 626 1458 centuplum
655 1347 767 1462 offers
785 1349 984 1459 fructum
1022 1341 1668 1543 &²²⁰⁶”0nl31ifmm0f‘rfbus

212 1460 367 1578 sanctia,
395 1487 474 1569 qua
489 1460 645 1572 perficio,
671 1457 943 1547 verumetiam
966 1465 1007 1545 in
1029 1455 1201 1544 omnibus
1219 1461 1262 1544 iia
1328 1483 1397 1557 nu,
1411 1485 1490 1568 qua
1526 1456 1669 1546 ibenter

212 1570 354 1663 ¹velles¹
375 1581 418 1658 tu
457 1600 589 1688 agere,
621 1586 691 1660 aut
715 1569 819 1685 apud
854 1570 948 1658 aiios
973 1594 1228 1683 promovere,
1245 1571 1390 1680 canent
1409 1597 1486 1657 non
1513 1570 1671 1680 vaieasg

223 1713 313 1776 nam
326 1709 398 1796 pro
423 1712 641 1796 quocunque
665 1682 876 1801 hujusmodi
910 1695 1079 1787 conatu,
1107 1712 1154 1772 ac
1176 1684 1211 1796 fi
1239 1707 1353 1798 opere·
1375 1680 1478 1772 illurn
1500 1685 1672 1799 impieffea

218 1808 385 1914 paratus
404 1797 475 1886 tibi
498 1795 719 1910 estreddere
746 1798 964 1888 mercedem.
1547 1826 1549 1830 ·

342 2010 388 2088 ῑ.
412 2032 448 2107 3.
476 2005 528 2091 C.
550 2019 620 2105 64.
660 2005 837 2091 Christus
867 2005 918 2090 ad
943 2007 981 2091 S.
1009 2003 1246 2090 Gertrudem
1273 2003 1344 2088 ait:
1385 2000 1569 2092 Deuaor
1592 2034 1675 2094 cuni

217 2112 353 2207 rums
374 2122 463 2203 meis
486 2115 677 2236 disponere
699 2116 745 2203 Ae
761 2115 944 2226 diverfis,
970 2145 1050 2228 que
1070 2145 1260 2227 nunquam
1282 2120 1483 2216 evenient,
1509 2130 1554 2206 ut
1583 2119 1676 2234 ipio·

229 2257 316 2319 rum
345 2257 434 2346 erga
458 2257 515 2316 me
535 2227 766 2343 comprobem
781 2227 1015 2336 fidelitatem,
1039 2228 1097 2325 ἑο*
1122 2241 1167 2315 ut
1179 2253 1253 2340 pro
1271 2229 1425 2336 infinitio
1449 2234 1586 2318 neritia
1614 2260 1678 2323 eos

226 2368 477 2444 remunerem,
505 2370 585 2452 que
612 2370 802 2453 nunquam
830 2365 939 2455 opere
956 2344 1131 2455 perficere
1150 2344 1313 2455 poffint,
1337 2345 1427 2452 quia
1444 2373 1588 2431 omnem
1616 2373 1679 2432 eo·

230 2482 317 2545 rum
343 2454 580 2544 voluntatem
608 2459 757 2576 respicio
785 2465 964 2566 tanquam
993 2458 1221 2568 perfectam
1256 2450 1356 2543 unde
1377 2456 1413 2565 fi
1444 2463 1678 2577 contingeret

232 2577 272 2658 te
290 2574 546 2682 preoccupori
568 2581 702 2671 morte,
731 2566 789 2665 65
814 2568 1058 2657 Sacramenta
1071 2572 1245 2766 privari,
1270 2595 1321 2653 ex
1346 2565 1417 2655 hoc
1445 2567 1589 2656 ouium
1616 2570 1682 2659 de·

235 2685 453 2771 inmercum
477 2679 640 2772 babebis.
696 2686 771 2767 Enl
813 2681 1042 2783 defiderium
1086 2679 1293 2794 uscipiendi
1315 2686 1604 2771 Sacramentum
1627 2691 1683 2772 vi·

237 2793 352 2883 detur
366 2800 408 2882 in
428 2797 501 2881 hac
524 2797 700 2882 doctrina
722 2796 829 2884 idem
851 2823 1066 2909 operatum,
1094 2795 1207 2911 quod
1227 2799 1541 2883 Sacramentum!
1680 2864 1683 2869 .

352 3005 398 3090 L.
422 3031 459 3104 ³·
478 3006 530 3092 C.
552 3027 618 3106 89.
662 3006 836 3092 Christus
867 3002 983 3091 dicit:
1019 3002 1061 3093 Si
1080 3006 1332 3118 quiapropter
1355 3033 1412 3091 me
1438 3033 1463 3092 a
1511 3002 1594 3094 redi
1615 3035 1687 3094 vo·

117 3167 122 3176 ,
236 3109 352 3205 merit
370 3115 533 3206 mborem
558 3118 718 3229 aliquem
739 3145 923 3238 gravem,
956 3122 998 3204 in
1027 3145 1099 3230 quo
1122 3122 1227 3207 tinet
1251 3122 1448 3206 incurrere
1497 3123 1687 3208 evotionir

77 3269 78 3272 Ν
217 3226 523 3328 detrimentum,
561 3229 620 3329 65
653 3241 779 3320 tamen
816 3227 1001 3363 postponit
1024 3235 1187 3345 proprie
1212 3238 1345 3317 anima
1380 3229 1581 3319 utilitatem
1593 3240 1611 3339 ‚'
1645 3239 1689 3320 ut

237 3369 356 3430 meam
367 3344 540 3456 perficiat
560 3343 813 3442 voluntatem,
833 3340 944 3461 bupus
961 3339 1116 3431 hominia
1131 3348 1233 3458 piam
1252 3348 1494 3433 intentionem
1516 3373 1583 3464 ego
1605 3359 1691 3435 tau·

240 3458 274 3543 n·
294 3468 436 3568 reputo,
459 3455 563 3568 quod
576 3457 687 3570 ipsam
693 3454 816 3572 solam
826 3453 989 3572 suscipio
1015 3458 1119 3569 quast
1189 3485 1211 3542 o
1235 3480 1344 3569 opere
1360 3461 1536 3571 perfetio,
1563 3488 1692 3571 quam·

143 3614 149 3621 ·
241 3570 307 3655 vir
325 3572 432 3678 forte
467 3597 658 3681 nunquam
697 3567 752 3656 ad
775 3565 846 3656 boc
873 3574 1034 3670 veniat,
1066 3580 1110 3657 ut
1164 3598 1208 3656 oc
1235 3594 1328 3683 opus
1346 3569 1480 3684 fluitem
1509 3573 1690 3686 incipiat3

244 3676 348 3793 quod
373 3690 499 3770 tamen
527 3677 640 3772 babet
671 3711 798 3770 coram
822 3711 879 3771 me
903 3682 1014 3773 talem
1045 3686 1236 3796 fruc‘iurn,
1276 3712 1323 3771 ac
1349 3684 1384 3793 fi
1408 3712 1551 3772 omnem
1589 3686 1693 3774 iabo-

135 3913 140 3921 .
244 3818 353 3996 mn’t
359 3797 592 3910 perfecerit,
620 3793 679 3896 ὃ*
711 3793 852 3886 nutam
884 3824 1048 3913 unquam
1084 3794 1340 3919 negligentiam
1368 3800 1515 3885 interea
1543 3813 1693 3890 contra·

243 3930 334 3997 mera
353 3966 367 3997 .

1580 4142 1695 4241 Lu.
