3796 4994
215 278 280 390 58
600 250 908 349 tractationes
936 255 982 353 S.
1022 250 1261 350 Gertmdir.

322 462 464 572 ltaque
492 454 678 562 farisiam
712 453 1015 539 demonshatnm
1046 455 1125 552 est,
1159 459 1303 541 crimen
1325 454 1525 542 Sodomis
1549 482 1657 545 tem·

212 588 314 692 pore
332 575 554 659 Natiuitatis
579 571 799 654 Dominicae
831 562 942 652 fuisse
967 567 1310 684 frequentissimum
1338 597 1384 654 ac
1416 571 1521 656 adeo
1549 599 1661 658 com·

207 716 347 785 mune,
373 711 415 770 ut
435 685 617 769 homnes
639 683 854 767 Sodomitte
876 676 1028 767 fuissent
1053 682 1264 782 interfecti,
1290 681 1410 795 longe
1439 691 1561 788 major
1582 714 1660 772 una

213 814 335 892 node
354 798 481 884 sutura
508 791 633 880 suisset
658 799 819 908 strages,
850 794 972 907 quim
995 792 1090 880 olim
1115 803 1155 880 in
1185 802 1451 909 primogenitis
1478 804 1586 913 AEgy
1615 806 1659 887 ti.

212 924 299 1025 Jam
320 915 417 998 verb
441 905 668 995 incredibile
690 912 758 1004 eli,
786 934 897 994 tantae
918 907 1134 994 universalis
1153 913 1489 997 vindieraedivinae
1513 829 1659 999 nulllm

139 1052 141 1057 ’
215 1032 375 1119 existere
396 1029 624 1110 memoriam
649 1027 689 1106 in
720 1020 964 1134 scriptoribus
987 1029 1156 1136 antiquis
1191 1030 1354 1109 ethnicis
1383 1021 1446 1109 vel
1474 1029 1659 1112 Christia-

113 1220 117 1227 .
215 1149 289 1234 nis.
361 1139 529 1227 Videtur
545 1135 773 1247 'pertinuisse
801 1136 851 1218 ad
873 1141 1159 1246 providentiam
1184 1141 1275 1236 Dei,
1301 1164 1343 1222 ut
1369 1162 1476 1222 tanta
1496 1146 1550 1225 rei
1574 1169 1659 1226 tne-
1740 1158 1745 1167 '

213 1261 341 1347 inoria
374 1252 711 1336 commendaretur
736 1252 977 1360 posterorum
999 1255 1207 1348 memoriae,
1236 1255 1422 1365 adeoque
1441 1276 1483 1336 ut
1515 1260 1658 1339 excita·

213 1396 320 1460 retur
344 1364 484 1479 aliquis
514 1361 674 1472 scriptor
697 1366 749 1446 ad
779 1365 972 1447 historiam
1009 1365 1111 1447 hanc
1142 1363 1351 1448 terribilem
1382 1371 1659 1454 annotandum.

133 1538 142 1556 ι
216 1483 425 1577 ὓιιιιίι,’ὰ
460 1482 512 1567 D.
546 1472 668 1560 Paulo
700 1501 799 1560 eam·
820 1471 1001 1560 inculcari
1042 1474 1113 1560 suis
1151 1483 1366 1562 Corinthiis
1399 1477 1657 1567 masculorum

215 1592 558 1692 concubitoribus(
635 1595 780 1686 Patres,
813 1595 882 1702 qui
906 1584 1127 1700 scripserunt
1151 1588 1365 1704 Apologias
1387 1620 1460 1703 pro
1485 1591 1657 1707 Religio·
1711 1664 1725 1690 ,

214 1718 269 1802 n'e
287 1710 512 1806 Christiana,
532 1729 575 1788 ut
591 1696 864 1804 Tertullianus,
884 1704 1066 1806 Justinus,
1082 1708 1277 1816 Origines,
1295 1711 1371 1789 &c
1399 1735 1480 1791 non
1505 1705 1657 1793 debuis-

214 1827 299 1916 sent
318 1827 430 1929 huius
447 1816 646 1930 gravissimi
666 1821 882 1929 argumenti
900 1811 1092 1904 obliviscit
1120 1814 1175 1900 illi
1191 1815 1391 1926 praesertim
1414 1825 1566 1917 Patres,
1586 1823 1655 1935 qui

135 2020 141 2035 ,
213 1931 422 2141 gentilibus
451 1930 737 2043 exprobrabant
773 1927 939 2013 nefanda
965 1924 1136 2013 libidinis
1171 1927 1336 2027 scelera,
1378 1960 1423 2015 ac
1450 1941 1490 2016 in
1533 1931 1656 2046 specie

81 2114 96 2143 0
244 2052 472 2143 odomiam,
504 2069 545 2127 ur
567 2042 816 2140 Athanasius,
838 2047 1129 2140 Nazianzenus,
1156 2044 1412 2155 Augustinus,
1434 2074 1520 2129 non
1541 2074 1657 2159 pote-

193 2166 196 2171 ’
283 2187 411 2249 tnon
439 2163 612 2268 cogitare
645 2157 698 2239 de
730 2153 837 2238 facio
871 2180 949 2238 tam
977 2151 1160 2266 publico,
1190 2182 1270 2241 tam
1296 2155 1554 2256 memorabili,
1578 2187 1657 2245 tam

213 2195 443 2391 lsrlngeoter
469 2268 555 2356 &st
582 2269 634 2352 de
651 2294 802 2352 eonon
822 2290 1004 2379 poterant
1024 2278 1107 2353 ndn
1128 2275 1312 2383 cogitare,
1332 2300 1413 2355 non
1434 2268 1548 2357 facile
1564 2300 1656 2387 pot·

214 2416 327 2483 erant
349 2394 390 2473 in
419 2383 622 2471 occahone
652 2408 732 2468 tam
758 2404 982 2494 opportuna
1007 2383 1049 2466 id
1078 2410 1214 2467 omnes
1243 2391 1469 2471 unanimiter
1497 2415 1546 2470 ex
1572 2391 1657 2472 uni·

213 2501 345 2595 insali
373 2494 605 2613 negligentia
625 2501 818 2581 omittere.
872 2496 916 2578 ld
946 2497 1157 2609 prohibent
1181 2500 1305 2609 Leges
1334 2505 1658 2611 contingentium,

218 2649 308 2739 qna
330 2644 410 2702 non
426 2611 647 2729 procedunt
669 2608 911 2694 uniformiter
926 2614 966 2692 in
988 2613 1269 2695 circumstantiis
1289 2637 1367 2696 tam
1393 2620 1504 2697 variis
1523 2643 1570 2699 ac
1583 2642 1656 2726 op·

214 2734 408 2859 po'rtunis.
462 2730 645 2836 Denique
671 2729 710 2807 dt
737 2727 789 2809 D.
809 2719 1123 2834 Chrysollomus,
1139 2724 1235 2809 dum
1256 2727 1416 2811 adducit
1438 2733 1573 2812 onmia
1589 2756 1657 2814 cx·

218 2840 349 2960 empla
371 2843 509 2927 divinae
530 2840 709 2949 vindictae
739 2862 874 2921 contra
894 2837 1140 2933 sodomitas,
1167 2838 1262 2922 dum
1293 2863 1502 2953 exaggerat
1522 2864 1658 2926 exem·

215 2958 327 3079 plum
353 2958 457 3064 triste
476 2950 677 3049 Sodoma,
698 2951 793 3035 dum
818 2952 977 3062 inquirit
1003 2955 1135 3033 omnia
1161 2950 1405 3037 absterrentia
1429 2980 1659 3064 argumenta

218 3080 355 3165 co'ntta
375 3073 475 3154 hanc
492 3072 532 3151 in
552 3060 614 3149 sua
630 3064 993 3151 UrbeAntiocheoa
1009 3058 1232 3174 grassantem
1254 3068 1413 3176 pellem,
1431 3066 1510 3151 hoc
1531 3062 1659 3151 solum

215 3180 438 3298 exemplum
471 3208 555 3266 non
593 3183 746 3291 reperit.
826 3184 902 3260 Dic
927 3178 1043 3274 milri,
1072 3205 1122 3260 an
1151 3175 1349 3289 possibile,
1379 3203 1421 3261 ut
1447 3182 1659 3291 ignorave-

119 3311 123 3319 ’
216 3307 293 3392 iit?
319 3321 389 3384 aut
408 3289 616 3391 credibile,
639 3291 753 3406 quod
788 3285 949 3375 scienter
998 3289 1226 3385 metieris?
1266 3293 1381 3405 quod
1408 3296 1659 3404 ignoraverit,

218 3416 297 3504 dici
317 3409 557 3521 nonpotest,
582 3411 677 3519 quia
693 3407 733 3489 in
754 3400 860 3488 facio
882 3318 1044 3517 publco
1069 3427 1150 3488 tam
1172 3401 1417 3490 memorabili
1442 3405 1659 3515 impossibi-

215 3525 346 3624 leeil,
369 3549 412 3608 ut
432 3532 521 3606 non'
531 3518 765 3632 ingrediatur
781 3522 958 3602 omnium
982 3512 1136 3616 oculos,
1153 3544 1325 3615 mentes,
1347 3513 1550 3608 discursura
1577 3525 1661 3605 hoc

39 3725 41 3729 Α
215 3641 346 3759 pofito
365 3629 592 3748 impossibile
608 3634 684 3733 est,
705 3655 750 3716 ut
770 3658 853 3716 non
866 3636 1095 3742 pervenerit
1115 3639 1155 3714 in
1176 3636 1353 3716 notitiam
1370 3635 1490 3717 'etiam
1510 3659 1660 3743 puero-

215 3784 317 3852 rum,
343 3778 389 3838 ac
407 3756 603 3858 juvenum,
625 3771 794 3858 quorum
814 3747 952 3855 postea·
963 3739 1116 3856 plurimi
1134 3769 1361 3855 receperunt
1388 3740 1517 3854 legem
1540 3747 1660 3829 Chri·

217 3872 395 3958 hianams
425 3867 561 3974 itaque
582 3863 769 3943 memoria
791 3858 881 3943 sadi
898 3855 1052 3939 transire
1081 3856 1218 3940 debuit
1242 3861 1281 3940 in
1304 3853 1513 3967 Religionis
1539 3860 1659 3943 Chri·

217 3986 342 4097 liianae
364 3981 576 4091 scriptores
600 3978 640 4058 u
670 3972 889 4062 Antiliiress
912 3973 942 4053 ii
962 3967 1181 4137 debuerunt
1209 3965 1428 4121 diligentius
1444 3972 1658 4164 inquirere
