3796 4994
20 280 27 295 ’
108 408 111 413 ,
161 218 174 241 Ι
212 306 307 437 148
322 270 350 417 f
593 284 805 426 Regula
837 317 895 389 err
918 250 1025 389 Pr'ro
1047 287 1252 391 Mirand

235 718 240 733 ³
562 508 569 521 ’
711 537 942 673 car.
1021 534 1246 713 vu.¹
1677 700 1681 707 ¹

406 788 723 965 ¹Regulae
778 788 861 919 de
904 786 1427 931 Revelatinnibns
1525 968 1528 973 ι
1679 897 1685 910 .

236 1148 251 1159 ,,
324 1058 431 1135 ‘ex
493 1031 641 1161 Joan
700 1030 880 1137 Frane
944 1028 1068 1135 Pico
1132 1029 1516 1141 Mirandulanu

378 1314 521 1446 Egula
560 1344 605 1414 r.
673 1309 754 1431 Is,
798 1316 887 1449 qui
920 1330 1086 1415 certus
1122 1286 1194 1414 est
1224 1308 1593 1417 revelationem
1618 1308 1682 1443 st·-

216 1312 375 1679 R
411 1448 690 1559 hitaliam
721 1452 949 1559 divinam
984 1451 1104 1568 eise,
1142 1476 1341 1558 tenetur
1370 1463 1418 1555 ei
1455 1454 1675 1573 credere,

409 1624 527 1698 non
570 1596 705 1700 secus
734 1626 800 1701 ac
832 1592 1123 1733 Evangelio.
1201 1618 1272 1708 De
1314 1617 1415 1705 Fare.
1455 1613 1604 1706 mcor.
1634 1648 1674 1721 9.

217 1735 334 1823 Ratio
352 1736 420 1837 est,
440 1737 535 1851 quia
562 1734 738 1850 alioquin
766 1758 998 1849 repugnaret
1024 1735 1131 1821 Deo.

325 1876 494 2009 Regula
532 1908 574 1977 ε.
613 1869 903 1990 Centurio,
941 1871 1312 1996 revelationem
1343 1873 1575 1981 divinam
1612 1874 1676 1981 es·

218 2012 534 2136 inherbetur
568 2048 658 2153 per
691 2014 896 2152 speciale
932 2014 1114 2122 lumen
1154 2016 1550 2153 supernaturale,
1596 2050 1675 2123 ex·

216 2159 466 2266 clufivum
487 2166 539 2262 in
565 2155 814 2263 intelleilu
839 2166 1011 2263 omnis
1033 2156 1384 2298 ambiguitatis
1411 2183 1502 2264 aut
1521 2159 1676 2266 dubii.

216 2298 320 2388 Ibid
378 2301 494 2384 Ratio
525 2299 592 2397 est,
619 2302 713 2437 ‹puia
741 2293 874 2382 lumen
902 2293 1187 2410 supernaturale
1213 2295 1376 2384 inlusum
1396 2328 1485 2384 non
1515 2304 1570 2386 est
1604 2290 1698 2385 ari-t

220 2440 363 2504 uorum
390 2417 553 2510 virium,
577 2441 706 2526 quatu
720 2407 855 2497 'lumen
885 2408 1060 2499 naturale
1091 2417 1190 2498 circa
1221 2410 1459 2499 scientiarum
1488 2420 1675 2529 principia

67 2601 69 2605 .
108 2526 118 2535 ’
218 2557 292 2647 per
311 2522 483 2618 senotaa
510 2527 606 2613 srcut
639 2553 735 2640 ergo
767 2523 901 2614 lumen
929 2523 1102 2612 naturale
1129 2556 1288 2613 omnem
1321 2528 1614 2642 ambiguitatem
1634 2558 1676 2617 tn

217 2640 419 2733 intellectu
447 2638 633 2740 excludit,
663 2647 704 2726 δε
724 2670 799 2754 per
818 2643 899 2727 hoc
917 2641 1048 2727 reddit
1072 2643 1240 2728 eundem
1269 2668 1430 2742 certum,
1454 2649 1508 2728 ita
1534 2672 1582 2731 ea
1600 2644 1678 2731 cla·

219 2764 311 2861 titas
338 2754 507 2856 luminis,
537 2783 661 2869 quarn
687 2759 782 2844 Deo
812 2754 1074 2845 conferendo.
1094 2754 1353 2843 revelationes
1382 2760 1579 2859 infundit,
1610 2788 1678 2847 err·

219 2866 332 2991 pellit
356 2900 516 2956 omnem
536 2874 852 2987 ambiguitatem,
881 2876 921 2954 dr
939 2897 1014 2981 per
1035 2872 1119 2956 hoc
1135 2869 1255 2984 ipsum
1281 2872 1411 2958 reddit
1434 2869 1676 2960 intelletium

223 3012 386 3090 cerrum,
409 2978 689 3072 revelationem
713 2989 892 3069 divinam*
908 2981 1003 3075 esser
1042 2990 1083 3069 δε
1106 2981 1448 3101 tranquilliisrmum
1481 2990 1678 3074 constituit

222 3109 409 3201 animum,
430 3106 485 3186 ita
516 3126 560 3185 ut
593 3095 699 3185 nulla
724 3096 940 3195 suboriatur
966 3102 1154 3214 cogitatio
1183 3128 1250 3186 aut
1281 3099 1457 3187 formido
1489 3101 1675 3216 opposui.

222 3213 365 3307 Paulus
387 3211 601 3330 Apostolus
623 3240 773 3301 tantum
793 3216 948 3316 aberat,
975 3241 1019 3300 ut
1045 3215 1241 3301 dubitaret
1266 3218 1318 3299 de
1342 3213 1586 3302 revelatione
1610 3217 1677 3305 srbi

224 3332 340 3430 faria,
364 3356 409 3417 ut
432 3335 547 3417 etiam
574 3326 777 3415 scriberet:
834 3327 977 3415 etiamst
998 3326 1173 3442 Angelus
1202 3325 1308 3415 aliud
1335 3331 1451 3415 vobis
1479 3326 1679 3446 evangeli·

92 3498 96 3521 ·
226 3452 392 3543 navent,
417 3446 622 3549 anathema
648 3443 705 3531 srt.
778 3443 920 3528 Sed&
949 3444 1095 3527 vidi&
1118 3446 1273 3546 audivi,
1302 3450 1372 3558 qui
1400 3444 1560 3558 publice
1584 3475 1678 3533 con·

225 3564 438 3662 testaretur,
466 3559 644 3645 dubitare
672 3555 710 3644 se
733 3565 856 3673 magis
879 3554 1015 3672 posse,
1037 3584 1088 3661 an
1114 3559 1198 3644 duo
1229 3562 1368 3645 binarii
1389 3568 1678 3699 quaternarium

226 3671 442 3765 efficerentr
471 3679 648 3790 itemque
670 3702 719 3759 an
734 3698 860 3781 totum
877 3679 998 3781 majus
1019 3669 1110 3759 effer
1123 3670 1186 3759 sua
1206 3700 1328 3787 parte,
1350 3703 1470 3786 quam
1490 3678 1546 3775 id,
1566 3674 1679 3791 quod
1708 3766 1711 3773 ,

227 3788 436 3877 defuturis
457 3790 526 3875 srbi
551 3785 763 3874 revelatum
787 3785 928 3886 fuerat,
951 3782 1083 3872 falsum
1110 3782 1208 3890 elle,
1229 3814 1295 3872 aut
1317 3789 1341 3874 i
1362 3792 1455 3874 Deo
1477 3819 1561 3874 non
1584 3819 1680 3904 pro·

227 3902 382 3992 venisse.
442 3905 552 3988 Idem
590 3907 685 3988 mibi
724 3909 762 3987 dr
797 3899 861 3988 alii
902 3903 956 3985 de
978 3898 1279 3988 revelationibus
1306 3903 1356 3988 ad
1384 3898 1423 3988 se
1450 3901 1562 3990 fantis
1589 3905 1680 3992 alle·

93 4026 95 4031 ’
227 4045 403 4113 ruerunta
422 4045 649 4146 quanquam
670 4013 1014 4103 nonnullimentiti
1028 4015 1112 4104 srnt.
1169 4020 1357 4133 Expertus
1372 4022 1477 4105 enirn
1493 4015 1575 4106 sum
1588 4048 1681 4136 prae·

1 4145 3 4154 '
90 4180 96 4193 ι
227 4138 399 4239 ditiores
423 4160 540 4221 veros
553 4189 567 4233 ‚
602 4158 783 4249 expertus
798 4131 880 4219 surn
898 4136 937 4216 δι
960 4126 1087 4241 falsos,

1395 4338 1404 4387 r
1557 4247 1686 4380 Regu·
