3796 4994
248 334 351 434 ις4
591 210 812 397 Μαῖα.
833 289 886 394 de
908 292 1099 433 Agreda.
1127 306 1309 406 Parni.
1352 286 1363 295 ’

207 605 219 629 (
247 502 470 595 octodecim
488 498 587 590 alios
608 498 848 592 sublimiores
865 504 1041 623 angelos,
1068 513 1139 623 qui
1163 505 1344 595 servirent
1362 526 1557 617 tanquam
1577 499 1689 590 tabel-

248 621 332 707 larii
348 623 388 705 itt
410 613 521 705 Scala
544 620 669 721 Jacob
696 620 906 707 referendo
930 629 971 705 B.
995 627 1143 735 Virgini
1170 649 1229 723 ea,
1248 650 1337 735 qnae
1352 620 1403 703 ad
1423 615 1531 704 illam
1550 623 1693 705 nuntiat

251 738 376 835 Deus,
399 739 440 817 δι
460 730 616 827 vicifftm
639 731 848 821 referendo
869 737 919 820 ad
934 739 1068 820 Deum
1093 765 1151 838 ea,
1171 764 1257 850 quae
1274 737 1473 849 inquirere
1491 738 1542 819 B.
1561 736 1610 817 V.
1629 759 1695 818 to·

250 845 323 934 luit
342 848 365 933 d
388 852 494 933 Deo.
575 844 686 933 Nihil
714 854 819 934 enim
847 852 1001 964 agebat,
1034 880 1108 935 nec
1128 856 1359 944 minimum,
1393 844 1461 930 nist
1482 849 1593 957 prius
1610 873 1697 930 con·

119 975 125 986 “
252 959 348 1049 suna
367 958 568 1047 voluntate
591 964 680 1049 Dei.
708 1014 725 1030 ·
781 958 923 1049 Praeter
944 994 992 1048 an
1020 961 1104 1048 clos
1130 962 1308 1076 praefatos
1332 961 1484 1071 insuper
1505 963 1619 1045 Deus
1636 961 1697 1043 de·

252 1079 470 1163 nominavit
488 1077 504 1158 l
553 1083 725 1189 tuaginta
740 1079 973 1189 Seraphinos
986 993 1054 1162 dno
1072 1079 1218 1162 throno
1237 1084 1453 1188 proximos,
1480 1098 1526 1158 ιιι
1541 1068 1698 1158 familia·

252 1194 348 1275 riter
368 1103 681 1273 convtnzrentur
703 1216 750 1273 ac
775 1188 1096 1305 colloquerentur
1114 1219 1203 1276 eum
1224 1197 1269 1276 B.
1290 1195 1465 1303 Virgine,
1483 1215 1539 1272 eo
1562 1189 1698 1289 modo,

254 1330 341 1417 quo
360 1298 487 1414 angeli
500 1309 600 1386 inter
621 1299 659 1389 se
676 1300 802 1389 solent
823 1302 1014 1419 colloqui.
1098 1309 1295 1391 Numerus
1311 1306 1375 1389 hic
1389 1302 1700 1415 septuagenaria

253 1411 535 1528 correspondet
559 1442 647 1500 cum
675 1423 807 1519 annis,
836 1420 981 1532 quibus
1008 1424 1052 1504 B.
1079 1422 1203 1531 Virgo
1232 1423 1349 1502 vixit:
1402 1445 1485 1501 non
1514 1420 1624 1500 enim
1647 1419 1699 1498 vi-

254 1535 312 1615 xit
333 1554 483 1614 tantum
498 1525 690 1643 sexaginta
716 1558 856 1629 annos,
881 1530 947 1617 sed
963 1531 1213 1643 septuaginta.
1296 1534 1343 1615 In
1358 1534 1438 1616 hoc
1456 1556 1630 1613 numero
1648 1524 1699 1612 se·

284 1647 509 1756 tuageoatio
541 1641 789 1731 includuntur
814 1651 928 1731 etiam
957 1643 1011 1730 illi
1038 1642 1229 1759 sexaginta
1248 1642 1391 1742 fortes,
1416 1646 1486 1757 qui
1509 1642 1699 1728 custodie·

252 1670 349 1842 dant
375 1753 576 1842 lectulum
597 1755 831 1846 Salomonis.
913 1763 966 1844 Hi
989 1763 1179 1872 principes
1199 1786 1248 1844 ex
1268 1756 1447 1870 supremo
1472 1757 1620 1841 ordine
1638 1783 1701 1840 an·

253 1866 431 1984 gelotum
448 1895 654 1983 propterea
676 1872 928 1959 obtinuerunt
948 1875 1051 1959 hunc
1069 1875 1263 1957 honorem
1292 1870 1526 1955 inserviendi
1546 1875 1595 1956 B.
1616 1874 1701 1956 Vir·

253 1988 347 2097 gini,
362 1988 455 2098 quia
476 1989 516 2067 in
537 1981 606 2070 illo
632 1992 840 2071 certamine
856 2012 992 2072 contra
1013 1985 1231 2072 Luciferum
1254 2014 1331 2098 prae
1352 1983 1433 2070 aliis
1453 1981 1492 2068 se
1515 1985 1700 2069 monstrt·

253 2121 344 2183 tunt
360 2097 596 2207 generosum
625 2101 777 2184 Decem
806 2096 971 2214 reliqui,
1000 2103 1071 2213 qui
1097 2098 1295 2213 complent
1323 2126 1528 2184 numerum
1555 2096 1702 2211 septua-

232 2215 468 2406 ¹penarium,
492 2214 607 2294 etiam
629 2238 736 2296 erant
753 2241 801 2298 ex
826 2208 954 2299 altiori
972 2214 1124 2318 ordine,
1144 2221 1183 2298 δι
1205 2243 1254 2301 ex
1280 2240 1445 2298 numero
1460 2238 1618 2310 eorum,
1634 2214 1701 2326 qui

275 2327 396 2406 ottius
415 2346 609 2409 certarunt
636 2350 770 2412 contra
791 2330 1030 2413 Draconem.
1112 2336 1263 2414 Omnes
1290 2354 1386 2443 ergo
1407 2322 1536 2439 angeli
1566 2327 1704 2411 hucus-

256 2462 341 2551 que
365 2435 538 2522 recensiti
560 2465 702 2556 nempe
730 2469 828 2539 900.
859 2473 924 2530 ra.
950 2462 1105 2546 18.·7o.
1131 2441 1277 2528 faciunt
1305 2467 1508 2525 numerum
1524 2435 1703 2526 millena·

255 2556 368 2636 rium.
456 2554 650 2640 Omnibus
669 2553 764 2642 loco
781 2553 968 2672 generalis
994 2555 1192 2671 profectus
1218 2554 1292 2640 fuit
1319 2550 1506 2644 Michaels
1544 2545 1702 2640 Gabriel

254 2688 388 2748 autem
417 2669 642 2753 constitutus
666 2668 740 2755 fuit
759 2677 798 2756 in
815 2678 848 2758 L
898 2698 1003 2759 atum
1020 2679 1059 2758 in
1081 2676 1247 2784 negotiis
1261 2670 1313 2754 ad
1330 2675 1375 2751 B.
1398 2673 1600 2781 Virginem
1620 2693 1703 2777 pet·

256 2777 485 2862 sinentibus.
570 2784 853 2868 Distributioo
896 2792 1044 2871 ciorum
1073 2792 1172 2869 inter
1187 2787 1261 2868 hos
1285 2777 1394 2868 mille
1415 2778 1582 2894 angelos
1605 2781 1702 2865 feda

259 2890 315 2974 est
341 2895 448 2996 juxta
483 2891 694 2979 mensuram
721 2898 967 2996 devotionis,
1000 2906 1040 2982 δι
1082 2896 1268 2994 fervoris,
1291 2923 1413 3011 quem
1447 2887 1585 3010 finguli
1618 2919 1703 3006 erga

256 3003 454 3092 Christum
481 3028 549 3089 aut
569 3013 616 3092 B.
639 3014 840 3123 Virginem
868 3011 1208 3114 demonstrarunt,
1237 3011 1402 3125 quando
1419 3009 1509 3123 ipfis
1528 3013 1700 3122 primitus

255 3114 394 3204 tiDeo
413 3115 656 3206 revelebatur
686 3127 905 3236 mysterium
936 3130 1221 3212 incarnationis.
1307 3126 1504 3211 Caeterum
1536 3122 1699 3238 quando

258 3232 300 3316 ni
319 3229 446 3345 angeli
463 3233 715 3348 corporaliter
747 3242 992 3352 apparebant·
1007 3247 1049 3326 B.
1070 3245 1239 3354 Virgini,
1262 3233 1409 3351 semper
1430 3243 1546 3324 etiam
1567 3260 1700 3349 repra·

256 3340 448 3429 lentarum
474 3345 602 3463 aliqua
625 3351 816 3463 Symbola
840 3360 1068 3466 pertinentia
1099 3358 1149 3437 ad
1173 3358 1480 3437 lncamationem
1511 3359 1550 3436 ἃ
1570 3349 1702 3465 pallio·

255 3481 346 3540 nem
367 3459 523 3558 Christi,
546 3459 610 3547 vel
628 3467 679 3548 ad
697 3466 925 3578 dignitatem
950 3474 1090 3555 Mariae.
1146 3469 1225 3554 Sed
1242 3472 1286 3552 B.
1307 3468 1430 3577 Virgo
1447 3495 1532 3552 non
1555 3461 1703 3550 intelle·

8 3538 12 3547 ⁴
67 3611 90 3683 ,'
248 3574 313 3654 orit
330 3570 645 3682 significationem
663 3580 803 3665 horum
826 3579 1131 3694 symbolorum,
1153 3586 1246 3695 quia
1270 3585 1379 3665 Deus
1402 3576 1550 3695 angelis
1566 3578 1703 3690 spetia-

253 3677 344 3767 liter
366 3685 553 3790 inhibuit,
573 3717 629 3778 nc
646 3694 928 3782 manifestarent
952 3693 1033 3797 illi,
1069 3697 1184 3813 quod
1214 3691 1428 3811 aliquando
1457 3692 1552 3781 ellet
1579 3693 1702 3780 futura

251 3821 381 3931 *mater
404 3800 555 3890 Melitae.

1614 4145 1703 4222 208·

1739 44 1749 207 l
