3796 4994
219 267 316 442 174
544 442 554 461 ⁹
653 313 822 443 Regale
849 341 905 405 ex
931 316 975 408 S.
1003 299 1213 442 vhrrefiass

203 515 277 603 illa
306 512 496 598 immersro
529 517 701 596 omniurn
734 517 993 625 potentiarum
1029 542 1164 623 patum
1198 514 1321 595 durat.
1386 505 1652 593 Nihilominus

215 639 329 717 etism
360 634 444 739 poli
472 626 723 709 dimiffionem
753 625 984 737 reliquarum
1022 627 1181 710 duarum
1217 628 1479 736 potentiarum
1517 616 1655 704 volun·

215 770 274 830 tas
296 745 424 825 adhuc
440 747 543 823 unita
558 744 649 822 Deo
671 739 720 822 stc
739 745 877 822 retinet
895 766 956 821 eas
976 743 1183 849 potentias,
1202 743 1241 820 δι
1265 764 1428 849 corpus,
1452 760 1496 819 ut
1513 731 1552 817 se
1574 761 1654 816 non

215 856 441 967 impediant.
498 848 731 964 Plerumque
752 858 790 934 in
814 855 935 935 Edasi
955 850 1059 934 oculi
1082 847 1166 935 lunt
1189 847 1330 949 elauli,
1359 851 1536 963 quamvis
1555 843 1655 929 noli·

215 999 302 1052 mus
326 995 396 1050 eos
414 960 610 1054 clauderes
638 966 800 1077 quando
826 990 956 1049 aurem
983 991 1183 1049 remanent
1212 969 1347 1076 aperti,
1376 958 1469 1045 nihil
1491 959 1569 1043 visu
1599 961 1655 1043 di·

215 1080 406 1166 scernitur.
467 1082 603 1189 ltaque
623 1085 663 1162 in
688 1083 810 1160 Edasi
831 1105 968 1188 corpus
995 1077 1207 1161 destituitur
1235 1077 1378 1158 viribus
1415 1076 1656 1170 monitibus,

217 1224 259 1279 ut
287 1198 488 1277 interiores
514 1197 696 1303 potentiae
733 1190 803 1273 lint
840 1196 960 1302 magis
986 1183 1167 1274 colleoae.
1223 1194 1372 1303 Neque
1399 1214 1528 1272 tamen
1554 1212 1659 1271 tanta

215 1307 381 1393 tunc'est
400 1310 607 1399 memoria,
635 1310 674 1385 δι
704 1299 919 1388 ἰητεΙΙεᾶιις
947 1297 1152 1398 colledlio,
1181 1328 1224 1386 ut
1251 1331 1321 1415 pet
1347 1298 1500 1416 aliquot
1529 1304 1658 1398 horas,

217 1420 360 1533 quibus
379 1421 521 1524 Etlasts
543 1422 668 1513 durat,
691 1411 795 1500 nulla
818 1418 930 1499 detur
947 1421 1141 1500 memotiae
1168 1443 1214 1499 ac
1244 1411 1460 1499 intellectus
1480 1412 1659 1528 effugatio

217 1534 282 1619 seu
304 1532 506 1614 distractio.
563 1535 708 1612 Verum
736 1530 898 1641 quidem
925 1532 991 1623 est,
1018 1533 1130 1642 quod
1154 1529 1317 1629 haduae
1342 1534 1527 1639 potentiae
1549 1538 1590 1611 in
1614 1529 1661 1612 E·

218 1652 315 1733 dtasi
329 1646 583 1726 communiter
605 1640 675 1728 lint
695 1644 881 1754 abl'orptae
907 1646 946 1724 in
968 1639 1083 1725 laude
1109 1647 1204 1739 Dei,
1234 1668 1299 1724 aut
1320 1668 1513 1726 conentur
1538 1667 1585 1726 ea
1607 1646 1661 1724 in·

218 1754 412 1871 telligete,
437 1784 523 1868 quae
547 1763 586 1839 in
608 1760 735 1839 anima
756 1756 949 1851 accidunt,
981 1782 1063 1839 non
1090 1782 1221 1839 tamen
1243 1753 1399 1839 suntad
1426 1758 1506 1838 hoc
1524 1751 1611 1839 saris
1630 1757 1661 1837 i·

220 1875 359 1958 donea
373 1896 419 1953 ac
437 1871 621 1970 excitata,
635 1865 700 1953 sed
720 1864 756 1952 se
777 1869 924 1952 habent
943 1870 1248 1964 instatbominis,
1263 1875 1333 1981 qui
1356 1896 1379 1952 e
1466 1875 1504 1952 vi
1525 1864 1664 1953 [omno

180 1990 185 1999 '
218 2013 265 2070 ac
283 1980 435 2069 somnio
465 1984 644 2065 nondum
665 1979 780 2093 plene
799 1982 1003 2096 evigilavit.
1059 1984 1153 2067 nec
1171 2007 1378 2095 propterea
1438 1982 1513 2065 lius
1535 1980 1664 2067 decla·

218 2124 282 2196 to,
305 2122 371 2194 ut,
400 2097 426 2178 li
457 2091 650 2210 aliquibus
688 2098 857 2206 perlonis
891 2097 971 2178 haec
1005 2098 1124 2206 gratia
1154 2093 1414 2192 concedatur,
1452 2092 1665 2180 confeffan'i

219 2208 360 2305 sciant,
394 2234 457 2292 eas
490 2213 530 2290 in
557 2211 680 2291 Edasi
711 2233 790 2291 non
819 2208 965 2291 debete
996 2204 1202 2293 necessario
1233 2204 1308 2292 eise
1332 2205 1468 2292 limiles
1492 2214 1664 2295 mortuis.

219 2327 400 2413 Druante
423 2323 547 2406 Eutasi
576 2346 717 2432 corpus
742 2322 795 2404 est
822 2322 901 2404 line
927 2321 1085 2419 viribus,
1113 2318 1179 2406 sed
1200 2325 1287 2435 post
1313 2326 1462 2407 Edasin
1491 2320 1665 2439 aliquan·

223 2436 280 2522 do
299 2431 453 2519 obtinet
481 2459 667 2546 magnum
690 2437 881 2545 vigorem.
937 2436 1114 2544 Quando
1134 2439 1227 2519 verb
1250 2438 1392 2548 Edasis
1417 2434 1490 2519 fuit
1510 2463 1664 2551 magna,

224 2553 426 2660 contingit,
457 2549 571 2660 quod
598 2573 740 2658 corpus
769 2547 924 2632 duobus
963 2548 1135 2633 tribusve
1162 2549 1250 2661 post
1283 2545 1388 2632 illam
1426 2550 1566 2633 diebus
1604 2578 1665 2637 te-

223 2686 376 2746 maneat
398 2661 501 2743 adeo
520 2659 783 2772 perturbatum
809 2666 848 2743 δι
872 2658 1106 2776 absorptum,
1135 2687 1178 2745 ut
1199 2657 1293 2746 tales
1310 2663 1489 2747 homines
1507 2663 1667 2750 videtn-

224 2801 287 2861 tur
314 2800 397 2856 non
424 2771 509 2856 satis
537 2774 604 2857 libi
635 2769 710 2857 effe
735 2771 946 2886 praesentes.
1009 2780 1056 2857 C.
1085 2804 1148 2860 ar.
1178 2778 1221 2858 ln
1255 2779 1378 2860 Edasi
1403 2775 1501 2860 fiunt
1520 2774 1669 2862 revela·

174 2966 177 2971 .
225 2894 377 2987 tiones,
416 2889 455 2969 dr
498 2890 677 2971 visiones.
749 2889 800 2972 C.
835 2917 901 2986 ²7·
952 2886 1128 2996 Quando
1160 2893 1259 2973 visio
1297 2893 1351 2973 est
1388 2884 1670 2992 intellectualis,

256 3022 417 3086 uantum
438 2999 638 3099 existimo,
660 3002 701 3083 in
719 3004 905 3110 potentiis
922 3003 1056 3083 animae
1080 2995 1208 3086 nullus
1232 3001 1278 3086 fit
1298 3026 1441 3104 motus,
1468 3028 1603 3119 neque
1629 3011 1670 3090 in

221 3030 412 3211 lensibus,
428 3114 481 3196 ita
502 3136 546 3196 ut
562 3136 657 3197 tunc
680 3112 844 3198 doemon
860 3108 1002 3197 nullam
1024 3114 1167 3201 babeat
1185 3111 1532 3226 ansamoperandi
1590 3119 1671 3205 Sed

228 3221 447 3312 hocloltlm
468 3225 663 3309 interdum
687 3231 906 3340 contingit,
936 3232 975 3309 δι
1001 3253 1081 3311 non
1100 3229 1188 3319 diua
1215 3225 1282 3313 sed
1305 3225 1387 3313 aliis
1410 3229 1561 3315 vicibus
1577 3234 1672 3319 mihi

230 3340 409 3435 videtur,
436 3338 552 3451 quod
576 3343 759 3451 potentia
785 3345 921 3425 animat
950 3365 1032 3425 non
1054 3342 1128 3426 lint
1155 3342 1309 3455 prorsus
1333 3339 1490 3428 elevatae
1516 3369 1565 3429 ac
1579 3341 1672 3460 liga·

231 3476 298 3539 taes
327 3476 402 3535 nec
435 3447 559 3535 sensus
585 3458 782 3564 privantur
800 3448 874 3538 suis
897 3454 1213 3566 operationibus,
1249 3451 1316 3541 sed
1342 3479 1491 3542 tantum
1513 3460 1613 3545 intra
1633 3457 1672 3545 se

92 3567 95 3573 ’
232 3586 391 3647 manent
414 3559 581 3649 collecti
635 3567 1174 3680 040.1nterdump0stm
1224 3593 1313 3653 nam
1335 3572 1501 3672 Eaasin,
1526 3575 1569 3657 in
1594 3598 1672 3688 qut

233 3702 373 3762 omnes
391 3681 575 3788 potentiae
594 3682 729 3764 animat
754 3675 912 3765 fiununt
930 3675 1053 3793 ligatae
1076 3685 1116 3763 &
1146 3681 1196 3764 ab
1211 3702 1354 3795 ntptae,
1385 3686 1499 3796 quod
1527 3708 1670 3784 nmen,

234 3814 277 3872 ut
297 3789 400 3886 dixi,
418 3793 560 3901 exiguo
580 3813 758 3903 tempore
781 3792 913 3895 durat,
943 3797 1068 3877 anima
1100 3818 1231 3879 manet
1252 3797 1380 3880 adbuc
1412 3793 1600 3899 collecta,
1619 3804 1672 3887 lta

234 3926 344 3986 utne
365 3903 529 4016 quidem
559 3911 723 3989 exterius
743 3910 783 3989 in
803 3902 842 3990 le
865 3903 1011 3992 revetsa
1031 3909 1096 3996 litt
1133 3910 1174 3990 dt
1195 3913 1424 3994 tuneetiam
1451 3914 1542 4023 poll
1565 3914 1672 4001 Εᾶι-

234 4020 294 4102 sin
323 4017 408 4102 duat
431 4021 631 4129 potentiae,
657 4022 908 4106 memoria&
931 4013 1147 4107 ἰηῑεΙΙεάυε
1163 4046 1322 4109 manent
1341 4047 1529 4137 tauquam
1550 4028 1676 4141 stupe·

1566 4139 1675 4229 fade
