3796 4994
622 263 926 358 Revelatr'oner
961 267 1006 358 S.
1046 230 1289 361 Gertrudir.
1587 301 1682 397 ¹47

236 494 327 552 urm
355 465 598 548 menstruam.
680 468 734 548 Ut
761 460 869 575 supra
897 461 1088 550 ostensum
1121 472 1175 552 N.
1206 483 1243 553 6.
1272 495 1323 553 ex
1349 469 1393 553 1.
1425 499 1462 555 2.
1489 471 1542 556 C.
1576 497 1611 554 ι.
1639 477 1680 557 dc
1752 454 1756 463 ⁸

231 585 277 665 L.
304 613 341 666 2.
363 581 414 662 C.
435 609 473 676 7.
494 585 562 661 ait:
605 581 711 662 Dum
740 584 826 690 post
854 608 1009 690 gravem
1041 581 1303 666 infirmitatem
1335 586 1438 667 secio
1465 585 1681 678 deoumbe·

230 724 326 791 rem,
343 699 383 776 ἃ
405 720 519 776 mane
536 696 672 778 moesta
689 699 784 777 intra
808 722 871 777 me
894 691 1118 805 querularet
1141 723 1162 777 a
1186 703 1312 782 Matre
1337 701 1412 779 Dei
1437 694 1574 789 talibus
1597 697 1678 783 sum

227 811 355 892 verbis
383 802 591 891 consolata.
651 809 697 891 Et
719 809 761 891 L.
789 836 825 890 2.
843 809 895 892 C.
917 834 956 902 9.
1017 813 1114 892 Non
1137 812 1261 893 multo
1314 812 1375 896 ost
1391 835 1592 920 tempore,
1622 817 1678 896 vi·

228 919 372 1006 delicet
394 926 436 1004 in
457 926 623 1026 jejunio,
643 922 736 1003 dum
753 924 891 1004 iterum
910 925 1016 1032 gravi
1041 921 1260 1008 infirmitate
1283 840 1465 1009 llboranr
1483 922 1588 1012 lecto
1607 927 1678 1012 de·

229 1039 467 1129 cumberem,
492 1041 533 1117 &
561 1040 704 1120 ceteris
721 1031 919 1118 sororibus
934 1041 1034 1120 circa
1052 1033 1124 1119 alia
1145 1044 1344 1150 occupatis
1367 1041 1543 1151 quodam
1562 1066 1677 1127 mene
1796 1056 1797 1061 '

227 1146 309 1235 sola
332 1156 509 1256 jacerem,
536 1154 728 1232 Dominus
748 1148 881 1234 aderat
902 1155 978 1233 dec.
1036 1153 1138 1236 EtL.
1160 1181 1197 1236 a.
1218 1156 1269 1237 C.
1293 1177 1358 1248 18·
1415 1156 1566 1237 Feslivo
1595 1155 1675 1251 die,

226 1266 324 1349 dum
355 1257 549 1374 corporali
588 1262 808 1370 infirmitate
850 1265 1075 1374 praepedita¹
1098 1293 1181 1348 non
1221 1263 1369 1376 possem
1410 1268 1595 1353 accedere
1621 1268 1674 1352 ad

227 1386 546 1462 communionem
577 1375 599 1461 ai
628 1381 772 1486 pietate
801 1402 867 1460 tua
896 1375 1020 1460 taliter
1046 1372 1126 1460 sum
1154 1382 1344 1462 instrucia.
1405 1383 1507 1464 Etl.
1528 1383 1674 1483 μοι.

227 1495 338 1577 Cum
361 1498 425 1576 die
446 1493 621 1603 quodam
644 1487 876 1574 intolerabili
892 1487 1015 1573 lateris
1035 1501 1284 1604 torqueretur
1303 1488 1460 1593 dolote,
1483 1496 1676 1606 benignus

223 1611 392 1693 Amator
418 1609 519 1690 hanc
543 1601 598 1687 illi
629 1613 752 1687 vicem
779 1605 981 1689 reddebat.
1093 1609 1140 1690 Et
1160 1610 1203 1690 L.
1225 1637 1260 1710 3.
1280 1608 1388 1706 04.
1447 1609 1503 1690 Ex
1525 1608 1674 1693 inordi-

223 1744 316 1805 nata
345 1721 515 1836 quadam
540 1719 682 1802 tristitia
709 1714 817 1801 simul
840 1723 880 1800 dr
896 1723 1131 1829 impatientia
1153 1746 1278 1804 tantas
1303 1725 1458 1804 incurrit
1484 1720 1674 1823 tenebras,

224 1833 341 1946 quod
368 1861 417 1916 ex
447 1858 588 1944 magna
626 1857 735 1941 parre
769 1834 1049 1942 jucunditatem
1077 1834 1214 1917 divinar
1242 1830 1443 1944 praesentiae
1469 1833 1537 1916 srbi
1567 1834 1672 1917 ride·

223 1946 339 2032 batur
361 1941 517 2031 amisisse
544 1996 561 2010 -
589 1951 628 2027 dr
657 1973 744 2029 cum
778 1948 952 2060 sequenti
978 1946 1044 2031 die
1065 1949 1280 2031 Dominico
1305 1944 1412 2061 quast
1441 1943 1674 2058 desperatius
1716 2032 1722 2051 ,

225 2063 373 2146 diceret
394 2063 600 2143 Domino:
656 2065 731 2145 Fac
752 2059 868 2145 finem
892 2056 1000 2145 malis
1025 2065 1147 2157 meis,
1177 2062 1318 2174 quibus
1338 2086 1411 2144 nec
1433 2088 1511 2173 ego
1537 2063 1670 2157 finem.

222 2203 301 2263 ner
318 2174 481 2261 modum
506 2180 686 2285 impono,
704 2182 810 2279 cujus
826 2170 1056 2259 desolationi
1076 2178 1271 2259 Dominus
1289 2183 1529 2286 compatiens
1544 2176 1673 2259 oslen-

222 2291 285 2374 dit
311 2287 366 2376 illi
393 2284 604 2373 hortulum.
696 2295 795 2398 Quis
825 2286 963 2389 nescit,
991 2291 1167 2388 tristitias,
1193 2289 1449 2386 turbationes,
1478 2288 1674 2384 infirmita·

223 2429 298 2505 tes,
320 2410 360 2488 δι
384 2407 522 2510 jejunia
544 2397 619 2487 else
638 2402 911 2514 potentissimas
933 2402 1164 2493 emovendae
1182 2402 1384 2515 phantasiae
1413 2397 1566 2487 causas?
1592 2398 1673 2485 Sed
1719 2440 1728 2459 ·

221 2516 550 2627 respondendum.
608 2520 715 2600 Sicut
739 2525 851 2609 Deus
870 2517 921 2598 ad
949 2518 1210 2600 immittendas
1239 2517 1403 2602 visiones
1431 2511 1528 2628 sepe
1554 2519 1672 2602 utitur

218 2618 360 2719 lbmno
389 2637 429 2714 dc
464 2637 596 2744 quiete
636 2656 820 2742 tanquam
850 2627 1122 2742 dispostione,
1149 2635 1203 2714 ita
1232 2634 1507 2714 convenienter
1535 2628 1587 2714 ad
1613 2633 1671 2713 vi·

220 2744 350 2832 fiones
369 2741 644 2844 consolatorias
669 2749 796 2856 potest
824 2751 879 2828 uti
908 2742 1110 2828 emotion'e
1132 2743 1336 2858 phantasiae
1360 2748 1403 2831 in
1421 2744 1672 2830 tribulatione

218 2884 406 2977 tanquam
430 2855 690 2969 dispositione.

339 3051 406 3135 lv.
461 3024 509 3130 S.
568 3022 841 3132 Gertrudes
893 3025 947 3131 L.
999 3064 1040 3128 2.
1096 3023 1156 3131 C.
1204 3064 1251 3156 7.
1309 3052 1479 3134 narrat
1535 3023 1669 3132 hanc

220 3165 500 3272 villontm:
576 3196 681 3278 Cum
722 3191 871 3303 sumpta
914 3191 1142 3276 Eucharistia
1172 3194 1265 3277 Deo
1301 3198 1341 3275 dr
1370 3195 1462 3276 mihi
1489 3191 1670 3275 intende·

218 3334 328 3502 “ull
341 3311 557 3421 recognovi
575 3312 739 3391 animam
757 3335 888 3501 speum
911 3301 1251 3440 invsrmilitudinem
1275 3334 1370 3440 ‘cere
1395 3306 1445 3390 ad
1465 3312 1597 3439 ignem
1627 3331 1669 3388 e·

212 3417 1670 3647 &stabilistifililtliliillibfsssallislinissimi}
1719 3647 1723 3656 ,

215 3652 301 3745 tio,
333 3651 374 3730 in
409 3677 494 3762 quo
537 3649 685 3735 habitat
728 3644 979 3759 corporaliter
1017 3562 1221 3759 plenitudo
1254 3648 1460 3735 divinitatis
1491 3647 1669 3762 infignita

217 3765 436 3846 charactere
460 3760 618 3879 fulgidae
650 3767 854 3847 Trinitatis.
938 3764 1009 3847 lsta
1046 3762 1152 3845 haud
1178 3761 1298 3846 dubie
1322 3757 1405 3847 sunt
1440 3789 1668 3879 accommo-

216 3877 269 3958 da
298 3876 510 3987 phantasia.
594 3879 674 3961 Sed
696 3875 1027 3988 respondendum,
1056 3901 1137 3960 non
1168 3871 1243 3961 else
1266 3870 1435 3961 alienum
1460 3875 1483 3962 ὲ
1513 3873 1667 4002 visioni·

217 3989 294 4096 bus
331 3990 495 4090 divinis,
525 3986 778 4105 intelligibilia
803 3988 1067 4191 rcpraesentTare
1095 4016 1165 4103 per
1200 3985 1392 4104 Symbola
1419 3983 1665 4185 sensibilrunp3

1049 4133 1073 4189 a
1597 4126 1667 4186 ιιι
