3796 4994
531 273 868 406 Observationes
889 275 951 373 od
968 275 1119 375 Reoel
1144 271 1197 371 ae
1216 262 1406 406 Agredd·
1585 266 1689 410 567
1787 254 1820 318 ”

360 517 397 585 7.
426 490 465 568 u.
482 487 603 596 Virgo
621 484 734 566 dixit:
762 481 1043 566 obedientium
1065 506 1222 594 peccata
1240 480 1350 563 Deus
1369 508 1450 566 non
1471 477 1633 570 reservat
1647 492 1688 576 its

238 596 304 685 sua
321 603 507 681 memoria
532 627 605 710 pro
637 600 701 682 die
723 598 879 702 judiciis
912 601 1035 680 immo
1059 623 1219 708 propter
1246 591 1466 679 sacrificium
1494 599 1687 687 obedien·

241 723 303 799 tiae
320 713 427 796 delet
445 719 558 796 etiarn
581 709 730 826 reliqua
751 736 922 819 peccata.
944 717 987 794 P.
1007 738 1039 793 1.
1055 715 1110 795 N.
1125 734 1222 814 450.
1252 716 1343 793 Hac
1367 712 1581 823 propositio
1600 744 1685 802 ver·
1810 786 1815 791 .
1883 818 1887 828 Ι

233 823 361 925 satilis,
386 823 701 939 nistexplicetur,
724 824 892 938 placeret
913 820 1128 910 Molinosro
1151 832 1190 908 &
1214 820 1312 907 falsis
1335 828 1516 934 Mysticis.

356 965 394 1038 3.
423 945 605 1039 Christus,
625 942 789 1054 quando
812 936 968 1050 suscepit
986 935 1235 1048 baptismum,
1253 934 1361 1022 fimul
1380 942 1538 1025 instituit
1551 942 1686 1028 Sacra·

236 1082 411 1140 mentum
429 1053 628 1166 Baptismis
667 1062 704 1136 &
734 1081 825 1137 tunc
853 1059 966 1136 etiam
990 1058 1100 1163 petiit
1119 1057 1139 1135 a
1161 1060 1272 1135 Patre
1298 1050 1520 1164 generalem
1537 1057 1684 1144 Etiafin

235 1199 310 1283 pro
333 1171 515 1254 omnibus
532 1165 619 1263 illis,
638 1173 705 1281 qui
726 1165 953 1278 baptismum
973 1164 1174 1278 suscepturi
1198 1163 1292 1253 sunt.
1312 1174 1356 1252 P.
1375 1196 1411 1251 2.
1429 1171 1481 1252 N.
1500 1193 1594 1266 980.
1619 1172 1682 1254 ld·

235 1284 354 1396 ipsum
376 1286 400 1369 st
425 1280 697 1394 intelligeretur
718 1277 958 1393 generaliter,
983 1281 1129 1363 docent
1148 1282 1377 1378 lutherani,
1396 1285 1511 1393 quod
1537 1312 1681 1396 nempe

236 1424 372 1482 omnes
391 1396 559 1481 lnfantes
578 1404 617 1481 in
642 1394 880 1507 susceptione
904 1389 1079 1504 baptismi
1097 1398 1288 1508 patiantur
1304 1395 1499 1511 quandam
1514 1392 1680 1511 speciem

232 1512 384 1609 Eiiafis,
404 1519 441 1595 in
464 1539 542 1625 qua
563 1508 719 1596 eliciunt
740 1505 925 1593 actualem
948 1509 1078 1594 fidem.

301 1658 303 1664 ’
350 1657 388 1722 9.
419 1630 622 1722 Docetur,
647 1632 685 1709 in
705 1628 866 1709 homine
885 1628 1058 1736 extingui
1075 1619 1186 1734 ‘polle
1210 1650 1348 1707 omnes
1369 1618 1563 1736 Reliquias
1585 1656 1677 1739 pec·
1712 1714 1715 1718 ,
1770 1680 1772 1686 -

235 1745 308 1825 cati
328 1737 535 1853 originalis,
549 1748 586 1823 &
602 1769 738 1825 omnes
757 1765 890 1849 pravas
905 1733 1172 1821 inclinationes
1194 1733 1341 1820 relictas
1357 1765 1404 1821 ex
1419 1736 1569 1823 fomite.
1584 1749 1626 1826 Ρ.
1639 1776 1676 1832 a.

230 1859 287 1940 N.
312 1885 432 1954 1032.
493 1861 583 1937 lloc
605 1853 670 1938 nist
688 1857 957 1963 restringatur,
981 1850 1131 1934 videtur
1153 1877 1374 1954 erroneum,
1389 1857 1481 1964 quia
1499 1848 1677 1967 alioquin

228 1967 485 2054 falsrficaretut
501 1975 705 2079 Scriptura,
721 1964 1001 2078 recognoscens
1021 1967 1220 2049 hominem
1234 1964 1382 2077 semper
1398 1970 1678 2058 tentationibus

231 2085 448 2168 obnoxium
472 2083 521 2167 ab
542 2089 659 2172 intras
687 2090 780 2196 quia
795 2084 901 2167 deest
922 2080 1072 2163 donum
1089 2077 1185 2164 illud
1199 2083 1342 2187 justitiae
1360 2078 1568 2196 originalis,
1589 2114 1676 2206 qup

227 2203 325 2284 vires
348 2196 551 2284 inferiores
573 2195 820 2304 subjiciuntur
839 2188 1082 2280 habitualiter
1103 2199 1256 2282 rationi.
1683 2291 1692 2300 ,

348 2344 412 2397 so.
438 2315 480 2395 Si
501 2316 624 2397 homo
643 2341 724 2396 non
747 2308 959 2421 peccasset,
991 2336 1072 2393 non
1103 2305 1228 2394 fuisset
1253 2304 1377 2420 passus
1408 2305 1525 2396 ullam
1550 2307 1675 2399 mole·

222 2426 379 2510 11111111
402 2431 599 2514 creaturiss
630 2426 827 2537 oppositio
850 2447 1105 2508 creaturarum
1122 2424 1177 2507 est
1197 2451 1314 2537 poena
1332 2433 1479 2537 peccati
1505 2431 1693 2541 original

226 2533 284 2622 lis.
307 2543 352 2623 P.
371 2570 409 2622 a.
426 2543 475 2622 N.
492 2562 712 2636 ¹8·19·20·
748 2543 935 2652 Supetflui
955 2538 1138 2627 humores
1156 2542 1196 2623 in
1223 2535 1446 2623 mulieribus
1466 2538 1550 2624 sunt
1577 2538 1673 2626 effe·

226 2659 310 2736 cius
323 2657 470 2764 peccati
483 2650 687 2765 originalis.
706 2659 747 2737 P.
765 2684 802 2737 2.
823 2657 880 2737 N.
899 2680 991 2754 ¹39·
1046 2649 1302 2763 Desatigatio,
1321 2650 1444 2737 fames
1459 2658 1533 2737 &c
1555 2660 1671 2741 etiam

225 2764 312 2851 sunt
325 2795 441 2878 poena
459 2772 605 2879 peccati
624 2766 827 2880 originalis.
856 2773 900 2851 P.
916 2798 950 2851 2.
972 2768 1023 2850 N.
1038 2793 1161 2862 1052.
1205 2773 1297 2852 Hac
1320 2769 1497 2851 doctrina
1519 2796 1602 2852 non
1616 2772 1671 2856 est

224 2908 328 3081 pera,
350 2883 416 3078 nilsr
436 2879 632 2981 limitetur,
652 2888 744 2997 quia
757 2887 856 2997 ignis
868 2886 1004 2996 utiquc
1017 2879 1151 2969 uffillet
1167 2885 1327 2996 propius
1342 2883 1573 2969 accedentes
1587 2911 1668 2971 non

238 3022 303 3081 me
331 2997 386 3082 do
404 3025 485 3082 ote.

344 3134 583 3275 Propofitio
620 3172 693 3242 11.
728 3136 828 3243 Ha
851 3094 1208 3253 Revelationes
1233 3136 1572 3275 multiplicant
1597 3174 1667 3246 te·

224 3276 835 3398 velationes,&miracula
853 3282 952 3383 sme
967 3281 1066 3386 ulla
1078 3307 1136 3386 ut
1152 3280 1348 3385 videtur
1363 3281 1665 3388 neceffitate.

336 3469 372 3522 1.
401 3439 509 3520 Deus
530 3432 674 3520 revelat
692 3436 742 3519 de
762 3435 886 3520 verbo
910 3437 961 3520 ad
982 3436 1141 3520 verbum
1158 3432 1388 3546 longiffimas
1404 3442 1560 3550 quasvis
1579 3467 1666 3524 osa·

219 3554 360 3647 tiones,
377 3557 416 3633 81
439 3548 695 3635 allocutiones
713 3553 803 3646 Dei,
825 3544 1067 3662 angelorum,
1086 3556 1129 3633 B.
1143 3557 1323 3661 Virginis,
1340 3551 1557 3651 hominum,
1577 3555 1664 3641 doe·

217 3693 407 3775 monums
435 3671 530 3779 quin
544 3689 725 3775 appareat
741 3660 818 3749 ulla
832 3661 1024 3749 necessitas
1037 3669 1089 3759 ita
1101 3665 1273 3750 distincte
1288 3664 1511 3752 recensendi
1531 3671 1664 3752 omnia

217 3779 349 3862 verba.
379 3786 467 3865 P.r.
486 3785 704 3874 N.90.92.
734 3806 828 3865 112.
856 3795 1309 3882 sar.125.126.168.
1338 3806 1546 3884 173.175.
1568 3801 1662 3885 178.

222 3920 317 3994 ¹79³
334 3912 382 4090 is
394 3911 875 4118 llicgclleltssrlpplirliiones
892 4002 1232 4120 frequentiifimas,
1252 4035 1325 4092 nec
1345 4009 1574 4093 monstratur
1592 4006 1662 4096 ali.

213 4124 303 4234 quis
328 4116 500 4224 effectus,
520 4121 571 4209 ad
587 4149 708 4238 quem
728 4117 801 4210 illae
819 4127 1079 4237 apparitiones
1097 4121 1240 4232 fuerint
1256 4123 1455 4235 ordinata,
1475 4138 1672 4239 tauquam¹
1817 4198 1821 4205 .

1605 4238 1661 4347 cie
