3796 4994
602 222 906 346 Revelaeiones
944 247 989 344 S.
1028 230 1282 345 Gemiudirss'
1585 228 1662 368 65⁴

201 443 373 558 Jolttttlla
396 452 568 559 conjugio
596 445 773 552 Christum
791 446 901 555 odt‘fft
925 450 1076 558 nttplt'as
1094 450 1342 557 affirmarent,
1359 447 1577 533 nonnulli
1596 442 1656 543 δ’

212 553 378 644 Paulum
408 551 676 664 inexemplum
704 554 916 654 adducere,
953 559 1057 664 quod
1081 562 1156 669 sua
1176 556 1444 664 predicatione
1477 556 1655 641 Theclam

203 669 336 792 sponfio
365 671 644 784 oppignoratam
673 664 694 752 l
730 669 868 779 nuptiia
898 669 1056 754 terrenia
1086 662 1320 781 divuderit?
1374 660 1478 751 certi
1507 676 1668 752 tantum·

214 780 326 891 abeli,
350 794 394 867 ut
424 775 499 865 leuc
526 777 572 865 de
589 781 755 892 Joonnia
784 782 925 890 nuptiis
957 777 1014 864 illi
1038 777 1172 892 saltem
1206 774 1511 872 meditarentur,
1539 777 1656 865 vella

215 892 399 997 Patribus
422 890 585 1004 quolibet
608 892 686 979 alia
708 894 894 1002 occafione
918 891 1044 979 eadem
1062 890 1291 993 dicerentur,
1318 901 1363 978 ul
1376 895 1506 1004 pollue
1523 918 1575 977 ecc
1596 897 1657 978 iia-

215 1004 296 1093 dem
331 1009 499 1119 nuptiis,
528 1004 661 1117 quibus
681 1004 864 1094 Salvator
878 1005 991 1120 fitam
1023 1003 1168 1125 augusti
1205 1032 1300 1108 mam
1349 1034 1399 1089 ra
1414 1006 1554 1092 iniiam
1588 1033 1656 1092 en·

215 1117 351 1218 hibuit,
377 1124 607 1207 contrarium
629 1123 759 1232 potius
789 1116 1044 1231 adssnterent,
1074 1120 1250 1206 nimirum
1282 1027 1372 1204 cla
1401 1145 1463 1203 um
1492 1115 1659 1231 prolaffe

216 1237 433 1347 nuptiarum
462 1232 769 1332 Sacramentum,
799 1255 845 1318 ac
870 1232 1022 1345 fiaumet
1049 1229 1246 1346 prasentia
1271 1230 1499 1347 consecrasse.
1585 1235 1662 1319 Ca-
1844 1332 1847 1339 ,

218 1339 341 1435 teriam
364 1345 409 1432 de
431 1343 795 1457 coelilratuJoannia,
817 1346 920 1456 quod
934 1372 1124 1457 nunquam
1154 1350 1393 1433 contraxerit
1411 1374 1463 1431 nn
1488 1348 1658 1444 timeon
1703 1377 1706 1383 ·

217 1460 480 1574 Hieronymus
507 1450 659 1545 tantiam
681 1456 864 1570 adversus
888 1460 1145 1571 Jovinianum
1170 1486 1283 1572 agens
1313 1460 1357 1544 L.
1387 1491 1420 1543 ι.
1440 1369 1516 1573 dd
1538 1457 1595 1556 ὅ*
1624 1464 1660 1546 l·

243 1576 369 1660 natiu‘s
390 1575 430 1659 in
455 1574 526 1687 Epi
556 1571 640 1659 .ad
654 1567 894 1689 Philadelpla
909 1572 1146 1690 graviffimuc
1165 1576 1323 1680 adsertor
1349 1570 1411 1683 cst.
1499 1570 1661 1688 ldipfiam

212 1601 450 1802 {piphanias
467 1696 504 1772 te
533 1694 638 1789 atur,
665 1682 798 1796 quibus
818 1687 888 1771 Au
913 1685 1068 1799 culinum
1089 1685 1295 1800 consentire
1319 1712 1425 1773 nemo
1463 1713 1534 1772 ane
1561 1715 1663 1775 men·

216 1803 268 1887 lia
295 1829 371 1888 non
404 1797 569 1898 viderit,
595 1797 694 1885 dum·
711 1803 778 1900 ait,
797 1825 841 1885 ea
894 1825 913 1883 e
939 1798 1051 1913 causta
1066 1801 1258 1913 joannem
1284 1797 1308 1885 ic
1333 1795 1423 1884 Chri
1451 1798 1577 1914 oplus
1597 1830 1666 1889 ce-

220 1917 311 2002 taria
338 1928 517 2013 amatum,
547 1909 651 2024 qnod
675 1939 789 2024 neque
819 1939 978 1999 uxorem
1006 1910 1176 2014 duxerit,
1202 1911 1258 2008 69⁴
1284 1912 1334 2000 ab
1362 1915 1514 2002 inerrate
1534 1920 1664 2029 pueri-

176 2119 180 2124 ,
219 2030 277 2115 tia
306 2024 511 2136 calliffirnus
538 2030 699 2112 vixerit.
786 2025 929 2111 Verum
950 2023 1142 2126 dicamus,
1167 2022 1264 2113 unde
1298 2035 1538 2115 commentum
1571 2025 1669 2115 illud

221 2137 416 2245 deduilum
432 2141 495 2251 fit,
524 2151 567 2227 ut
595 2135 922 2253 &intelligentam
956 2137 1064 2250 quiam
1078 2164 1216 2255 parum
1225 2137 1373 2254 judicio
1404 2138 1575 2247 valant,
1602 2143 1667 2254 qui

221 2251 316 2341 talia
337 2253 394 2358 fin
417 2261 500 2339 unt.
583 2251 821 2370 Augussinus
842 2256 882 2340 in
909 2253 1134 2365 Prafatione
1158 2258 1198 2340 in
1213 2254 1405 2366 Joannem
1435 2250 1510 2341 bac
1532 2251 1666 2344 babet:

223 2365 295 2478 lsle
317 2280 578 2479 etiloannea,
609 2393 715 2476 quem
740 2366 932 2453 Dominus
957 2364 1003 2452 de
1015 2369 1222 2485 flnllivaga
1242 2373 1456 2479 nuptiarum
1481 2379 1553 2455 lem
1578 2368 1669 2479 esla-

225 2488 262 2565 te
287 2483 462 2566 vocavit.
545 2480 643 2566 l-Iac
682 2483 800 2598 igitar
835 2477 1036 2598 Augustini
1068 2480 1186 2568 veria
1209 2480 1263 2590 fic
1299 2485 1489 2593 accipiunt
1523 2395 1580 2589 illi
1608 2480 1667 2578 ἐφ’

226 2589 434 2690 adducunt,
447 2593 732 2705 quaftJoannec
763 2590 949 2709 obligatus
975 2591 1162 2708 nuptiiaic
1193 2589 1335 2706 Clrrijlo
1361 2603 1525 2682 vocatus
1541 2598 1668 2709 fuerit

227 2734 304 2794 non
315 2703 675 2804 animadvertentur,
686 2707 737 2816 tic
762 2703 1013 2824 Augustinum
1036 2705 1168 2818 diuiffe
1184 2718 1365 2795 uocatum
1383 2705 1407 2793 ic
1426 2712 1576 2824 nuptiir,
1592 2700 1670 2796 non

226 2815 329 2932 quod
354 2847 437 2905 cum
468 2846 626 2906 uxorem
655 2817 813 2905 duxerit
842 2847 923 2906 eam
951 2817 1167 2932 reliquerit,
1186 2818 1261 2934 sed
1286 2821 1387 2933 quod
1409 2850 1489 2909 eam
1511 2821 1671 2938 prorsus
1722 2821 1731 2860 ²

226 2959 303 3022 non
329 2939 533 3046 acceperit,
568 2943 684 3044 prout
709 2932 804 3019 idem
828 2930 1061 3045 Auouslinna
1090 2939 1130 3021 in
1152 2934 1230 3042 fine
1260 2938 1383 3050 operis
1407 2948 1534 3051 aperte
1561 2935 1671 3046 letia-

227 3055 307 3143 tur,
331 3074 412 3133 cum
445 3041 502 3135 bis
525 3050 650 3134 utitur
676 3043 827 3135 verbu:
873 3045 966 3134 Plus
1001 3058 1198 3150 amanam,
1231 3047 1334 3159 quod
1366 3077 1482 3160 neque
1512 3075 1671 3139 uxorem

227 3158 396 3263 duxerit,
424 3157 482 3256 65
502 3159 551 3247 ab
567 3165 718 3247 ineunte
734 3164 902 3274 puerilia
927 3157 1132 3272 costiffimna
1157 3165 1319 3250 vixerit.
1403 3163 1512 3250 Nam
1544 3185 1671 3248 omnea

218 3273 364 3391 fciunt,
394 3301 552 3360 uxorem
581 3270 725 3375 ducere,
753 3302 830 3361 non
857 3273 906 3388 esl
931 3302 1012 3361 eum
1041 3281 1080 3362 in
1132 3303 1171 3361 ro
1197 3279 1291 3363 riam
1321 3274 1468 3382 domum
1497 3273 1673 3363 traduce·

227 3414 285 3484 re,
302 3383 377 3500 sed
387 3387 428 3501 fe
451 3389 623 3504 conjugio
646 3384 827 3506 obligare,
905 3387 993 3474 Nec
1016 3300 1130 3475 aliud
1145 3299 1195 3475 al
1215 3384 1274 3475 bis
1303 3386 1348 3476 de
1357 3390 1514 3504 Joanae
1537 3393 1674 3506 Ategu-
1733 3414 1737 3423 ·

224 3497 361 3610 (linum
379 3500 523 3616 senfiffe
550 3498 874 3613 exploratiffimum
905 3499 977 3612 est,
1001 3529 1087 3588 nam
1109 3499 1245 3591 dilium
1271 3505 1437 3617 Joannia
1460 3500 1505 3589 de
1537 3505 1675 3616 nuptiis

232 3610 437 3724 explicans,
464 3611 567 3724 quod
581 3620 621 3699 in
632 3618 773 3815 gummis
802 3610 998 3700 dicendum
1015 3617 1157 3727 titillet,
1176 3613 1316 3703 nullam
1340 3616 1498 3734 prorsus
1520 3622 1675 3705 mentio·

230 3752 314 3813 nem
337 3724 383 3812 de
398 3727 553 3839 Joanne
582 3722 631 3814 ba
655 3724 726 3813 llil.
806 3723 883 3814 Sed
914 3723 991 3812 bac
1013 3729 1106 3840 fiatis
1134 3725 1189 3816 ad
1211 3727 1449 3842 refellendam
1479 3728 1673 3818 ridiculam
1796 3736 1799 3743 “

231 3837 277 3926 de
299 3843 442 4037 nuftiis
454 3841 620 3952 Joanaia
642 3840 878 3953 sententiam.
964 3847 1179 3956 Hucusque
1198 3848 1403 3930 Batonius.
1487 3842 1564 3930 Hic
1596 3843 1683 3957 forf,

235 3976 278 4042 te
302 3980 343 4039 rc
358 3954 624 4066 pondebitur,
647 3952 741 4039 ficut
760 3952 811 4039 ad
836 3958 1014 4068 primum.
1107 3962 1241 4044 Potuit
1279 3962 1393 4045 etiam
1416 3959 1473 4043 ibi
1494 3964 1535 4042 in
1565 3957 1677 4041 Canu

354 4067 413 4158 D.
435 4067 483 4153 Ε.
500 4073 555 4154 A.
574 4064 620 4155 de
636 4067 815 4159 Revelut.
835 4069 938 4156 Pars
958 4069 1015 4157 ll.
1208 4073 1226 4156 1
1543 4096 1677 4155 verum
1716 4082 1724 4100 ‘
