3796 4994
217 284 322 416 364
602 272 1284 414 Revelat.deAgredc.Parsss

335 497 431 587 996.
460 483 635 570 Christro
652 508 782 569 autem
800 487 949 598 peregit
969 479 1073 569 suam
1090 491 1308 569 orationem
1322 484 1365 569 in
1382 479 1579 598 superiori
1595 482 1671 569 ani·'

216 629 290 694 me
309 625 432 714 parte,
453 598 539 712 qud
562 604 739 713 cognitio
759 598 958 686 doeruonis
980 626 1063 683 non
1083 602 1278 711 pertingit

334 756 433 827 997.
486 723 641 812 Lucifer
668 754 752 813 non
787 725 886 813 vidit
912 722 1076 841 angelos
1113 725 1316 813 assistentes
1346 724 1547 824 Cluilio,
1583 727 1672 810 Deo

219 844 273 934 fic
287 841 531 955 disponente.
586 844 852 927 Mariaautem
875 841 898 926 ὲ
919 836 990 926 suo
1018 837 1202 928 cubiculo
1218 841 1317 928 uidit
1333 852 1465 926 totam
1486 864 1673 954 pugnam.

213 962 273 1046 Ea
290 958 435 1065 incepit
456 954 521 1038 die
541 953 737 1066 trigesimo
754 959 895 1068 quinto
913 959 1072 1062 Jejunii,
1099 961 1139 1038 dc
1168 953 1320 1040 duravit
1344 979 1476 1068 usque
1496 955 1554 1040 ad
1579 978 1674 1069 quas

217 1066 484 1183 dragefimurn.
538 1066 693 1152 Lucifer
715 1068 926 1180 apparebat
954 1074 994 1153 in
1018 1063 1144 1180 specie
1168 1070 1349 1154 humana.

338 1214 435 1295 9-98·
473 1191 585 1281 Cum
606 1194 789 1282 Lucifero
807 1196 969 1283 aderant
991 1196 1289 1285 innumerabiles
1315 1197 1558 1284 doemonerr
1586 1218 1674 1281 natu

219 1340 272 1415 eo
296 1309 361 1395 die
378 1304 550 1394 infernus
570 1331 651 1393 crat
678 1309 785 1424 quasi
811 1312 1026 1398 exhaustus.

338 1460 434 1536 999·
461 1430 616 1521 Lucifer
631 1441 802 1547 portavit
824 1437 1020 1522 Christum
1045 1437 1088 1520 in
1108 1459 1285 1522 montem
1307 1429 1520 1536 excelsum,
1548 1433 1673 1550 equo

218 1573 376 1668 poterat
396 1543 564 1658 conspici
583 1575 723 1662 magna
743 1576 831 1662 pars
849 1555 1030 1665 regionis.
1084 1555 1198 1635 Tunc
1228 1552 1343 1636 dixit:
1391 1547 1564 1649 Omnia,
1597 1574 1674 1660 pue

217 1661 343 1760 uides,
366 1660 435 1748 ubi
462 1657 559 1748 dabo
588 1707 607 1727 ·
663 1664 744 1747 Sed
777 1664 953 1750 Christus
983 1691 1073 1749 eum
1097 1690 1187 1748 curn
1214 1688 1299 1751 tota
1325 1664 1496 1750 cohorte
1516 1660 1674 1749 demisit

216 1782 261 1865 in
279 1775 485 1872 infernum,
510 1773 578 1859 ubi
599 1777 641 1860 in
660 1773 865 1889 profundo
879 1803 1031 1864 arcere
1045 1777 1167 1863 tribus
1190 1777 1329 1864 diebus
1344 1787 1564 1886 jacuerunt,
1578 1780 1673 1890 quin

218 1890 422 2007 potuerint
439 1885 478 1975 se
505 1914 677 1974 movere
730 1892 939 2001 Postquam
966 1914 1097 1977 autern
1120 1895 1176 1978 eit
1203 1887 1310 1978 licuit
1335 1888 1375 1978 se
1404 1914 1496 1977 utut
1523 1885 1674 2026 debiles

219 2002 847 2227 reuertuntur
862 2001 1673 2237 feneratitiinrnriiili

217 2232 399 2346 quamvis
423 2231 633 2338 opiniones
655 2255 791 2316 eorum
813 2228 958 2316 fuerint
976 2229 1143 2320 diversae.

344 2382 468 2443 1000.
508 2359 623 2444 Tunc
646 2357 821 2446 Christus
844 2355 917 2444 suit
938 2359 988 2445 ab
1010 2357 1157 2476 angelis
1177 2388 1396 2479 reportatus
1417 2372 1461 2455 iu
1480 2367 1672 2461 desertum

218 2477 324 2560 inter
336 2470 512 2559 Cantica.
566 2467 798 2570 Afferebant
816 2477 931 2558 etiarn
949 2471 1078 2590 angeli
1092 2476 1215 2565 cibos.
1268 2481 1372 2567 Ferae
1389 2507 1525 2571 autem
1547 2492 1587 2573 dc
1603 2516 1672 2576 vo·

220 2585 346 2674 lucres
368 2579 655 2698 applaudebant
676 2582 957 2700 triurnphatori·

344 2739 467 2798 1001.
492 2720 533 2797 Β.
553 2717 676 2824 Virgo
696 2714 856 2814 orabat,
882 2740 925 2801 ut
943 2712 1063 2806 filiusr
1092 2720 1264 2806 certabat
1281 2721 1522 2815 invifibiliter
1541 2755 1673 2821 contra

221 2822 456 2921 Luciferum,
477 2849 520 2909 ut
535 2821 655 2935 filine
685 2828 913 2914 conterebat
930 2824 1054 2929 illurn,
1073 2836 1112 2915 δι
1131 2836 1417 2949 cooperabatur
1431 2843 1474 2926 in
1490 2849 1672 2933 omuibus

42 3058 46 3065 ν
220 2961 312 3043 curn
337 2937 493 3022 Christo
513 2964 588 3050 pro
611 2941 739 3024 nostra
758 2937 933 3028 utilitate.

341 3095 470 3153 rooz.
511 3067 686 3155 Christus
712 3069 811 3155 mifit
833 3096 982 3184 partem
1012 3076 1190 3165 ciborum
1212 3077 1263 3164 ab
1289 3108 1335 3166 an
1365 3077 1437 3169 elia
1466 3082 1673 3180 allatorum

219 3183 351 3280 Matri,
368 3210 456 3296 quar
478 3186 518 3265 dc
539 3179 617 3295 ipsa
632 3189 815 3287 jejunavit
834 3215 892 3288 40
916 3188 1068 3278 diebus.
1128 3195 1304 3304 Quando
1327 3109 1380 3280 ‹le
1400 3200 1462 3285 h‘u
1482 3205 1673 3302 comedit,

221 3291 459 3382 advolabant
475 3298 526 3380 ad
547 3322 634 3381 eam
661 3301 776 3383 etiarn
801 3297 981 3389 volucres
1005 3333 1053 3391 ex
1083 3301 1257 3408 deserto,
1285 3311 1422 3411 iidem,
1449 3321 1524 3428 qui
1557 3317 1671 3404 inser·

221 3411 373 3513 verant
393 3411 551 3493 Christo
568 3408 637 3496 suo
661 3435 788 3497 cantu.

346 3563 467 3640 ¹003·
494 3544 607 3627 Tunc
623 3536 807 3652 proposui
826 3550 869 3628 B.
890 3549 1040 3658 Virgini
1055 3546 1231 3650 dubium,
1255 3567 1412 3663 nempe,
1422 3554 1572 3668 quales
1589 3557 1674 3649 iire-

203 3651 298 3741 rint
317 3650 407 3747 cibi,
424 3647 756 3767 quos.attulerunt
776 3653 903 3770 angeli
925 3662 1081 3745 Christo
1099 3667 1140 3744 in
1162 3658 1346 3751 deserto?

343 3791 463 3877 ¹004
477 3771 518 3853 B.
527 3772 576 3855 V.
591 3770 685 3854 mihi
697 3771 1036 3882 responditzsuisse
1048 3771 1262 3885 aliquando
1276 3802 1435 3892 aquam,
1447 3777 1671 3899 aliquando

219 3902 375 3992 panem,
397 3905 466 3967 aut
480 3879 640 3984 studius,
664 3889 702 3969 vi
720 3881 991 3999 supernaturali
1011 3888 1183 4000 pradia.
1332 3981 1336 3988 ,

1547 4143 1673 4215 1006.
