3796 4994
844 274 918 368 De
952 234 1111 406 Saga.x
1486 234 1491 239 ⁴
1622 296 1687 393 27

230 475 326 565 verd
357 475 526 563 mendax
552 471 792 590 ille‘spirirus
819 479 893 565 hac
919 481 960 563 in
996 502 1106 591 parre
1144 465 1258 561 falsus
1300 472 1424 561 videri
1451 469 1605 571 voluit,
1643 496 1688 559 ιιι

228 593 411 680 universe
454 589 594 678 scilicet
634 597 820 707 Hispaniae
854 623 925 709 per
967 597 1068 678 hanc
1102 590 1207 678 suam
1244 587 1416 704 sponsam
1454 595 1506 678 im
1567 613 1688 677 neret.

231 710 566 825 Quandocunque
578 709 726 794 furtivis
741 708 1010 823 voluptatibus
1022 708 1252 806 fruerentur,
1262 705 1387 819 sponsr
1399 617 1567 791 famulo}

229 829 431 934 majestatis
466 823 574 910 causa
602 821 789 912 famulum
824 854 992 940 quoque
1024 850 1220 910 veterator
1241 820 1307 909 ille
1327 825 1515 934 AErhiops
1540 820 1609 905 sibi
1633 816 1687 919 ²s·
1722 906 1726 911 .

227 938 447 1053 sumpserat)
479 938 574 1026 foris
601 938 819 1055 intemplo
846 949 884 1024 dc
913 939 1121 1026 Coenobio
1151 935 1393 1053 Magdalenae
1420 935 1525 1022 larra
1548 931 1685 1021 assum·

226 1081 294 1168 pta
313 1053 414 1141 illius
437 1051 601 1155 vultum,
624 1053 987 1170 gestum-‘incessum
1008 1055 1219 1154 cantando,
1238 1057 1404 1154 orando,
1429 1050 1686 1139 commeden-

1579 711 1687 804 (nam
1802 791 1805 795 .

227 1172 284 1255 do
312 1172 447 1258 exacte
483 1171 717 1259 imitabatur.
793 1175 834 1259 Si
870 1173 1033 1287 quando
1076 1173 1172 1257 vero
1198 1166 1363 1258 secessds
1392 1165 1448 1257 illi
1473 1163 1683 1282 voluptarii
1817 1246 1824 1253 .

225 1285 381 1399 pertaesa
410 1294 514 1373 Hera
540 1293 581 1373 in
609 1285 808 1400 publicum
845 1289 1047 1400 prodiret,
1086 1316 1138 1373 ne
1174 1288 1273 1402 quid
1310 1293 1458 1374 interea
1493 1289 1683 1398 temporis

226 1404 356 1489 otiose
391 1404 587 1502 transret,
616 1432 685 1517 per
715 1404 853 1489 orbern
886 1429 1071 1489 terrarum
1093 1405 1296 1519 vagando,
1326 1428 1572 1519 quaecunque
1598 1425 1681 1487 mc·

175 1596 183 1617 „
227 1544 379 1603 moratu
403 1519 521 1632 digna
545 1521 775 1617 acciderent,
799 1521 1041 1634 Magdaleme
1064 1519 1319 1606 renuntiabat.
1374 1522 1438 1603 Sic
1452 1519 1503 1602 de
1528 1517 1681 1601 Franci*

222 1629 273 1719 sci
294 1638 407 1744 primi
431 1630 644 1719 Galliarum
669 1639 782 1749 Regis
806 1639 1046 1747 captivitates
1076 1633 1127 1720 stc
1153 1634 1205 1719 de
1231 1640 1416 1717 Romanae
1437 1633 1552 1718 Urbis
1574 1632 1680 1717 dr're·

222 1750 361 1860 ptione
388 1755 528 1834 certior
549 1748 649 1835 fasta
673 1751 855 1834 divinitus
873 1749 940 1834 srbi
960 1751 1043 1834 haec
1061 1751 1110 1834 ab
1138 1744 1295 1865 Angelo
1313 1744 1480 1833 revelata
1499 1747 1678 1831 dictitans

222 1867 264 1947 in
284 1868 501 1978 principum
524 1869 693 1951 virorum
716 1868 988 1977 dignationem
1013 1860 1198 1952 summam
1217 1867 1405 1978 pervenit,
1431 1869 1471 1948 δι
1495 1861 1678 1950 Abbatis-
1761 1882 1764 1889 ’

221 1977 267 2062 sae
292 1970 544 2092 dignitatem}
575 1975 678 2065 ultr'o
709 1980 939 2066 cedentibus
969 2006 1083 2066 tanta
1110 1977 1368 2066 sanctimoniae
1389 1975 1554 2094 ⁸,reliquis
1586 1981 1678 2063 Mo-

221 2090 401 2192 malibus,
433 2100 598 2180 maxima
622 2101 741 2181 torius
776 2098 934 2183 Ordinis
956 2100 1154 2211 seraphici
1180 2124 1268 2181 cum
1296 2090 1436 2198 laetitia,
1462 2099 1533 2210 qui
1563 2088 1678 2179 adse

222 2235 405 2323 quoque,
429 2236 617 2328 tanquam
650 2213 699 2294 ad
734 2241 988 2326 praeceptores
1022 2219 1062 2297 δι
1093 2212 1330 2298 institutores
1364 2238 1514 2323 partem
1537 2204 1677 2325 gloriar

219 2324 332 2433 hujus
359 2331 551 2440 pertinere
585 2327 785 2440 putabant.
869 2323 1066 2413 Miraculis
1093 2333 1239 2413 interea
1282 2322 1450 2412 clarebat
1486 2322 1680 2440 plurimis.
1826 2312 1830 2319 ¹

221 2434 288 2524 sed
304 2442 484 2551 inanibus
501 2468 620 2557 atque
642 2436 812 2528 ludicris.
870 2447 914 2528 ln
945 2438 1094 2530 solenni
1129 2469 1279 2557 pompa
1305 2439 1493 2527 festorum
1521 2438 1674 2576 dierum

221 2554 272 2640 ad
295 2580 372 2641 tres
393 2560 432 2641 dc
457 2556 620 2670 amplius
650 2559 804 2643 cubitos
835 2561 875 2642 in
908 2554 1069 2645 sublime
1105 2554 1348 2645 efferebatur.
1421 2560 1531 2668 Saepe
1557 2581 1674 2643 enam
1795 2570 1808 2587 “

219 2651 428 2783 imaginem
450 2676 572 2778 JESU
599 2701 733 2757 recens
769 2676 848 2757 nari
877 2675 1052 2758 manibus
1076 2677 1227 2788 gestans
1255 2672 1380 2758 imbre
1404 2665 1673 2758 lachrimaruns

217 2782 391 2899 profuso,
415 2815 569 2872 comam
591 2789 642 2873 ad
670 2784 772 2873 talos
797 2816 921 2903 usque
940 2816 1106 2902 repente
1131 2814 1281 2874 enatam
1307 2790 1566 2901 producebat,
1585 2813 1675 2900 quar

220 2897 354 2987 sensam
376 2899 629 2989 evanesceret.
689 2908 1020 3020 Qtoricscunque
1045 2905 1251 2990 Monachae
1285 2906 1385 2991 stans
1405 2903 1545 2988 diebus
1571 2897 1704 3016 sam,
1799 2932 1802 2945 ’

218 3019 518 3104 Communione
535 3043 753 3135 (uterentur,
775 3013 987 3105 sacrificulo
1018 3047 1066 3104 ex
1084 3024 1314 3105 enumeratis
1330 3020 1438 3132 prius
1465 3013 1674 3132 diligenter
1754 3108 1757 3113 ,

216 3139 327 3245 panis
356 3136 503 3247 mystici
524 3128 708 3219 orbiculis
733 3161 831 3219 unus
856 3129 1007 3246 seniper
1026 3134 1172 3233 deerat,
1196 3163 1316 3248 quem
1343 3129 1578 3248 Magdalena
1596 3133 1669 3217 rni-

216 3250 372 3333 nistcrio
395 3245 619 3362 angelorum
641 3275 844 3362 acceptum
872 3247 912 3334 se
938 3257 1075 3336 inore
1101 3251 1248 3335 habere
1276 3246 1403 3361 palam
1426 3240 1673 3333 ostendebat:

215 3368 320 3448 Hinc
341 3388 446 3448 tanta
467 3369 502 3447 ei
528 3360 731 3448 sanctitatis
749 3361 852 3448 fama
876 3370 1057 3462 accrevit,
1079 3391 1122 3450 ut
1150 3363 1372 3465 Pontifices,
1395 3356 1672 3477 rmperaroresg
1713 3432 1716 3437 ,
1835 3416 1838 3420 -

214 3478 341 3594 Reges
361 3506 432 3592 per
453 3475 596 3565 litteras
614 3485 693 3583 ejus
725 3475 801 3565 sese
861 3479 1014 3564 retibus
1039 3478 1377 3570 commendarentt
1415 3505 1537 3596 atque
1563 3471 1676 3595 adep,

214 3591 354 3680 Caroli
376 3597 423 3681 V.
452 3621 552 3679 uxor
572 3588 794 3708 Philippum
819 3509 940 3680 sliam
969 3597 1014 3678 iis
1039 3590 1185 3693 fasciis,
1215 3623 1312 3709 quas
1334 3591 1567 3710 Magdalena
1595 3592 1676 3687 suis
1741 3650 1745 3661 ·

212 3709 393 3823 predbor
421 3704 878 3824 consecraslcr,primi1m
907 3713 1032 3824 excipi
1050 3715 1209 3809 curarit,
1231 3716 1272 3794 dr
1295 3708 1457 3798 involvi.
1517 3714 1668 3801 Exacto
1740 3725 1743 3730 ’

215 3831 322 3912 annis
342 3829 469 3910 minus
491 3828 701 3939 triginta'in
723 3827 803 3910 hoc
824 3818 1024 3910 diabolico
1045 3830 1229 3941 conjugio
1248 3825 1408 3911 tandem
1432 3821 1500 3912 sub
1521 3854 1674 3923 annunt.

217 3960 341 4047 ¹54⁶·
362 3938 414 4026 ad
439 3936 594 4054 seipsam
612 3934 848 4054 Magdalena
869 3940 1000 4028 redire
1020 3947 1060 4025 dr
1081 3944 1312 4030 doemonem
1336 3941 1514 4026 detestari
1532 3944 1671 4059 coepiu

213 4057 431 4178 &geminae
456 4080 587 4144 autem
607 4051 758 4145 serente
783 4058 1103 4263 AEduopeDhanc
1122 4054 1403 4173 apostasiam&
1430 4053 1561 4145 multis
1577 4083 1668 4261 mg

752 4214 754 4219 ,
961 4242 965 4247 ᾖ
1043 4201 1067 4260 2
