3772 4988
80 473 84 481 ι
204 319 317 433 408
586 313 787 415 Revelat.
806 316 860 418 de
877 315 1067 454 Agreda.
1090 321 1205 417 Pers
1226 320 1286 416 ss.

265 622 274 640 .
337 536 461 615 1473·
499 514 614 604 Tunc
629 523 673 605 B.
688 524 812 635 Virgo
831 517 963 612 locuta
979 521 1053 608 fuit
1077 551 1166 628 cnm
1190 521 1398 628 Joacnim3
1425 517 1575 619 Anna,
1603 517 1668 604 naz

25 717 29 723 .
197 621 342 747 pasta,
365 626 525 714 Adamo
548 637 588 716 dr
612 637 705 721 Eva.
731 641 809 721 dcc.
847 643 916 753 qui
941 667 1079 724 omnes
1096 665 1183 723 earn
1207 658 1464 750 agnoverunt
1488 659 1532 719 ut
1555 634 1668 718 coad-

215 741 392 846 jutricem
416 742 709 875 redemptionis.
754 819 758 827 .
791 757 905 839 Tunc
929 752 1026 863 jussit
1059 747 1229 867 angelis,
1256 773 1299 835 ut
1317 754 1471 859 vidoni
1491 771 1669 833 canerent

149 922 153 927 .
211 873 322 947 nova
339 879 502 946 cantica.

342 999 467 1075 1474·
502 980 545 1059 B.
562 977 686 1090 Virgo
705 977 758 1065 ad
778 1007 842 1066 me
859 979 979 1068 dixitr
1005 983 1138 1068 ‘Dona
1159 982 1293 1065 animae
1312 976 1440 1062 beatae
1458 971 1547 1064 sunt
1566 973 1668 1076 vilio,

215 1076 425 1192 POlseffioa
452 1085 654 1176 &fruitio
739 1122 862 1200 ¹475·
886 1096 953 1180 Ad
975 1099 1109 1182 omnia
1126 1097 1206 1179 haec
1227 1097 1343 1199 ‚dona
1365 1119 1436 1204 per
1458 1086 1667 1202 quodlibet

220 1219 322 1306 opus
344 1205 585 1288 meritorium
607 1203 783 1295 accrescit
805 1237 852 1294 au
882 1235 1069 1303 mentum.
1155 1202 1351 1320 Quolibet
1367 1235 1393 1287 ο
1425 1208 1668 1292 cremento

219 1310 281 1392 tio
302 1317 614 1404 mereturliomo
639 1329 824 1428 maiorem
902 1328 1066 1426 ritatem,
1079 1321 1202 1436 quim
1216 1316 1327 1406 multi
1343 1235 1445 1405 solls
1465 1320 1564 1402 darc
1581 1343 1668 1430 pos·

219 1415 319 1508 sunt
374 1431 523 1541 Quoad
549 1433 735 1522 vibonem
761 1437 962 1523 obtinetur
982 1443 1106 1547 major
1127 1439 1273 1550 agnitio
1288 1439 1387 1524 Deis
1417 1433 1560 1547 quoad
1580 1457 1668 1546 pos·

221 1528 419 1630 selstonem
445 1552 567 1655 major
582 1544 772 1653 securitas,
791 1550 930 1662 quoad
955 1549 1179 1636 fruitionem
1205 1555 1326 1656 major
1348 1577 1472 1633 amor.

250 1760 262 1784 ,
342 1683 465 1761 1477·
504 1667 693 1779 &Virgo
719 1667 807 1777 post
827 1661 1161 1797 Resurrectionem
1176 1691 1256 1776 -pet
1279 1689 1351 1763 40·
1379 1665 1465 1747 dies
1486 1691 1572 1748 non
1595 1665 1666 1747 exi·

222 1787 280 1898 vit
297 1765 320 1852 ὲ
335 1768 586 1866 Coenaculor
613 1784 651 1862 ἃ
674 1781 847 1868 Christus
866 1804 958 1866 toto
974 1806 1025 1866 eo
1047 1804 1241 1892 tempore,
1262 1779 1427 1892 quando
1452 1803 1537 1861 non
1555 1803 1667 1890 appa·

222 1903 299 1966 ruat
316 1877 412 1983 aliis,
433 1887 489 1970 ibi
511 1897 628 1975 cumi
657 1890 694 1977 sa
715 1891 863 1978 manfit.
959 1946 963 1952 ι

342 2017 464 2128 ξ478.
490 2003 568 2090 Dic
583 1923 743 2092 silban
765 2007 816 2090 ad
837 2001 1045 2120 Vesperam
1072 2008 1194 2093 Maria
1217 2000 1455 2119 Magdclena
1483 2009 1525 2089 δι
1552 2005 1665 2089 Maria

222 2105 374 2212 Jacobt,
404 2118 443 2196 dc
463 2109 544 2200 aliae
566 2115 744 2205 mulieres
767 2123 941 2206 exierunt
964 2122 985 2207 ὲ
1008 2115 1230 2209 Coenaculo
1255 2127 1296 2206 in
1319 2124 1530 2218 civitatem,
1562 2123 1599 2201 δι
1619 2118 1666 2201 ibi

225 2245 403 2354 emerunt
425 2232 597 2315 aromata
630 2232 682 2317 de
705 2257 846 2331 novo,
876 2259 921 2319 ut
950 2230 1074 2319 altero
1106 2234 1171 2318 die
1205 2261 1320 2319 mane
1350 2229 1508 2347 possent
1533 2257 1665 2345 corpus

224 2334 367 2420 Chrrstr
387 2340 551 2432 adorate
574 2348 615 2429 δι
646 2371 804 2461 ungere.
890 2349 968 2434 Die
1004 2350 1219 2433 Dominico
1258 2374 1374 2434 mane
1416 2372 1510 2450 ante
1544 2373 1665 2430 ortum

225 2472 373 2538 aurore
392 2479 548 2559 exeunt,
580 2463 620 2545 dr
643 2462 684 2546 in
705 2463 767 2546 via
786 2456 935 2547 tantum
955 2455 1122 2548 sollicite
1147 2486 1253 2547 etant
1276 2461 1329 2547 de
1346 2455 1595 2546 revolvendo
1619 2455 1666 2543 lt-

224 2563 347 2676 pide,
381 2574 475 2685 quia
510 2574 771 2690 ignorabant,
816 2578 1064 2662 constitutam
1088 2572 1198 2662 fuisse
1227 2573 1252 2662 d
1284 2572 1411 2662 Pilato
1444 2575 1667 2659 custodiam.

226 2682 598 2784 Quandoeniemnt
613 2689 764 2790 domo,
786 2713 867 2776 erat
887 2691 1015 2776 adhuc
1031 2714 1127 2788 nox,
1152 2694 1193 2774 dr
1218 2689 1384 2804 quando
1409 2710 1605 2773 venerunt
1624 2684 1668 2770 ad

225 2789 506 2905 Sepulchrum,
540 2809 617 2908 iam
648 2828 757 2892 ortus
793 2800 920 2889 fuerat
938 2799 1023 2902 sol,
1054 2805 1244 2918 quia-hoc
1261 2804 1328 2888 die
1349 2797 1408 2887 sol
1427 2802 1553 2887 tribus
1572 2803 1668 2887 horis

225 2915 410 2998 maturius
431 2939 538 3002 ortus
555 2919 632 3019 est,
651 2942 696 3006 ut
718 2917 985 3032 compensaret
1015 2913 1327 3006 obscurationem
1350 2916 1596 3004 tributariam
1620 2911 1668 2998 s·

225 3021 327 3108 dam
345 3029 387 3120 iu
409 3051 539 3122 morte
559 3031 712 3121 Christi.
815 3072 819 3081 ¹

345 3173 471 3250 1479·
499 3146 609 3234 Cum
626 3143 804 3232 mulieres
826 3142 1085 3233 deliberarent
1097 3144 1151 3231 de
1167 3142 1415 3231 revolvendo
1427 3144 1563 3258 lapide
1579 3167 1669 3259 qua·

228 3260 303 3344 dro
323 3261 373 3348 ab
391 3266 491 3350 ostio
512 3286 667 3376 cryptae,
678 3258 800 3346 fanus
814 3260 868 3344 est
887 3284 995 3347 tetta
1011 3284 1166 3350 motusr
1195 3266 1235 3344 dc
1258 3253 1419 3373 angelus
1436 3257 1608 3345 revolvit
1622 3252 1669 3340 la·

177 3402 181 3414 ’
227 3372 375 3485 pidem,
397 3381 576 3490 quamvis
599 3395 692 3462 tunc
711 3400 852 3487 corpus
878 3375 1044 3462 Domini
1070 3401 1153 3460 non
1175 3371 1290 3459 fucrit
1318 3367 1483 3485 amplius
1506 3369 1670 3487 presens.

350 3511 473 3591 1480.
512 3483 698 3577 Mulieres
714 3486 765 3573 sic
785 3487 992 3580 admonita
1015 3488 1067 3573 ab
1095 3483 1241 3602 angelis
1270 3485 1444 3597 duobus·
1457 3484 1670 3591 sedennbus

228 3597 281 3685 ad
299 3625 611 3702 monumentum,
636 3603 768 3690 statim
782 3599 938 3688 reverse
960 3600 1045 3689 sunt
1071 3627 1120 3687 ex
1135 3595 1379 3717 sepulchro,
1406 3627 1493 3716 quo
1514 3606 1669 3688 intrate·

229 3739 328 3817 narrt,
353 3723 394 3804 dc
422 3720 694 3806 nuntiaverunt
708 3712 1024 3807 resunedtionem
1047 3715 1231 3802 undecim
1252 3709 1459 3827 discipulis.
1516 3718 1670 3810 Interea,

231 3826 326 3919 dum
351 3831 530 3922 mulieres
557 3831 638 3919 boc
661 3835 839 3921 nuntiant
869 3828 1077 3948 apostolis,
1105 3825 1246 3916 milites
1275 3833 1417 3939 iterum
1448 3852 1673 3943 recuperato

229 3942 873 4062 comarumcomarum&
891 3973 973 4035 non
993 3967 1150 4060 reperto
1166 3968 1333 4058 corpore
1347 3946 1487 4030 onnia
1501 3948 1673 4032 nuntiant

206 4059 384 4182 summis
407 4061 697 4154 Sacerdotibus

1565 4185 1676 4275 1481:
