3796 4994
96 294 103 309 '
216 303 318 437 264
597 318 797 420 aeveus.
816 319 869 418 ae
891 318 1078 453 Agrea.
1097 325 1253 416 rarsi.

335 541 431 619 303.
472 519 645 628 Quando
667 525 857 635 plincipes
879 518 1060 608 catholici
1086 525 1125 604 in
1147 520 1438 606 conservatione
1463 508 1563 652 {idei
1578 522 1597 645 ι’,
1623 517 1661 596 iti

218 622 460 713 debellandis
480 629 755 736 scissionibus,
782 645 822 718 in
850 633 962 721 bellis
997 660 1132 719 contra
1154 632 1329 718 infideles
1363 630 1451 715 sunt
1473 625 1661 724 infelices,

215 738 260 823 id
287 746 471 851 provenit
496 769 546 827 ex
570 773 636 845 eo,
657 752 849 861 quianon
873 751 1072 860 respiciunt
1093 749 1145 830 ad
1179 751 1278 831 hanc
1305 742 1448 830 stellam
1469 738 1660 856 polatcm,

218 857 259 933 &
280 857 372 965 quia
398 857 559 940 Mariam
583 887 666 944 non
690 863 925 947 constituunt
944 891 1019 975 pro
1037 862 1264 946 immediato
1285 860 1409 972 scopo
1432 854 1595 942 suorum
1616 880 1660 938 o·

214 991 353 1077 perum
373 972 412 1050 &
434 974 728 1083 cogitationum.
751 1000 755 1013 “
1189 1085 1195 1090 p
1397 1090 1405 1104 ⁹
1491 1087 1499 1104 ·
1558 1088 1568 1105 ο

338 1106 433 1181 304.
462 1091 501 1167 O
520 1088 749 1199 Supremum
774 1092 906 1202 Caput
926 1084 1122 1186 Eccleliae,
1146 1094 1184 1171 &
1210 1108 1407 1199 purpurati
1440 1109 1660 1198 principos

218 1195 258 1274 O
282 1196 368 1276 Rex
385 1197 591 1309 Hispanias
619 1202 671 1286 ad
696 1231 798 1317 quos
815 1231 863 1287 ex
880 1203 1064 1286 mandato
1079 1193 1239 1286 altitiimi
1258 1203 1359 1283 hanc
1377 1226 1508 1282 meam
1522 1226 1662 1332 ‘veram

216 1305 527 1396 admoniu'onem
542 1315 693 1428 dirigor
721 1317 909 1431 deponite
928 1318 1065 1401 vestras
1083 1341 1247 1399 coronas
1264 1320 1302 1396 &
1322 1313 1595 1443 Monarchtam
1613 1312 1683 1399 ad.

216 1419 341 1529 pedes
354 1423 467 1530 hujus
481 1429 751 1537 imperatricist
773 1435 931 1545 quarite
950 1432 1049 1512 hanc
1068 1431 1332 1540 reparatricem
1352 1453 1507 1558 generis
1529 1428 1661 1511 huma·

219 1537 273 1633 ni,
296 1539 336 1616 δι
358 1536 559 1653 confugite
576 1545 627 1626 ad
646 1540 773 1636 illamt
804 1571 894 1628 nam
918 1550 958 1626 in
980 1543 1094 1656 ipfius
1118 1544 1294 1627 manibus
1316 1562 1565 1654 reperiuntur
1587 1537 1660 1626 cla-

220 1671 287 1728 ves
308 1646 517 1739 voluntatis
534 1654 672 1741 divina
699 1663 737 1741 &
764 1654 1026 1742 thesaurorum
1053 1660 1140 1742 Dei.
1568 1768 1580 1787 ·

338 1785 432 1865 308·
460 1764 577 1854 Nihil
602 1768 764 1858 intrabit
789 1773 1081 1882 coinquinatum.
1146 1771 1185 1852 si
1215 1792 1442 1882 peccatores
1464 1790 1660 1901 poentcen·

218 1895 277 1958 tes
297 1873 490 1966 humiliter
512 1882 563 1966 ad
584 1909 737 1994 portam
758 1889 867 1990 liujus
887 1890 1047 1968 civitatis
1066 1885 1263 1980 accedant,
1286 1883 1500 1994 quaerendo
1520 1905 1660 1994 purita-

217 2011 298 2071 tem
322 1997 463 2103 gratia,
491 2021 575 2080 eam
597 2001 849 2085 invenientia
862 2000 936 2082 hac
957 2023 1071 2111 porta
1087 1991 1250 2082 coelestis
1271 1999 1451 2109 Reginacs
1484 2021 1661 2080 neceam

218 2106 415 2196 invenient
433 2112 475 2190 in
494 2105 572 2192 ulla
596 2106 668 2194 alia
689 2137 816 2222 porta.
1503 2126 1513 2147 ’·

264 2308 268 2315 .
337 2244 431 2317 309.
461 2227 503 2302 Β.
521 2225 644 2335 Virgo
668 2225 721 2308 ad
741 2253 804 2310 me
823 2225 941 2312 dixit:
967 2223 1074 2324 lilia,
1093 2228 1271 2312 memoria
1285 2248 1352 2309 tua
1368 2221 1524 2357 semper
1546 2221 1592 2306 fit
1607 2219 1658 2307 as·

216 2327 295 2411 fixa
318 2331 685 2423 inconsideratione
707 2336 869 2426 essentia
889 2343 1038 2439 divina,
1060 2345 1100 2423 &
1120 2335 1404 2452 perfectionum
1425 2338 1660 2425 divmarumt

217 2465 291 2527 nec
312 2444 463 2531 abhoc
487 2449 706 2562 impediatis
726 2479 798 2569 per
827 2457 1082 2544 attentionem
1109 2453 1161 2539 ad
1180 2451 1293 2539 aliam
1317 2479 1424 2549 rein,
1454 2474 1660 2566 quantum·

215 2581 376 2672 cunque
396 2561 649 2650 necessariam.

338 2703 431 2772 3¹0·
460 2683 499 2761 0
516 2681 700 2778 Domina,
718 2681 784 2766 SS.
806 2684 972 2769 Trinitas
992 2682 1062 2768 tibi
1080 2679 1265 2793 promsit,
1291 2680 1404 2794 quod
1425 2674 1581 2793 semper
1594 2704 1660 2762 vc·

217 2779 262 2869 lit
284 2788 516 2886 concedere,
538 2821 625 2904 quae
641 2800 697 2877 vis
716 2799 754 2875 δι
778 2803 890 2908 petis,
914 2798 1224 2910 necquidquam
1243 2795 1315 2880 tibi
1340 2796 1551 2906 denegare.

338 2926 432 3001 311.
485 2908 577 2988 Poll
604 2913 902 3020 conceptionem
926 2916 971 2996 B.
997 2916 1121 3024 Virgo
1149 2911 1269 2994 statim
1299 2910 1433 2995 exarsit
1459 2917 1500 2992 itt
1530 2932 1659 3038 amore

219 3007 385 3112 divino,
411 3043 544 3130 quem
559 3043 649 3105 toto
676 3026 762 3107 vitae
785 3046 965 3137 ternpore
989 3050 1190 3138 nunquam
1218 3027 1436 3135 interrupit.
1516 3019 1660 3106 Habut

218 3131 334 3213 etiam
359 3155 399 3327 ξ
428 3156 540 3217 utero
567 3158 742 3220 materno
770 3161 847 3222 tres
874 3136 1061 3222 visonem
1091 3137 1351 3222 abſtractivam
1380 3140 1485 3233 Dei,
1521 3159 1660 3246 nempe

132 3324 135 3331 .
218 3245 257 3324 in
290 3273 357 3328 mo
400 3272 495 3331 ento
527 3248 836 3361 Conceptionis,
863 3256 903 3337 in
935 3253 1070 3337 medio
1099 3279 1244 3339 novem
1280 3249 1496 3349 mensum,
1527 3254 1569 3334 dc
1597 3249 1659 3330 die

216 3360 459 3464 precedente
485 3387 648 3473 partum.
1381 3452 1384 3458 ,
1462 3433 1467 3439 ,

337 3500 431 3570 312.
458 3477 564 3560 Cum
591 3482 634 3560 B.
661 3481 784 3592 Virgo
814 3483 954 3586 jamin
988 3506 1102 3567 utero
1127 3505 1303 3566 materno
1326 3477 1505 3564 habuerit
1534 3471 1658 3592 perfe-

219 3579 415 3670 uiffimum
438 3588 544 3673 usum
569 3595 752 3692 rationis,
779 3599 950 3680 exercuit
975 3590 1015 3679 fe
1034 3598 1075 3679 in
1101 3597 1293 3680 continuis
1320 3594 1565 3679 orationibus
1588 3617 1659 3701 pro

170 3776 174 3783 .
217 3724 363 3812 genere
382 3702 580 3806 humano,
612 3709 653 3789 dt
677 3712 717 3790 in
744 3710 892 3795 astibus
918 3713 1061 3794 amoris
1092 3705 1332 3822 aliarumque
1361 3710 1567 3795 virtutumr
1604 3704 1657 3787 ob

216 3813 415 4013 hopsnon
451 3813 562 3905 senfit
600 3823 941 3911 incommoditates
977 3819 1077 3909 illius
1119 3826 1262 3920 status,
1296 3849 1369 3909 iiec
1402 3822 1455 3932 ad
1484 3818 1571 3909 illas
1605 3844 1657 3905 at-

215 3950 280 4013 ten
310 3952 351 4015 it.

1570 4195 1659 4273 31³·
