<?xml version="1.0" encoding="UTF-8"?>
<!DOCTYPE html PUBLIC "-//W3C//DTD XHTML 1.0 Transitional//EN"
    "http://www.w3.org/TR/xhtml1/DTD/xhtml1-transitional.dtd">
<html xmlns="http://www.w3.org/1999/xhtml" xml:lang="en" lang="en">
 <head>
  <title>
</title>
<meta http-equiv="Content-Type" content="text/html;charset=utf-8" />
  <meta name='ocr-system' content='tesseract 3.04.00' />
  <meta name='ocr-capabilities' content='ocr_page ocr_carea ocr_par ocr_line ocrx_word'/>
</head>
<body>
  <div class='ocr_page' id='page_1' title='image "./derevelationibu00amorgoog_0488.png"; bbox 0 0 3796 4994; ppageno 0'>
   <div class='ocr_carea' id='block_1_1' title="bbox 107 214 1341 418">
    <p class='ocr_par' dir='ltr' id='par_1_1' title="bbox 107 214 1341 418">
     <span class='ocr_line' id='line_1_1' title="bbox 107 214 1341 418; baseline 0.002 -39"><span class='ocrx_word' id='word_1_1' title='bbox 107 364 118 379; x_wconf 94' lang='lat'>.</span> <span class='ocrx_word' id='word_1_2' title='bbox 212 214 316 407; x_wconf 68' lang='lat' dir='ltr'>&#39;lssl</span> <span class='ocrx_word' id='word_1_3' title='bbox 527 284 731 384; x_wconf 74' lang='lat' dir='ltr'>uenerat.</span> <span class='ocrx_word' id='word_1_4' title='bbox 752 286 797 382; x_wconf 87' lang='lat' dir='ltr'>S.</span> <span class='ocrx_word' id='word_1_5' title='bbox 823 274 1073 413; x_wconf 69' lang='lat' dir='ltr'>Elr&#39;fiabetbae</span> <span class='ocrx_word' id='word_1_6' title='bbox 1093 279 1341 418; x_wconf 72' lang='lat' dir='ltr'>Scbbnaug.</span> 
     </span>
    </p>
   </div>
   <div class='ocr_carea' id='block_1_2' title="bbox 137 483 1699 4018">
    <p class='ocr_par' dir='ltr' id='par_1_2' title="bbox 262 483 1663 679">
     <span class='ocr_line' id='line_1_2' title="bbox 262 483 1663 605; baseline 0.007 -41"><span class='ocrx_word' id='word_1_7' title='bbox 262 483 437 605; x_wconf 84' lang='lat' dir='ltr'>principe</span> <span class='ocrx_word' id='word_1_8' title='bbox 491 484 781 573; x_wconf 71' lang='lat' dir='ltr'>doemoniorum</span> <span class='ocrx_word' id='word_1_9' title='bbox 826 494 867 572; x_wconf 92' lang='lat' dir='ltr'>in</span> <span class='ocrx_word' id='word_1_10' title='bbox 915 486 1230 602; x_wconf 85' lang='lat' dir='ltr'>profundissimas</span> <span class='ocrx_word' id='word_1_11' title='bbox 1272 486 1454 573; x_wconf 80' lang='lat' dir='ltr'>tenebras</span> <span class='ocrx_word' id='word_1_12' title='bbox 1499 484 1663 573; x_wconf 83' lang='lat' dir='ltr'>deruerfi</span> 
     </span>
     <span class='ocr_line' id='line_1_3' title="bbox 267 606 364 679; baseline 0.01 -1"><span class='ocrx_word' id='word_1_13' title='bbox 267 606 364 679; x_wconf 87' lang='lat' dir='ltr'>lunt.</span> 
     </span>
    </p>

    <p class='ocr_par' dir='ltr' id='par_1_3' title="bbox 212 706 1664 1735">
     <span class='ocr_line' id='line_1_4' title="bbox 212 706 1663 826; baseline 0.004 -32"><span class='ocrx_word' id='word_1_14' title='bbox 212 711 263 794; x_wconf 86' lang='lat' dir='ltr'>C.</span> <span class='ocrx_word' id='word_1_15' title='bbox 285 740 322 810; x_wconf 89' lang='lat'>4.</span> <span class='ocrx_word' id='word_1_16' title='bbox 354 710 473 795; x_wconf 87' lang='lat' dir='ltr'>Videt</span> <span class='ocrx_word' id='word_1_17' title='bbox 493 716 668 826; x_wconf 89' lang='lat' dir='ltr'>mysteria</span> <span class='ocrx_word' id='word_1_18' title='bbox 689 713 866 825; x_wconf 82' lang='lat' dir='ltr'>passionis</span> <span class='ocrx_word' id='word_1_19' title='bbox 887 718 923 796; x_wconf 74' lang='grc' dir='ltr'><strong>ἃ</strong></span> <span class='ocrx_word' id='word_1_20' title='bbox 948 706 1258 799; x_wconf 77' lang='lat' dir='ltr'>Rcsuneuionis.</span> <span class='ocrx_word' id='word_1_21' title='bbox 1339 717 1394 801; x_wconf 86' lang='lat' dir='ltr'>N.</span> <span class='ocrx_word' id='word_1_22' title='bbox 1421 743 1486 816; x_wconf 79' lang='lat'>55.</span> <span class='ocrx_word' id='word_1_23' title='bbox 1516 716 1663 800; x_wconf 75' lang='lat' dir='ltr'>Viutto</span> 
     </span>
     <span class='ocr_line' id='line_1_5' title="bbox 266 823 1664 940; baseline 0.004 -33"><span class='ocrx_word' id='word_1_24' title='bbox 266 826 448 908; x_wconf 90' lang='lat' dir='ltr'>Domino</span> <span class='ocrx_word' id='word_1_25' title='bbox 471 831 511 910; x_wconf 91' lang='lat' dir='ltr'>iu</span> <span class='ocrx_word' id='word_1_26' title='bbox 546 855 683 911; x_wconf 88' lang='lat' dir='ltr'>moure</span> <span class='ocrx_word' id='word_1_27' title='bbox 709 825 855 912; x_wconf 85' lang='lat' dir='ltr'>oliveti</span> <span class='ocrx_word' id='word_1_28' title='bbox 882 828 991 910; x_wconf 91' lang='lat' dir='ltr'>videt</span> <span class='ocrx_word' id='word_1_29' title='bbox 1016 823 1220 938; x_wconf 89' lang='lat' dir='ltr'>discipulos</span> <span class='ocrx_word' id='word_1_30' title='bbox 1241 826 1377 940; x_wconf 75' lang='lat' dir='ltr'>adsita</span> <span class='ocrx_word' id='word_1_31' title='bbox 1401 824 1563 913; x_wconf 82' lang='lat' dir='ltr'>latibula</span> <span class='ocrx_word' id='word_1_32' title='bbox 1587 827 1664 913; x_wconf 73' lang='lat' dir='ltr'>iis-</span> 
     </span>
     <span class='ocr_line' id='line_1_6' title="bbox 268 938 1662 1053; baseline 0.005 -33"><span class='ocrx_word' id='word_1_33' title='bbox 268 963 436 1024; x_wconf 84' lang='lat' dir='ltr'>currere.</span> <span class='ocrx_word' id='word_1_34' title='bbox 522 946 576 1025; x_wconf 88' lang='lat' dir='ltr'>N.</span> <span class='ocrx_word' id='word_1_35' title='bbox 607 959 667 1039; x_wconf 79' lang='lat'>56.</span> <span class='ocrx_word' id='word_1_36' title='bbox 691 949 774 1026; x_wconf 85' lang='lat' dir='ltr'>ait:</span> <span class='ocrx_word' id='word_1_37' title='bbox 818 942 909 1026; x_wconf 86' lang='lat' dir='ltr'>Vidi</span> <span class='ocrx_word' id='word_1_38' title='bbox 936 943 1152 1024; x_wconf 88' lang='lat' dir='ltr'>Dominum</span> <span class='ocrx_word' id='word_1_39' title='bbox 1179 950 1220 1025; x_wconf 85' lang='lat' dir='ltr'>in</span> <span class='ocrx_word' id='word_1_40' title='bbox 1247 944 1406 1037; x_wconf 91' lang='lat' dir='ltr'>Cruce,</span> <span class='ocrx_word' id='word_1_41' title='bbox 1445 948 1573 1053; x_wconf 91' lang='lat' dir='ltr'>inque</span> <span class='ocrx_word' id='word_1_42' title='bbox 1599 938 1662 1027; x_wconf 85' lang='lat' dir='ltr'>illa</span> 
     </span>
     <span class='ocr_line' id='line_1_7' title="bbox 268 1050 1663 1168; baseline 0.004 -32"><span class='ocrx_word' id='word_1_43' title='bbox 268 1050 366 1136; x_wconf 89' lang='lat' dir='ltr'>hora</span> <span class='ocrx_word' id='word_1_44' title='bbox 384 1052 504 1139; x_wconf 81' lang='lat' dir='ltr'>emisit</span> <span class='ocrx_word' id='word_1_45' title='bbox 525 1052 707 1168; x_wconf 90' lang='lat' dir='ltr'>spiritum,</span> <span class='ocrx_word' id='word_1_46' title='bbox 734 1051 971 1167; x_wconf 79' lang='lat' dir='ltr'>&amp;inclinata</span> <span class='ocrx_word' id='word_1_47' title='bbox 995 1057 1049 1138; x_wconf 90' lang='lat' dir='ltr'>est</span> <span class='ocrx_word' id='word_1_48' title='bbox 1071 1061 1199 1139; x_wconf 87' lang='lat' dir='ltr'>cervix</span> <span class='ocrx_word' id='word_1_49' title='bbox 1220 1062 1321 1162; x_wconf 68' lang='lat' dir='ltr'>eiust</span> <span class='ocrx_word' id='word_1_50' title='bbox 1361 1056 1538 1139; x_wconf 86' lang='lat' dir='ltr'>concidit</span> <span class='ocrx_word' id='word_1_51' title='bbox 1561 1080 1663 1141; x_wconf 86' lang='lat' dir='ltr'>ama·</span> 
     </span>
     <span class='ocr_line' id='line_1_8' title="bbox 265 1162 1663 1282; baseline 0.003 -32"><span class='ocrx_word' id='word_1_52' title='bbox 265 1162 352 1259; x_wconf 82' lang='lat' dir='ltr'>bile</span> <span class='ocrx_word' id='word_1_53' title='bbox 375 1192 503 1280; x_wconf 89' lang='lat' dir='ltr'>caput,</span> <span class='ocrx_word' id='word_1_54' title='bbox 533 1166 763 1281; x_wconf 83' lang='lat' dir='ltr'>complicata</span> <span class='ocrx_word' id='word_1_55' title='bbox 786 1166 871 1254; x_wconf 92' lang='lat' dir='ltr'>sunt</span> <span class='ocrx_word' id='word_1_56' title='bbox 894 1196 1040 1282; x_wconf 81' lang='lat' dir='ltr'>genua,</span> <span class='ocrx_word' id='word_1_57' title='bbox 1067 1173 1106 1251; x_wconf 78' lang='grc' dir='ltr'>δι</span> <span class='ocrx_word' id='word_1_58' title='bbox 1125 1176 1256 1252; x_wconf 89' lang='lat' dir='ltr'>omnia</span> <span class='ocrx_word' id='word_1_59' title='bbox 1279 1177 1361 1272; x_wconf 84' lang='lat' dir='ltr'>ejus</span> <span class='ocrx_word' id='word_1_60' title='bbox 1382 1166 1564 1253; x_wconf 81' lang='lat' dir='ltr'>membra</span> <span class='ocrx_word' id='word_1_61' title='bbox 1593 1169 1663 1255; x_wconf 88' lang='lat' dir='ltr'>de·</span> 
     </span>
     <span class='ocr_line' id='line_1_9' title="bbox 270 1276 1664 1396; baseline 0.004 -33"><span class='ocrx_word' id='word_1_62' title='bbox 270 1276 397 1364; x_wconf 92' lang='lat' dir='ltr'>orsum</span> <span class='ocrx_word' id='word_1_63' title='bbox 423 1279 655 1368; x_wconf 90' lang='lat' dir='ltr'>resederunt.</span> <span class='ocrx_word' id='word_1_64' title='bbox 739 1289 831 1368; x_wconf 87' lang='lat' dir='ltr'>Hoc</span> <span class='ocrx_word' id='word_1_65' title='bbox 852 1310 1018 1394; x_wconf 91' lang='lat' dir='ltr'>quoque</span> <span class='ocrx_word' id='word_1_66' title='bbox 1041 1283 1135 1379; x_wconf 90' lang='lat' dir='ltr'>vidi,</span> <span class='ocrx_word' id='word_1_67' title='bbox 1155 1280 1319 1396; x_wconf 79' lang='lat' dir='ltr'>qualiter</span> <span class='ocrx_word' id='word_1_68' title='bbox 1340 1308 1439 1366; x_wconf 89' lang='lat' dir='ltr'>unus</span> <span class='ocrx_word' id='word_1_69' title='bbox 1460 1306 1664 1368; x_wconf 85' lang='lat' dir='ltr'>accurrens</span> 
     </span>
     <span class='ocr_line' id='line_1_10' title="bbox 270 1389 1664 1507; baseline 0.006 -32"><span class='ocrx_word' id='word_1_70' title='bbox 270 1389 443 1478; x_wconf 78' lang='lat' dir='ltr'>lanceam</span> <span class='ocrx_word' id='word_1_71' title='bbox 463 1393 572 1480; x_wconf 88' lang='lat' dir='ltr'>lateri</span> <span class='ocrx_word' id='word_1_72' title='bbox 594 1404 675 1500; x_wconf 81' lang='lat' dir='ltr'>ejus</span> <span class='ocrx_word' id='word_1_73' title='bbox 697 1396 840 1498; x_wconf 85' lang='lat' dir='ltr'>infixit,</span> <span class='ocrx_word' id='word_1_74' title='bbox 865 1400 904 1478; x_wconf 78' lang='grc' dir='ltr'>δι</span> <span class='ocrx_word' id='word_1_75' title='bbox 925 1400 1114 1481; x_wconf 88' lang='lat' dir='ltr'>continuo</span> <span class='ocrx_word' id='word_1_76' title='bbox 1139 1423 1188 1480; x_wconf 91' lang='lat' dir='ltr'>co</span> <span class='ocrx_word' id='word_1_77' title='bbox 1216 1394 1317 1479; x_wconf 86' lang='lat' dir='ltr'>iosus</span> <span class='ocrx_word' id='word_1_78' title='bbox 1345 1391 1493 1506; x_wconf 84' lang='lat' dir='ltr'>sanguis</span> <span class='ocrx_word' id='word_1_79' title='bbox 1520 1403 1664 1507; x_wconf 87' lang='lat' dir='ltr'>pariter</span> 
     </span>
     <span class='ocr_line' id='line_1_11' title="bbox 272 1425 1663 1623; baseline 0.004 -32"><span class='ocrx_word' id='word_1_80' title='bbox 272 1534 361 1591; x_wconf 91' lang='lat' dir='ltr'>cum</span> <span class='ocrx_word' id='word_1_81' title='bbox 382 1535 483 1619; x_wconf 81' lang='lat' dir='ltr'>aqua</span> <span class='ocrx_word' id='word_1_82' title='bbox 508 1516 726 1611; x_wconf 82' lang='lat' dir='ltr'>emanavit3</span> <span class='ocrx_word' id='word_1_83' title='bbox 755 1517 793 1593; x_wconf 77' lang='grc' dir='ltr'>δι</span> <span class='ocrx_word' id='word_1_84' title='bbox 821 1515 923 1595; x_wconf 84' lang='lat' dir='ltr'>Ecce</span> <span class='ocrx_word' id='word_1_85' title='bbox 950 1506 1076 1621; x_wconf 83' lang='lat' dir='ltr'>caligo</span> <span class='ocrx_word' id='word_1_86' title='bbox 1103 1425 1218 1593; x_wconf 56' lang='lat' dir='ltr'>deols</span> <span class='ocrx_word' id='word_1_87' title='bbox 1249 1514 1287 1592; x_wconf 77' lang='grc' dir='ltr'>ἀ</span> <span class='ocrx_word' id='word_1_88' title='bbox 1308 1505 1519 1593; x_wconf 83' lang='lat' dir='ltr'>borribrlis</span> <span class='ocrx_word' id='word_1_89' title='bbox 1552 1509 1663 1623; x_wconf 88' lang='lat' dir='ltr'>super</span> 
     </span>
     <span class='ocr_line' id='line_1_12' title="bbox 270 1618 1661 1735; baseline 0.001 -29"><span class='ocrx_word' id='word_1_90' title='bbox 270 1624 479 1706; x_wconf 86' lang='lat' dir='ltr'>universam</span> <span class='ocrx_word' id='word_1_91' title='bbox 498 1649 636 1708; x_wconf 88' lang='lat' dir='ltr'>terram</span> <span class='ocrx_word' id='word_1_92' title='bbox 665 1648 749 1708; x_wconf 85' lang='lat' dir='ltr'>orta</span> <span class='ocrx_word' id='word_1_93' title='bbox 778 1626 845 1721; x_wconf 87' lang='lat' dir='ltr'>est,</span> <span class='ocrx_word' id='word_1_94' title='bbox 869 1629 906 1708; x_wconf 78' lang='grc' dir='ltr'>δι</span> <span class='ocrx_word' id='word_1_95' title='bbox 927 1622 1010 1705; x_wconf 83' lang='lat' dir='ltr'>saxa</span> <span class='ocrx_word' id='word_1_96' title='bbox 1029 1650 1098 1734; x_wconf 92' lang='lat' dir='ltr'>per</span> <span class='ocrx_word' id='word_1_97' title='bbox 1119 1650 1233 1735; x_wconf 84' lang='lat' dir='ltr'>agros</span> <span class='ocrx_word' id='word_1_98' title='bbox 1250 1618 1468 1706; x_wconf 73' lang='lat' dir='ltr'>terribiliter</span> <span class='ocrx_word' id='word_1_99' title='bbox 1496 1650 1661 1708; x_wconf 87' lang='lat' dir='ltr'>concur·</span> 
     </span>
    </p>

    <p class='ocr_par' dir='ltr' id='par_1_4' title="bbox 172 1732 1663 2194">
     <span class='ocr_line' id='line_1_13' title="bbox 172 1732 1663 1838; baseline 0.003 -19"><span class='ocrx_word' id='word_1_100' title='bbox 172 1778 189 1789; x_wconf 89' lang='lat'>-·</span> <span class='ocrx_word' id='word_1_101' title='bbox 272 1761 358 1819; x_wconf 90' lang='lat' dir='ltr'>rere</span> <span class='ocrx_word' id='word_1_102' title='bbox 378 1741 416 1821; x_wconf 81' lang='grc' dir='ltr'>δι</span> <span class='ocrx_word' id='word_1_103' title='bbox 439 1732 587 1836; x_wconf 88' lang='lat' dir='ltr'>collidi,</span> <span class='ocrx_word' id='word_1_104' title='bbox 611 1745 649 1822; x_wconf 72' lang='grc' dir='ltr'>ἃ</span> <span class='ocrx_word' id='word_1_105' title='bbox 677 1738 795 1824; x_wconf 89' lang='lat' dir='ltr'>scindi</span> <span class='ocrx_word' id='word_1_106' title='bbox 817 1734 893 1822; x_wconf 88' lang='lat' dir='ltr'>visa</span> <span class='ocrx_word' id='word_1_107' title='bbox 910 1732 1005 1821; x_wconf 87' lang='lat' dir='ltr'>suut.</span> <span class='ocrx_word' id='word_1_108' title='bbox 1061 1741 1110 1820; x_wconf 87' lang='lat' dir='ltr'>Et</span> <span class='ocrx_word' id='word_1_109' title='bbox 1132 1742 1187 1821; x_wconf 89' lang='lat' dir='ltr'>N.</span> <span class='ocrx_word' id='word_1_110' title='bbox 1213 1766 1277 1838; x_wconf 82' lang='lat'>57·</span> <span class='ocrx_word' id='word_1_111' title='bbox 1303 1736 1394 1820; x_wconf 89' lang='lat' dir='ltr'>Vidi</span> <span class='ocrx_word' id='word_1_112' title='bbox 1416 1737 1595 1835; x_wconf 91' lang='lat' dir='ltr'>bortum,</span> <span class='ocrx_word' id='word_1_113' title='bbox 1621 1743 1663 1824; x_wconf 88' lang='lat' dir='ltr'>iu</span> 
     </span>
     <span class='ocr_line' id='line_1_14' title="bbox 273 1848 1660 1965; baseline 0.001 -32"><span class='ocrx_word' id='word_1_114' title='bbox 273 1877 359 1965; x_wconf 94' lang='lat' dir='ltr'>quo</span> <span class='ocrx_word' id='word_1_115' title='bbox 381 1873 461 1936; x_wconf 86' lang='lat' dir='ltr'>erat</span> <span class='ocrx_word' id='word_1_116' title='bbox 482 1879 806 1947; x_wconf 86' lang='lat' dir='ltr'>monumentum,</span> <span class='ocrx_word' id='word_1_117' title='bbox 828 1858 867 1934; x_wconf 79' lang='grc' dir='ltr'>δι</span> <span class='ocrx_word' id='word_1_118' title='bbox 890 1854 991 1936; x_wconf 85' lang='lat' dir='ltr'>Ecce</span> <span class='ocrx_word' id='word_1_119' title='bbox 1014 1873 1190 1935; x_wconf 87' lang='lat' dir='ltr'>matrona</span> <span class='ocrx_word' id='word_1_120' title='bbox 1213 1848 1391 1963; x_wconf 78' lang='lat' dir='ltr'>quedam</span> <span class='ocrx_word' id='word_1_121' title='bbox 1412 1854 1576 1935; x_wconf 86' lang='lat' dir='ltr'>veniens</span> <span class='ocrx_word' id='word_1_122' title='bbox 1600 1879 1660 1936; x_wconf 86' lang='lat' dir='ltr'>ac·</span> 
     </span>
     <span class='ocr_line' id='line_1_15' title="bbox 272 1959 1660 2076; baseline 0.001 -27"><span class='ocrx_word' id='word_1_123' title='bbox 272 1964 374 2049; x_wconf 79' lang='lat' dir='ltr'>cessit</span> <span class='ocrx_word' id='word_1_124' title='bbox 394 1964 445 2048; x_wconf 87' lang='lat' dir='ltr'>ad</span> <span class='ocrx_word' id='word_1_125' title='bbox 461 1959 757 2050; x_wconf 85' lang='lat' dir='ltr'>monumentum</span> <span class='ocrx_word' id='word_1_126' title='bbox 778 1962 948 2076; x_wconf 87' lang='lat' dir='ltr'>plorans,</span> <span class='ocrx_word' id='word_1_127' title='bbox 975 1969 1015 2045; x_wconf 80' lang='grc' dir='ltr'>δι</span> <span class='ocrx_word' id='word_1_128' title='bbox 1039 1963 1288 2076; x_wconf 84' lang='lat' dir='ltr'>introspexit,</span> <span class='ocrx_word' id='word_1_129' title='bbox 1312 1970 1351 2047; x_wconf 80' lang='grc' dir='ltr'>δι</span> <span class='ocrx_word' id='word_1_130' title='bbox 1387 1991 1469 2048; x_wconf 92' lang='lat' dir='ltr'>non</span> <span class='ocrx_word' id='word_1_131' title='bbox 1499 1970 1660 2051; x_wconf 88' lang='lat' dir='ltr'>invento</span> 
     </span>
     <span class='ocr_line' id='line_1_16' title="bbox 272 2074 1660 2194; baseline 0.004 -35"><span class='ocrx_word' id='word_1_132' title='bbox 272 2079 328 2162; x_wconf 93' lang='lat' dir='ltr'>ibi</span> <span class='ocrx_word' id='word_1_133' title='bbox 351 2106 516 2189; x_wconf 86' lang='lat' dir='ltr'>corpore</span> <span class='ocrx_word' id='word_1_134' title='bbox 549 2078 655 2194; x_wconf 81' lang='lat' dir='ltr'>quasi</span> <span class='ocrx_word' id='word_1_135' title='bbox 683 2082 818 2162; x_wconf 83' lang='lat' dir='ltr'>moesia</span> <span class='ocrx_word' id='word_1_136' title='bbox 843 2074 1039 2189; x_wconf 92' lang='lat' dir='ltr'>paululum</span> <span class='ocrx_word' id='word_1_137' title='bbox 1070 2077 1225 2163; x_wconf 82' lang='lat' dir='ltr'>recessit.</span> <span class='ocrx_word' id='word_1_138' title='bbox 1320 2083 1500 2162; x_wconf 87' lang='lat' dir='ltr'>Occurrit</span> <span class='ocrx_word' id='word_1_139' title='bbox 1532 2105 1660 2164; x_wconf 87' lang='lat' dir='ltr'>autem</span> 
     </span>
    </p>

    <p class='ocr_par' dir='ltr' id='par_1_5' title="bbox 151 2187 1658 2534">
     <span class='ocr_line' id='line_1_17' title="bbox 151 2187 1658 2307; baseline 0.003 -34"><span class='ocrx_word' id='word_1_140' title='bbox 151 2211 157 2223; x_wconf 85' lang='lat'><strong>·</strong></span> <span class='ocrx_word' id='word_1_141' title='bbox 273 2195 311 2273; x_wconf 88' lang='lat' dir='ltr'>ei</span> <span class='ocrx_word' id='word_1_142' title='bbox 340 2192 556 2293; x_wconf 81' lang='lat' dir='ltr'>Dominus,</span> <span class='ocrx_word' id='word_1_143' title='bbox 597 2220 771 2304; x_wconf 83' lang='lat' dir='ltr'>moxque</span> <span class='ocrx_word' id='word_1_144' title='bbox 808 2189 871 2274; x_wconf 89' lang='lat' dir='ltr'>illa</span> <span class='ocrx_word' id='word_1_145' title='bbox 897 2187 1056 2276; x_wconf 88' lang='lat' dir='ltr'>substitit</span> <span class='ocrx_word' id='word_1_146' title='bbox 1092 2192 1199 2305; x_wconf 85' lang='lat' dir='ltr'>quati</span> <span class='ocrx_word' id='word_1_147' title='bbox 1233 2195 1474 2304; x_wconf 82' lang='lat' dir='ltr'>interrogans</span> <span class='ocrx_word' id='word_1_148' title='bbox 1510 2194 1658 2307; x_wconf 88' lang='lat' dir='ltr'>aliquid</span> 
     </span>
     <span class='ocr_line' id='line_1_18' title="bbox 272 2301 1658 2419; baseline 0.006 -33"><span class='ocrx_word' id='word_1_149' title='bbox 272 2306 325 2386; x_wconf 87' lang='lat' dir='ltr'>ab</span> <span class='ocrx_word' id='word_1_150' title='bbox 343 2331 420 2393; x_wconf 77' lang='lat' dir='ltr'>to,</span> <span class='ocrx_word' id='word_1_151' title='bbox 460 2310 500 2387; x_wconf 82' lang='grc' dir='ltr'>δι</span> <span class='ocrx_word' id='word_1_152' title='bbox 529 2308 617 2419; x_wconf 88' lang='lat' dir='ltr'>post</span> <span class='ocrx_word' id='word_1_153' title='bbox 646 2301 820 2415; x_wconf 78' lang='lat' dir='ltr'>pusillum</span> <span class='ocrx_word' id='word_1_154' title='bbox 841 2302 1020 2388; x_wconf 88' lang='lat' dir='ltr'>conversa</span> <span class='ocrx_word' id='word_1_155' title='bbox 1040 2309 1115 2404; x_wconf 86' lang='lat' dir='ltr'>est,</span> <span class='ocrx_word' id='word_1_156' title='bbox 1142 2316 1185 2390; x_wconf 87' lang='lat' dir='ltr'>ut</span> <span class='ocrx_word' id='word_1_157' title='bbox 1206 2304 1347 2391; x_wconf 78' lang='lat' dir='ltr'>rediret</span> <span class='ocrx_word' id='word_1_158' title='bbox 1366 2304 1421 2391; x_wconf 81' lang='lat' dir='ltr'>ad</span> <span class='ocrx_word' id='word_1_159' title='bbox 1444 2333 1658 2394; x_wconf 81' lang='lat' dir='ltr'>monumen·</span> 
     </span>
     <span class='ocr_line' id='line_1_19' title="bbox 274 2401 1656 2534; baseline 0.001 -30"><span class='ocrx_word' id='word_1_160' title='bbox 274 2425 387 2526; x_wconf 78' lang='lat' dir='ltr'>tum3</span> <span class='ocrx_word' id='word_1_161' title='bbox 429 2423 648 2534; x_wconf 89' lang='lat' dir='ltr'>iterumque</span> <span class='ocrx_word' id='word_1_162' title='bbox 670 2416 796 2503; x_wconf 93' lang='lat' dir='ltr'>subito</span> <span class='ocrx_word' id='word_1_163' title='bbox 818 2416 857 2504; x_wconf 88' lang='lat' dir='ltr'>se</span> <span class='ocrx_word' id='word_1_164' title='bbox 878 2439 1095 2517; x_wconf 81' lang='lat' dir='ltr'>convertit,</span> <span class='ocrx_word' id='word_1_165' title='bbox 1125 2419 1230 2533; x_wconf 87' lang='lat' dir='ltr'>quafi</span> <span class='ocrx_word' id='word_1_166' title='bbox 1256 2445 1397 2504; x_wconf 89' lang='lat' dir='ltr'>vocata</span> <span class='ocrx_word' id='word_1_167' title='bbox 1421 2401 1471 2501; x_wconf 90' lang='lat' dir='ltr'>ab</span> <span class='ocrx_word' id='word_1_168' title='bbox 1500 2417 1596 2519; x_wconf 91' lang='lat' dir='ltr'>illo,</span> <span class='ocrx_word' id='word_1_169' title='bbox 1620 2426 1656 2504; x_wconf 77' lang='lat' dir='ltr'>br</span> 
     </span>
    </p>

    <p class='ocr_par' dir='ltr' id='par_1_6' title="bbox 188 2531 1658 2763">
     <span class='ocr_line' id='line_1_20' title="bbox 188 2531 1656 2648; baseline -0.001 -29"><span class='ocrx_word' id='word_1_170' title='bbox 188 2594 191 2599; x_wconf 91' lang='lat'><em>-</em></span> <span class='ocrx_word' id='word_1_171' title='bbox 274 2558 429 2619; x_wconf 86' lang='lat' dir='ltr'>currens</span> <span class='ocrx_word' id='word_1_172' title='bbox 452 2537 623 2648; x_wconf 90' lang='lat' dir='ltr'>procidit</span> <span class='ocrx_word' id='word_1_173' title='bbox 649 2537 701 2619; x_wconf 90' lang='lat' dir='ltr'>ad</span> <span class='ocrx_word' id='word_1_174' title='bbox 729 2535 850 2645; x_wconf 87' lang='lat' dir='ltr'>pedes</span> <span class='ocrx_word' id='word_1_175' title='bbox 883 2542 991 2633; x_wconf 69' lang='lat' dir='ltr'>eiust</span> <span class='ocrx_word' id='word_1_176' title='bbox 1035 2560 1205 2647; x_wconf 89' lang='lat' dir='ltr'>cumque</span> <span class='ocrx_word' id='word_1_177' title='bbox 1245 2531 1323 2645; x_wconf 91' lang='lat' dir='ltr'>ipse</span> <span class='ocrx_word' id='word_1_178' title='bbox 1355 2531 1565 2645; x_wconf 83' lang='lat' dir='ltr'>disparuit,</span> <span class='ocrx_word' id='word_1_179' title='bbox 1595 2562 1656 2618; x_wconf 90' lang='lat' dir='ltr'>ve·</span> 
     </span>
     <span class='ocr_line' id='line_1_21' title="bbox 275 2644 1658 2763; baseline 0.004 -34"><span class='ocrx_word' id='word_1_180' title='bbox 275 2644 417 2733; x_wconf 89' lang='lat' dir='ltr'>lociter</span> <span class='ocrx_word' id='word_1_181' title='bbox 445 2657 608 2735; x_wconf 90' lang='lat' dir='ltr'>cucurrit</span> <span class='ocrx_word' id='word_1_182' title='bbox 634 2650 833 2759; x_wconf 86' lang='lat' dir='ltr'>usquead</span> <span class='ocrx_word' id='word_1_183' title='bbox 860 2649 1044 2748; x_wconf 90' lang='lat' dir='ltr'>domum,</span> <span class='ocrx_word' id='word_1_184' title='bbox 1069 2650 1136 2732; x_wconf 92' lang='lat' dir='ltr'>ubi</span> <span class='ocrx_word' id='word_1_185' title='bbox 1160 2672 1269 2732; x_wconf 88' lang='lat' dir='ltr'>erant</span> <span class='ocrx_word' id='word_1_186' title='bbox 1298 2644 1470 2758; x_wconf 90' lang='lat' dir='ltr'>discipuli</span> <span class='ocrx_word' id='word_1_187' title='bbox 1496 2676 1658 2763; x_wconf 81' lang='lat' dir='ltr'>congre·</span> 
     </span>
    </p>

    <p class='ocr_par' dir='ltr' id='par_1_7' title="bbox 137 2760 1699 4018">
     <span class='ocr_line' id='line_1_22' title="bbox 137 2760 1656 2875; baseline 0.003 -31"><span class='ocrx_word' id='word_1_188' title='bbox 137 2814 140 2821; x_wconf 91' lang='lat'>-</span> <span class='ocrx_word' id='word_1_189' title='bbox 274 2765 354 2875; x_wconf 82' lang='lat' dir='ltr'>gari</span> <span class='ocrx_word' id='word_1_190' title='bbox 377 2810 394 2827; x_wconf 95' lang='lat'><strong>·</strong></span> <span class='ocrx_word' id='word_1_191' title='bbox 423 2766 511 2875; x_wconf 93' lang='lat' dir='ltr'>post</span> <span class='ocrx_word' id='word_1_192' title='bbox 538 2767 619 2848; x_wconf 79' lang='lat' dir='ltr'>hac</span> <span class='ocrx_word' id='word_1_193' title='bbox 643 2760 723 2847; x_wconf 79' lang='lat' dir='ltr'>v&#39;idi</span> <span class='ocrx_word' id='word_1_194' title='bbox 751 2764 845 2847; x_wconf 85' lang='lat' dir='ltr'>duas</span> <span class='ocrx_word' id='word_1_195' title='bbox 880 2788 1074 2846; x_wconf 86' lang='lat' dir='ltr'>matronas</span> <span class='ocrx_word' id='word_1_196' title='bbox 1113 2767 1313 2846; x_wconf 86' lang='lat' dir='ltr'>venientes</span> <span class='ocrx_word' id='word_1_197' title='bbox 1340 2765 1393 2844; x_wconf 88' lang='lat' dir='ltr'>ad</span> <span class='ocrx_word' id='word_1_198' title='bbox 1416 2761 1656 2873; x_wconf 86' lang='lat' dir='ltr'>sepulchrum</span> 
     </span>
     <span class='ocr_line' id='line_1_23' title="bbox 274 2873 1657 2990; baseline 0.002 -32"><span class='ocrx_word' id='word_1_199' title='bbox 274 2900 364 2959; x_wconf 88' lang='lat' dir='ltr'>cum</span> <span class='ocrx_word' id='word_1_200' title='bbox 396 2879 646 2977; x_wconf 73' lang='lat' dir='ltr'>aromatibus,</span> <span class='ocrx_word' id='word_1_201' title='bbox 674 2883 714 2959; x_wconf 79' lang='grc' dir='ltr'>δι</span> <span class='ocrx_word' id='word_1_202' title='bbox 737 2902 779 2960; x_wconf 95' lang='lat' dir='ltr'>ut</span> <span class='ocrx_word' id='word_1_203' title='bbox 799 2875 979 2961; x_wconf 90' lang='lat' dir='ltr'>viderunt</span> <span class='ocrx_word' id='word_1_204' title='bbox 1000 2873 1176 2987; x_wconf 86' lang='lat' dir='ltr'>angelos,</span> <span class='ocrx_word' id='word_1_205' title='bbox 1199 2875 1440 2960; x_wconf 87' lang='lat' dir='ltr'>substiterunt</span> <span class='ocrx_word' id='word_1_206' title='bbox 1456 2875 1567 2990; x_wconf 88' lang='lat' dir='ltr'>quast</span> <span class='ocrx_word' id='word_1_207' title='bbox 1587 2880 1657 2961; x_wconf 85' lang='lat' dir='ltr'>sbr-</span> 
     </span>
     <span class='ocr_line' id='line_1_24' title="bbox 269 2987 1655 3105; baseline 0.001 -30"><span class='ocrx_word' id='word_1_208' title='bbox 269 2988 444 3103; x_wconf 73' lang='lat' dir='ltr'>peracta.</span> <span class='ocrx_word' id='word_1_209' title='bbox 501 2997 678 3076; x_wconf 90' lang='lat' dir='ltr'>Occurrit</span> <span class='ocrx_word' id='word_1_210' title='bbox 707 3016 835 3075; x_wconf 89' lang='lat' dir='ltr'>autem</span> <span class='ocrx_word' id='word_1_211' title='bbox 863 2995 902 3073; x_wconf 81' lang='grc' dir='ltr'>δι</span> <span class='ocrx_word' id='word_1_212' title='bbox 938 2987 1011 3076; x_wconf 86' lang='lat' dir='ltr'>illis</span> <span class='ocrx_word' id='word_1_213' title='bbox 1046 2993 1242 3074; x_wconf 88' lang='lat' dir='ltr'>Dominus</span> <span class='ocrx_word' id='word_1_214' title='bbox 1276 2996 1315 3073; x_wconf 93' lang='lat' dir='ltr'>in</span> <span class='ocrx_word' id='word_1_215' title='bbox 1354 2995 1434 3078; x_wconf 80' lang='lat' dir='ltr'>vias</span> <span class='ocrx_word' id='word_1_216' title='bbox 1481 3017 1655 3105; x_wconf 80' lang='lat' dir='ltr'>moxque</span> 
     </span>
     <span class='ocr_line' id='line_1_25' title="bbox 271 3098 1655 3223; baseline 0.001 -33"><span class='ocrx_word' id='word_1_217' title='bbox 271 3098 346 3190; x_wconf 84' lang='lat' dir='ltr'>illae</span> <span class='ocrx_word' id='word_1_218' title='bbox 366 3130 606 3191; x_wconf 89' lang='lat' dir='ltr'>accurrentes</span> <span class='ocrx_word' id='word_1_219' title='bbox 624 3106 874 3217; x_wconf 92' lang='lat' dir='ltr'>prociderunt</span> <span class='ocrx_word' id='word_1_220' title='bbox 901 3130 1030 3190; x_wconf 90' lang='lat' dir='ltr'>coram</span> <span class='ocrx_word' id='word_1_221' title='bbox 1049 3132 1114 3201; x_wconf 90' lang='lat' dir='ltr'>eo,</span> <span class='ocrx_word' id='word_1_222' title='bbox 1134 3110 1172 3187; x_wconf 73' lang='grc' dir='ltr'>ἃ</span> <span class='ocrx_word' id='word_1_223' title='bbox 1194 3113 1399 3191; x_wconf 83' lang='lat' dir='ltr'>tenuerunt</span> <span class='ocrx_word' id='word_1_224' title='bbox 1419 3101 1535 3216; x_wconf 82' lang='lat' dir='ltr'>pedes</span> <span class='ocrx_word' id='word_1_225' title='bbox 1554 3110 1655 3223; x_wconf 57' lang='grc' dir='ltr'>ἠως</span> 
     </span>
     <span class='ocr_line' id='line_1_26' title="bbox 274 3216 1633 3335; baseline 0.002 -33"><span class='ocrx_word' id='word_1_226' title='bbox 274 3219 354 3306; x_wconf 93' lang='lat' dir='ltr'>hoc</span> <span class='ocrx_word' id='word_1_227' title='bbox 371 3246 500 3306; x_wconf 89' lang='lat' dir='ltr'>autem</span> <span class='ocrx_word' id='word_1_228' title='bbox 525 3246 774 3335; x_wconf 87' lang='lat' dir='ltr'>nequaquam</span> <span class='ocrx_word' id='word_1_229' title='bbox 797 3220 850 3306; x_wconf 89' lang='lat' dir='ltr'>de</span> <span class='ocrx_word' id='word_1_230' title='bbox 865 3221 1044 3331; x_wconf 76' lang='lat' dir='ltr'>praeditta</span> <span class='ocrx_word' id='word_1_231' title='bbox 1063 3216 1127 3304; x_wconf 89' lang='lat' dir='ltr'>illa</span> <span class='ocrx_word' id='word_1_232' title='bbox 1149 3242 1326 3303; x_wconf 86' lang='lat' dir='ltr'>matrona</span> <span class='ocrx_word' id='word_1_233' title='bbox 1347 3216 1465 3302; x_wconf 89' lang='lat' dir='ltr'>visum</span> <span class='ocrx_word' id='word_1_234' title='bbox 1492 3222 1562 3305; x_wconf 76' lang='lat' dir='ltr'>est.</span> <span class='ocrx_word' id='word_1_235' title='bbox 1613 3267 1633 3287; x_wconf 93' lang='lat'><strong>·</strong></span> 
     </span>
     <span class='ocr_line' id='line_1_27' title="bbox 274 3328 1654 3445; baseline 0 -28"><span class='ocrx_word' id='word_1_236' title='bbox 274 3335 330 3417; x_wconf 90' lang='lat' dir='ltr'>N.</span> <span class='ocrx_word' id='word_1_237' title='bbox 363 3345 424 3436; x_wconf 83' lang='lat'>58.</span> <span class='ocrx_word' id='word_1_238' title='bbox 457 3339 547 3421; x_wconf 87' lang='lat' dir='ltr'>Post</span> <span class='ocrx_word' id='word_1_239' title='bbox 569 3339 648 3420; x_wconf 83' lang='lat' dir='ltr'>haec</span> <span class='ocrx_word' id='word_1_240' title='bbox 680 3335 783 3433; x_wconf 88' lang='lat' dir='ltr'>vidi,</span> <span class='ocrx_word' id='word_1_241' title='bbox 811 3331 975 3445; x_wconf 84' lang='lat' dir='ltr'>qualiter</span> <span class='ocrx_word' id='word_1_242' title='bbox 1001 3335 1174 3419; x_wconf 88' lang='lat' dir='ltr'>Christus</span> <span class='ocrx_word' id='word_1_243' title='bbox 1201 3334 1449 3416; x_wconf 85' lang='lat' dir='ltr'>manducavit</span> <span class='ocrx_word' id='word_1_244' title='bbox 1479 3360 1577 3417; x_wconf 90' lang='lat' dir='ltr'>cum·</span> <span class='ocrx_word' id='word_1_245' title='bbox 1595 3328 1654 3417; x_wconf 83' lang='lat' dir='ltr'>&#39;di-</span> 
     </span>
     <span class='ocr_line' id='line_1_28' title="bbox 275 3442 1653 3564; baseline 0.002 -35"><span class='ocrx_word' id='word_1_246' title='bbox 275 3443 448 3558; x_wconf 86' lang='lat' dir='ltr'>scipulis,</span> <span class='ocrx_word' id='word_1_247' title='bbox 477 3475 638 3564; x_wconf 89' lang='lat' dir='ltr'>eratque</span> <span class='ocrx_word' id='word_1_248' title='bbox 665 3454 705 3533; x_wconf 93' lang='lat' dir='ltr'>in</span> <span class='ocrx_word' id='word_1_249' title='bbox 731 3447 858 3532; x_wconf 85' lang='lat' dir='ltr'>mensa</span> <span class='ocrx_word' id='word_1_250' title='bbox 889 3444 1131 3561; x_wconf 76' lang='lat' dir='ltr'>discursurus</span> <span class='ocrx_word' id='word_1_251' title='bbox 1155 3446 1301 3530; x_wconf 86' lang='lat' dir='ltr'>habens</span> <span class='ocrx_word' id='word_1_252' title='bbox 1319 3442 1475 3556; x_wconf 87' lang='lat' dir='ltr'>piscem,</span> <span class='ocrx_word' id='word_1_253' title='bbox 1496 3453 1538 3531; x_wconf 77' lang='grc' dir='ltr'>δι</span> <span class='ocrx_word' id='word_1_254' title='bbox 1562 3443 1653 3533; x_wconf 84' lang='lat' dir='ltr'>alter</span> 
     </span>
     <span class='ocr_line' id='line_1_29' title="bbox 276 3557 1699 3675; baseline -0.002 -31"><span class='ocrx_word' id='word_1_255' title='bbox 276 3566 480 3646; x_wconf 87' lang='lat' dir='ltr'>continens</span> <span class='ocrx_word' id='word_1_256' title='bbox 504 3562 636 3648; x_wconf 88' lang='lat' dir='ltr'>favum</span> <span class='ocrx_word' id='word_1_257' title='bbox 658 3559 794 3647; x_wconf 88' lang='lat' dir='ltr'>mellis.</span> <span class='ocrx_word' id='word_1_258' title='bbox 847 3565 962 3646; x_wconf 86' lang='lat' dir='ltr'>Erant</span> <span class='ocrx_word' id='word_1_259' title='bbox 986 3586 1116 3646; x_wconf 82' lang='lat' dir='ltr'>autem</span> <span class='ocrx_word' id='word_1_260' title='bbox 1138 3557 1356 3669; x_wconf 68' lang='lat' dir='ltr'>vestimentu</span> <span class='ocrx_word' id='word_1_261' title='bbox 1380 3568 1485 3662; x_wconf 88' lang='lat' dir='ltr'>ejus,</span> <span class='ocrx_word' id='word_1_262' title='bbox 1508 3567 1550 3645; x_wconf 90' lang='lat' dir='ltr'>in</span> <span class='ocrx_word' id='word_1_263' title='bbox 1573 3566 1653 3675; x_wconf 91' lang='lat' dir='ltr'>qui-</span> <span class='ocrx_word' id='word_1_264' title='bbox 1696 3634 1699 3641; x_wconf 90' lang='lat'>.</span> 
     </span>
     <span class='ocr_line' id='line_1_30' title="bbox 274 3670 1653 3786; baseline 0.003 -30"><span class='ocrx_word' id='word_1_265' title='bbox 274 3673 464 3759; x_wconf 87' lang='lat' dir='ltr'>bustum</span> <span class='ocrx_word' id='word_1_266' title='bbox 498 3679 585 3786; x_wconf 87' lang='lat' dir='ltr'>post</span> <span class='ocrx_word' id='word_1_267' title='bbox 608 3672 921 3761; x_wconf 71' lang='lat' dir='ltr'>resurreetionem</span> <span class='ocrx_word' id='word_1_268' title='bbox 952 3676 1053 3773; x_wconf 88' lang='lat' dir='ltr'>vidi,</span> <span class='ocrx_word' id='word_1_269' title='bbox 1092 3670 1337 3782; x_wconf 67' lang='lat' dir='ltr'>candidissima</span> <span class='ocrx_word' id='word_1_270' title='bbox 1363 3677 1551 3785; x_wconf 83' lang='lat' dir='ltr'>&amp;facies</span> <span class='ocrx_word' id='word_1_271' title='bbox 1580 3682 1653 3780; x_wconf 74' lang='lat' dir='ltr'>q&#39;us</span> 
     </span>
     <span class='ocr_line' id='line_1_31' title="bbox 274 3783 1651 3900; baseline -0.004 -25"><span class='ocrx_word' id='word_1_272' title='bbox 274 3797 390 3875; x_wconf 71' lang='lat' dir='ltr'>tanta</span> <span class='ocrx_word' id='word_1_273' title='bbox 416 3785 629 3888; x_wconf 78' lang='lat' dir='ltr'>claritatis,</span> <span class='ocrx_word' id='word_1_274' title='bbox 662 3815 703 3872; x_wconf 94' lang='lat' dir='ltr'>ut</span> <span class='ocrx_word' id='word_1_275' title='bbox 730 3796 793 3874; x_wconf 88' lang='lat' dir='ltr'>vix</span> <span class='ocrx_word' id='word_1_276' title='bbox 819 3818 903 3874; x_wconf 89' lang='lat' dir='ltr'>eam</span> <span class='ocrx_word' id='word_1_277' title='bbox 933 3787 1143 3874; x_wconf 82' lang='lat' dir='ltr'>discernere</span> <span class='ocrx_word' id='word_1_278' title='bbox 1171 3783 1331 3900; x_wconf 85' lang='lat' dir='ltr'>possem.</span> <span class='ocrx_word' id='word_1_279' title='bbox 1414 3792 1470 3872; x_wconf 89' lang='lat' dir='ltr'>N.</span> <span class='ocrx_word' id='word_1_280' title='bbox 1508 3816 1586 3884; x_wconf 54' lang='lat' dir='ltr'>roz</span> <span class='ocrx_word' id='word_1_281' title='bbox 1614 3791 1651 3870; x_wconf 89' lang='lat' dir='ltr'>ln</span> 
     </span>
     <span class='ocr_line' id='line_1_32' title="bbox 247 3896 1649 4018; baseline 0 -35"><span class='ocrx_word' id='word_1_282' title='bbox 247 3978 249 3983; x_wconf 86' lang='grc'><em>,</em></span> <span class='ocrx_word' id='word_1_283' title='bbox 274 3903 340 3987; x_wconf 91' lang='lat' dir='ltr'>die</span> <span class='ocrx_word' id='word_1_284' title='bbox 368 3897 605 3989; x_wconf 85' lang='lat' dir='ltr'>Ascensronis</span> <span class='ocrx_word' id='word_1_285' title='bbox 635 3907 794 3987; x_wconf 90' lang='lat' dir='ltr'>Domini</span> <span class='ocrx_word' id='word_1_286' title='bbox 828 3903 909 3987; x_wconf 90' lang='lat' dir='ltr'>vidi</span> <span class='ocrx_word' id='word_1_287' title='bbox 935 3924 1195 4018; x_wconf 83' lang='lat' dir='ltr'>congregatos</span> <span class='ocrx_word' id='word_1_288' title='bbox 1220 3907 1259 3984; x_wconf 93' lang='lat' dir='ltr'>in</span> <span class='ocrx_word' id='word_1_289' title='bbox 1289 3903 1416 3984; x_wconf 92' lang='lat' dir='ltr'>domo</span> <span class='ocrx_word' id='word_1_290' title='bbox 1445 3896 1649 4014; x_wconf 86' lang='lat' dir='ltr'>discipulos</span> 
     </span>
    </p>
   </div>
   <div class='ocr_carea' id='block_1_3' title="bbox 273 4016 1648 4211">
    <p class='ocr_par' dir='ltr' id='par_1_8' title="bbox 273 4016 1648 4211">
     <span class='ocr_line' id='line_1_33' title="bbox 273 4016 1648 4130; baseline -0.007 -26"><span class='ocrx_word' id='word_1_291' title='bbox 273 4023 314 4104; x_wconf 75' lang='grc' dir='ltr'>δι</span> <span class='ocrx_word' id='word_1_292' title='bbox 337 4040 499 4105; x_wconf 86' lang='lat' dir='ltr'>matrem</span> <span class='ocrx_word' id='word_1_293' title='bbox 532 4020 696 4130; x_wconf 90' lang='lat' dir='ltr'>Domini</span> <span class='ocrx_word' id='word_1_294' title='bbox 717 4043 805 4103; x_wconf 91' lang='lat' dir='ltr'>cum</span> <span class='ocrx_word' id='word_1_295' title='bbox 836 4023 911 4115; x_wconf 84' lang='lat' dir='ltr'>eis,</span> <span class='ocrx_word' id='word_1_296' title='bbox 941 4024 980 4100; x_wconf 79' lang='grc' dir='ltr'>δι</span> <span class='ocrx_word' id='word_1_297' title='bbox 1003 4022 1156 4102; x_wconf 86' lang='lat' dir='ltr'>intravit</span> <span class='ocrx_word' id='word_1_298' title='bbox 1182 4016 1235 4099; x_wconf 90' lang='lat' dir='ltr'>ad</span> <span class='ocrx_word' id='word_1_299' title='bbox 1267 4042 1337 4101; x_wconf 86' lang='lat' dir='ltr'>eos</span> <span class='ocrx_word' id='word_1_300' title='bbox 1352 4017 1587 4110; x_wconf 79' lang='lat' dir='ltr'>Domitios,</span> <span class='ocrx_word' id='word_1_301' title='bbox 1613 4018 1648 4094; x_wconf 73' lang='grc' dir='ltr'>δι</span> 
     </span>
     <span class='ocr_line' id='line_1_34' title="bbox 1571 4150 1642 4211; baseline -0.028 0"><span class='ocrx_word' id='word_1_302' title='bbox 1571 4150 1642 4211; x_wconf 84' lang='lat' dir='ltr'>cun</span> 
     </span>
    </p>
   </div>
   <div class='ocr_carea' id='block_1_4' title="bbox 0 0 1902 4994">
    <p class='ocr_par' dir='ltr' id='par_1_9' title="bbox 0 0 1902 4994">
     <span class='ocr_line' id='line_1_35' title="bbox 0 0 1902 4994; baseline 0 0"><span class='ocrx_word' id='word_1_303' title='bbox 0 0 1902 4994; x_wconf 95' lang='lat' dir='ltr'> </span> 
     </span>
    </p>
   </div>
  </div>
 </body>
</html>
