3796 4994
48 468 92 479 ,,
189 334 315 485 Ι’248
463 476 466 481 ⁴
600 266 1361 474 uenenadeagremaistss
1491 388 1494 400 .

247 556 252 563 “
333 549 429 642 136.
458 536 582 627 Sexto
610 541 676 626 die
699 544 842 629 creavit
873 544 993 629 DEue
1022 541 1221 627 Adamum
1247 564 1289 626 ut
1314 540 1464 640 vitum,
1489 540 1530 624 in
1556 560 1670 627 etate

212 657 459 768 vlriuiginta
476 657 592 793 trium
615 682 819 785 annorum,
836 660 975 856 ima
996 656 1171 790 Christus
1186 656 1301 788 olpiit.
1379 656 1470 739 Erat
1490 653 1674 813 Ad²¹¹¹¹lf

215 769 355 882 quoad
377 795 518 882 corpus
537 770 695 854 Christo
720 794 799 854 tam
824 768 851 856 si
950 792 1028 867 ‚ut
1048 796 1113 852 urar
1129 764 1311 879 potuisset
1334 765 1384 851 ab
1408 794 1460 853 eo
1485 761 1671 855 dilector.

1 868 26 892 ⁵
88 912 97 919 ·
212 884 339 969 immo
362 906 443 966 erat
463 880 532 994 ipsr
553 877 680 967 familis
708 889 824 969 etiam
847 882 986 998 quoad
1006 884 1185 965 animant.
1268 885 1349 966 Eva
1371 905 1501 965 autem
1517 885 1564 964 B.
1580 885 1673 967 Vir·

81 1061 88 1071 .
213 998 297 1107 gitti
333 1018 416 1079 erat
451 991 623 1081 totaliter
662 991 860 1082 simillima.
946 998 1065 1079 DEus
1099 992 1169 1077 stbi
1205 989 1321 1077 valde
1360 988 1597 1105 complacuit
1630 995 1673 1079 in

216 1110 279 1194 hit
310 1108 462 1191 duabus
500 1105 919 1221 perfidis-Effigiem
954 1109 1097 1193 christi
1122 1110 1169 1189 do
1191 1113 1270 1209 ejus
1294 1110 1448 1207 Matris,
1471 1110 1579 1218 quos
1604 1101 1674 1190 ali·

218 1221 383 1334 quando
407 1245 593 1334 tanquam
622 1218 820 1334 completa
841 1247 962 1335 opera
982 1217 1053 1306 suae
1078 1220 1281 1330 Sapientia
1298 1224 1339 1302 dr
1364 1223 1673 1330 omnipotentie

73 1362 81 1373 ·
132 1406 136 1411 .
217 1329 310 1419 esset
323 1358 550 1424 ‘creatutura
593 1339 633 1418 δι
662 1336 758 1420 ideo
795 1338 849 1418 eis
879 1337 995 1420 etiam
1034 1328 1178 1446 largam
1211 1331 1316 1418 luam
1349 1333 1673 1418 benedictionem

217 1447 395 1560 prebuit,
423 1471 467 1532 ut
488 1474 576 1532 curn
605 1473 741 1563 corum
762 1452 953 1560 progenie
979 1447 1029 1531 ad
1044 1450 1201 1553 'interint
1228 1440 1354 1558 posset
1385 1441 1571 1545 delitiari,
1600 1447 1677 1530 do-

215 1558 496 1763 pieacuistandem
537 1555 774 1735 dlucescetct
820 1562 902 1648 dies
941 1588 1017 1674 pro
1070 1564 1268 1651 nativitate
1317 1561 1458 1648 Christi
1500 1564 1540 1643 δι
1591 1566 1688 1668 ejus

79 1788 103 1823 ⁸
206 1914 209 1919 ‚
326 1835 437 1910 ⁴37·
461 1783 584 1895 'DFus
602 1805 813 1921 specialiter
838 1807 1056 1922 impedivit,
1081 1833 1135 1892 ne
1160 1804 1316 1893 Lucifer
1341 1803 1564 1921 agnosceret
1587 1805 1676 1894 for·

220 1924 436 2008 mationem
466 1923 612 2009 Adami
647 1929 688 2006 δι
722 1928 833 2013 Evaer
878 1922 945 2009 led
986 1948 1056 2007 eos
1095 1925 1260 2033 primum
1303 1921 1457 2008 Lucifer
1495 1927 1677 2034 agnovit,

219 2035 387 2150 quando
401 2043 477 2144 jam
500 2059 609 2121 erant
628 2036 800 2147 perfecie
821 2033 1012 2122 formati'
1069 2041 1183 2119 Tunc
1198 2033 1364 2146 primtlm
1385 2037 1598 2121 admiratus
1618 2039 1676 2121 est
1751 2143 1754 2147 .

50 2144 65 2167 ⁹
218 2148 444 2233 sirudiututn
461 2150 573 2256 hujus
589 2150 768 2233 humana
797 2175 965 2248 natura,
993 2152 1034 2230 dr
1061 2146 1196 2234 exarsit
1223 2148 1383 2234 invidii.
1463 2144 1600 2235 Voluit
1627 2153 1677 2237 iis

217 2258 346 2457 gaunt
378 2266 423 2348 in
451 2266 669 2351 conn'ncoti
704 2262 876 2349 adimere
904 2268 1055 2352 vimmo
1092 2260 1161 2350 sed
1192 2265 1335 2348 virtute
1364 2256 1504 2350 alliore
1538 2264 1679 2376 proiti-

221 2394 326 2481 ἕως
341 2376 439 2608 aella
466 2505 620 2598 Lucifer
640 2504 893 2622 suspicabatur
918 2507 1117 2596 Adamum
1139 2503 1215 2593 esse
1243 2455 1459 2609 Chrillum,
1482 2513 1524 2592 &
1550 2512 1678 2598 Evam

127 2652 135 2661 ’
224 2613 303 2705 'esse
328 2628 410 2728 ejus
427 2625 616 2716 Matremt
645 2629 685 2708 δι
711 2626 794 2710 haec
813 2618 974 2735 suspicio
1000 2626 1142 2721 crevit,
1163 2623 1326 2738 quando
1344 2645 1523 2735 expertus
1544 2627 1614 2724 cst,
1634 2623 1679 2713 se

114 2752 117 2757 ·
223 2735 267 2815 vi
284 2731 423 2821 altiore
442 2739 637 2850 impediti,
657 2765 708 2821 ne
727 2743 782 2822 eia
801 2733 959 2822 tolleret
983 2743 1115 2824 vitame
1194 2736 1343 2823 Sensrm
1370 2761 1501 2824 umen
1528 2765 1578 2824 ex
1605 2744 1682 2828 cir-

45 2942 48 2951 *
221 2850 455 2947 prostantis
474 2856 635 2962 agnovit
653 2847 855 2936 falsitatem
870 2848 942 2937 suae
960 2846 1193 2963 suspicionis.

233 2993 236 2997 ’
344 3014 439 3091 ¹39·
466 2986 580 3072 Sacra
601 2988 795 3099 Scriptura
812 2986 925 3091 dicit,
952 2985 1067 3103 quod
1089 2985 1244 3074 Lucifer
1264 3012 1355 3074 cum
1378 2987 1460 3072 Eva
1471 2983 1591 3076 licerit
1614 2985 1682 3076 lo·

223 3098 546 3203 otnuinforma
568 3097 765 3215 serpentis.
1091 3102 1093 3107 ’
1550 3198 1556 3211 ,

250 3250 271 3267 ⁸
344 3258 443 3336 ¹40·
469 3234 561 3320 Post
584 3229 622 3319 la
649 3227 729 3318 sum
757 3232 899 3319 Adami
914 3220 973 3319 'u
1000 3218 1101 3320 Evae‘
1116 3229 1271 3319 Lucifer
1295 3231 1467 3319 offendit
1482 3230 1565 3320 aliis
1588 3234 1684 3323 doe·

227 3346 413 3432 monibus
439 3261 706 3433 incredibilem
730 3346 890 3456 jubilum
918 3353 958 3431 &
988 3343 1278 3455 exultationem.
1357 3346 1438 3432 Sed
1463 3374 1546 3432 non
1567 3352 1684 3437 dura·

224 3463 283 3541 vit
307 3457 374 3543 diu
395 3462 625 3574 triumphus,
645 3463 739 3575 quia
765 3462 888 3560 vidit,
918 3462 1034 3576 quod
1055 3486 1126 3573 per
1147 3462 1425 3548 contritionem
1454 3464 1597 3550 iterum
1621 3492 1688 3551 re·

224 3578 495 3685 ¹cuperaverint
515 3580 688 3686 gratiam.

347 3732 443 3810 141.
463 3736 559 3816 ¹42·
586 3701 849 3822 Multiplicato
866 3729 978 3905 partu
997 3711 1087 3817 Evae
1108 3705 1208 3796 facia
1226 3709 1279 3796 est
1297 3703 1433 3795 divisio
1451 3701 1686 3807 eledorum,

227 3819 268 3903 ur
291 3844 312 3904 r
360 3824 592 3910 roborum-
622 3824 673 3908 Et
688 3847 760 3935 per
778 3824 866 3908 Abe
899 3827 940 3906 dr
967 3823 1069 3908 Cain
1089 3819 1259 3913 fundate
1277 3820 1365 3913 sunt
1385 3819 1471 3907 duae
1493 3824 1684 3933 civitates,

175 3966 183 4037 2
224 3932 334 4050 Baby
350 3962 405 4026 on
424 3936 699 4054 reproborum,
721 3931 927 4050 Jerusalem
949 3932 1179 4048 electorum.

1585 4191 1683 4271 143·

1032 4419 1129 4490 p.
