3796 4994
604 306 806 419 Revela.
824 300 878 400 de
892 228 1082 437 Agredr.
1097 290 1211 449 Part
1225 278 1318 415 ill.²
1346 352 1360 372 ·
1566 331 1671 436 455

341 521 437 614 53⁶·
477 500 579 599 illud
605 503 729 626 solum
750 506 1023 621 denegandum
1040 506 1095 594 est
1116 509 1161 593 B.
1184 509 1348 623 Virgini,
1371 507 1487 624 quod
1506 506 1676 607 involvit
1727 581 1731 589 .

219 619 458 711 manifestam
484 627 845 709 contradictionem.
1516 624 1522 630 ·
1669 652 1672 657 ι
1807 636 1812 645 -

340 771 434 857 538.
461 758 505 838 B.
528 757 652 866 Virgo
666 756 714 838 in
735 751 881 838 visione
903 744 969 837 illa
996 751 1074 837 Dei
1097 746 1320 847 abstractiva
1343 776 1426 837 non
1444 751 1581 851 habuit
1599 753 1673 839 de·

218 869 446 959 terminatos
471 862 634 969 limites,
661 862 729 967 sed
760 865 941 983 quotidie
965 869 1086 953 crevit
1113 869 1156 951 in
1175 867 1413 980 cognitione
1437 861 1601 954 essentia
1625 893 1674 955 ac

216 984 497 1094 proprietatum
522 981 614 1067 Dei.

337 1144 432 1218 539·
460 1119 551 1201 litat
567 1137 660 1198 vera
683 1109 828 1228 effigies
850 1107 905 1199 sui
927 1107 1008 1199 filii.
1088 1110 1275 1233 Habebat
1293 1116 1526 1234 potestatem
1544 1117 1669 1208 distri·

216 1227 365 1316 buendi
385 1228 582 1317 thesauros
596 1231 800 1340 gratiarum
821 1251 1008 1344 tanquam
1026 1230 1179 1341 Regina
1202 1233 1243 1313 δι
1261 1233 1464 1318 Domina..

189 1373 198 1379 “
335 1392 428 1467 540·
457 1371 608 1450 Omnes
629 1358 775 1473 species
796 1384 1067 1463 creaturarum,
1086 1388 1176 1466 quae
1196 1365 1237 1447 in
1254 1367 1421 1451 animam
1438 1373 1482 1452 B.
1498 1371 1669 1482 Virginis

216 1479 452 1564 intraverunt
470 1475 695 1590 persensus,
715 1480 891 1561 mundae
914 1473 1074 1562 fuerunt
1086 1481 1134 1563 in
1154 1470 1254 1560 illius
1276 1483 1416 1577 anima,
1435 1485 1666 1594 inquantum

217 1591 415 1678 habebant
435 1588 583 1706 aliquid
598 1586 808 1687 materiale,
827 1594 1004 1702 quamvis
1026 1592 1141 1674 etiam
1162 1590 1299 1676 batum
1316 1585 1441 1677 nullas
1464 1617 1669 1710 nunquam

216 1701 379 1790 insuam=
396 1711 563 1792 animam
580 1700 782 1804 admiserit,
805 1703 874 1788 nisr
894 1707 1129 1817 inquantum
1148 1697 1354 1789 servierunt
1365 1705 1423 1798 ad
1443 1714 1675 1796 exercitium·

215 1823 360 1904 amoris
384 1827 423 1904 δι
452 1817 610 1905 aliamm
627 1823 824 1904 virtutum.
883 1823 993 1900 Loco
1012 1811 1163 1899 illarum
1182 1809 1393 1928 specierum
1416 1819 1668 1911 materialium

215 1933 329 2017 Deus
349 1933 418 2046 ipfi
434 1933 578 2019 infudit
600 1927 690 2019 alias
708 1931 852 2044 species
874 1933 1050 2045 puriores
1074 1927 1418 2019 &immateriales
1529 2019 1539 2041 x
1563 1970 1576 1993 ·

291 2073 292 2077 '
339 2090 433 2167 541·
453 2059 549 2147 'Hoc
564 2063 784 2176 mysterium
807 2055 921 2144 facile
941 2054 1186 2173 assequenmr
1205 2064 1337 2146 Docti.
1361 2089 1362 2092 ‘
1394 2064 1500 2148 Nam
1520 2057 1667 2174 species

215 2177 358 2262 intrant
385 2205 457 2291 per
489 2179 667 2291 quinque
693 2169 834 2265 sensusr
874 2173 968 2259 dein
992 2168 1186 2263 transeunt
1214 2176 1267 2261 ad
1292 2173 1405 2260 aliam
1434 2184 1666 2290 potentiam,
1834 2178 1838 2185 ’

215 2317 360 2403 nempe
379 2290 431 2376 ad
451 2286 596 2378 sensum
618 2313 885 2386 communem,
905 2292 977 2400 qui
992 2303 1157 2374 vocatur
1181 2281 1378 2376 Phantasa
1400 2286 1465 2401 se'u
1488 2299 1667 2404 potentia

215 2408 472 2516 imaginativa
529 2408 575 2488 In
594 2405 652 2487 his
676 2401 859 2486 omnibus
882 2397 1010 2486 sumus
1032 2403 1161 2486 adhuc
1181 2398 1318 2488 similes
1342 2404 1478 2491 brutis.
1531 2416 1586 2493 Ex
1606 2408 1688 2495 his'

213 2520 416 2629 speciebus
434 2519 674 2634 phantasticis
695 2509 914 2600 Intellectus
947 2513 1086 2599 educit'
1097 2511 1187 2598 alias
1213 2512 1356 2628 species
1379 2518 1665 2620 immateriales,

216 2638 258 2718 dr
273 2652 435 2719 voratur
451 2627 667 2720 Inlelesius
682 2653 808 2747 agens.
866 2622 1206 2740 HincPhilosophi
1220 2629 1367 2732 dicunt,
1379 2624 1493 2744 quod
1513 2631 1665 2719 intelle·

215 2755 299 2860 slus
322 2749 375 2833 ad
396 2743 691 2861 intelligendum
703 2769 803 2857 opus
824 2739 980 2841 lrabeat,
999 2765 1043 2826 ut
1059 2737 1096 2826 se
1111 2766 1311 2829 convertat
1324 2743 1382 2831 ad
1390 2747 1665 2859 phantasmata.

337 2905 431 2982 542.
473 2878 553 2965 Sed
584 2882 624 2963 in
658 2879 704 2961 B.
737 2876 899 2988 Virgine
923 2875 987 2959 bic
1014 2872 1119 2960 ordo
1140 2900 1224 2957 non
1243 2871 1541 2969 observabatum
1571 2890 1665 2996 quia

216 2994 328 3080 Deus
361 2989 417 3095 illi
444 2987 610 3080 contulit
635 2985 777 3103 species
808 2988 1120 3102 independenter
1140 2987 1164 3073 a
1184 2985 1383 3100 speciebus
1406 2994 1747 3102 phantasticis-uu
1772 3003 1774 3007 ’

217 3114 394 3221 quamvis
413 3111 481 3195 has
496 3101 720 3221 reliquerim
761 3111 813 3189 ita
833 3127 975 3203 tamen,
997 3127 1040 3188 ut
1057 3105 1304 3215 operationes
1329 3105 1570 3215 phantastica
1592 3111 1663 3195 ha·

216 3224 373 3309 buerint
389 3227 610 3334 exercitium
623 3217 729 3303 suum
747 3215 827 3305 fine
841 3222 986 3308 influxu
1000 3221 1041 3301 in
1059 3218 1203 3328 species
1215 3211 1507 3305 intelledtuales.
1555 3225 1675 3311 Cum¹

214 3333 240 3422 s
258 3339 415 3424 eciebus
447 3334 619 3425 sensuum
646 3361 727 3418 non
755 3333 990 3445 operabatur
1005 3335 1044 3417 in
1059 3336 1104 3419 B.
1123 3336 1283 3447 Virgine
1302 3329 1536 3427 intelledust
1575 3365 1664 3426 cum

215 3367 418 3564 speciebus
446 3477 575 3536 tamen
607 3449 869 3562 phantasticis,
893 3472 1113 3563 quaerant
1136 3452 1176 3533 in
1202 3442 1307 3532 sensu
1324 3454 1538 3550 communi,
1565 3445 1664 3567 ope·

218 3567 373 3650 rabatur
397 3569 554 3662 omnia,
578 3590 666 3675 quae
675 3565 876 3762 fipertinent
891 3563 943 3647 ad
964 3555 1138 3659 dolores,
1155 3558 1439 3668 tribulationes,
1470 3570 1509 3649 δι
1528 3579 1664 3683 ¹angu-

219 3681 317 3766 stias.
371 3683 512 3795 Itaque
529 3678 570 3764 iu
591 3673 657 3763 illa
705 3677 807 3779 ebat,
826 3677 941 3792 quod
963 3672 1108 3762 fadum
1133 3678 1188 3762 est
1202 3681 1240 3763 in
1255 3673 1407 3793 templo
1428 3680 1667 3783 Salomonis,¹

219 3795 288 3881 ubi
314 3793 462 3906 lapides
490 3794 771 3906 apparabantur
802 3815 907 3878 extra
936 3786 1150 3905 templum3
1188 3797 1230 3879 in
1249 3788 1334 3907 ipso
1354 3816 1485 3879 autem
1510 3793 1668 3912 templo

218 3937 304 3995 non
322 3909 550 3996 audiebatur
564 3905 709 3993 sonitus
732 3902 872 3992 mallei.
1339 3917 1344 3929 ‘
1425 4004 1456 4036 Ἴ.
1657 3905 1663 3915 ’
1705 4016 1710 4029 ι

340 4070 435 4152 543.
466 4039 542 4132 lllae
566 4037 724 4158 species,
742 4069 840 4163 quas
861 4044 973 4132 Deus
992 4045 1035 4131 B.
1050 4045 1204 4160 Virgini
1224 4041 1367 4132 infudit
1386 4035 1484 4134 loco
1502 4045 1668 4247 phqqg:
1815 4070 1821 4079 ·
