3796 4994
517 302 856 443 Observationes
879 307 941 410 ad
960 312 1111 413 Revel.
1131 309 1184 409 de
1199 309 1389 478 Agraria.
1571 232 1668 446 54p

219 521 352 611 media
370 513 566 606 intrinsece
585 512 881 631 supernaturalia
901 517 952 606 ad
974 515 1092 606 finem
1117 513 1317 622 intrinsece
1338 512 1563 621 naturalem,
1577 547 1675 634 qua·

217 635 267 724 lis
288 640 343 724 est
359 639 534 746 cognitio
562 660 799 744 temporum,
824 639 862 717 dt
885 630 1010 719 cursus
1030 630 1232 727 stellatum.
1288 636 1456 718 Scientia
1473 631 1595 720 infusa
1615 663 1677 721 re·

217 781 305 840 tuin
324 743 551 836 naturalium
569 745 793 834 sufficienter
815 748 977 873 babetur
993 776 1062 861 per
1084 771 1333 862 augmentum
1353 748 1505 833 luminis
1523 776 1674 836 natura·

216 864 279 966 lis,
301 891 366 951 aut
389 891 458 976 pet
475 858 706 948 infusionem
727 858 937 977 specierum
958 859 1210 955 naturalium3
1238 890 1311 947 nec
1329 865 1388 959 est
1411 890 1510 979 opus
1528 867 1674 953 sumine
1775 914 1780 921 ·

216 974 491 1094 supernaturali
504 972 718 1063 intrinseci.
773 983 914 1063 Fateor
934 1001 1079 1076 tamen,
1107 979 1208 1063 hanc
1226 975 1337 1093 posse
1360 975 1438 1064 esse
1462 983 1541 1064 vim
1559 974 1674 1067 lumi·

217 1103 277 1183 nis
299 1086 588 1208 supernaturalis
610 1091 736 1178 modo
763 1091 1081 1183 extraordinario.

337 1226 375 1294 6.
404 1203 606 1301 Asserunt,
625 1205 740 1320 quod
763 1202 916 1291 Lucifer
936 1213 975 1292 iii
999 1200 1172 1291 secundo
1193 1206 1260 1293 die
1285 1211 1492 1294 creationis
1518 1210 1670 1312 mundi,

216 1317 401 1412 videlicet
421 1323 486 1406 die
508 1324 636 1420 Lunae,
654 1326 694 1405 iri
718 1319 874 1406 inferno
895 1317 1096 1435 collegerit
1112 1315 1327 1435 plenarium
1345 1319 1570 1409 Concilium
1581 1324 1673 1410 doe-
1750 1381 1753 1391 ·

216 1466 398 1534 monum,
415 1443 454 1521 dc
474 1462 563 1520 curn
577 1440 622 1522 iis
642 1430 914 1521 deliberaverit
928 1438 1120 1551 usquead
1138 1436 1385 1541 diethovis.
1400 1444 1443 1522 P.
1460 1444 1561 1524 i.N.
1577 1468 1592 1523 1
1607 1470 1671 1528 ia.
1735 1443 1745 1462 '

215 1550 326 1643 Alibi
346 1556 463 1637 etiarn
477 1548 629 1647 dicitur,
649 1546 769 1636 simile
787 1545 994 1636 concilium
1008 1547 1073 1637 seu
1096 1547 1417 1637 deliberationem
1434 1553 1671 1642 doemonum

218 1669 287 1754 diu
314 1662 472 1753 durasse.
501 1672 545 1750 P.
572 1695 608 1768 3.
628 1668 685 1751 N.
709 1677 802 1770 33⁶·
843 1669 1104 1778 operationes
1129 1666 1361 1752 doemonum
1391 1663 1670 1755 intellectuales

216 1812 300 1871 non
323 1777 527 1866 mensurati
551 1781 683 1864 nostro
708 1803 901 1891 tempore,
930 1805 1084 1865 neceas
1101 1776 1233 1865 evolvi
1249 1804 1329 1864 tam
1349 1773 1455 1864 lenta
1473 1775 1671 1868 successio·

216 1927 269 1984 ne
287 1899 595 2010 cogitationum,
628 1889 824 1978 moraliter
846 1917 992 1979 certum
1020 1894 1075 1980 est
1102 1893 1209 2005 apud
1226 1887 1477 2008 Theologoss
1521 1901 1559 1980 in
1583 1925 1672 1981 mo·
1769 1947 1773 1951 «

215 2039 353 2100 meiito
372 2014 476 2095 enim
499 2007 799 2121 apprehendunt
822 2010 1124 2121 proportionem
1149 2011 1327 2093 omnium
1349 2008 1568 2097 mediorum
1588 2010 1611 2098 al
1630 2007 1667 2099 sc

217 2116 553 2243 cognoscibilium,
574 2150 745 2237 quotum
766 2122 934 2236 quidem
953 2122 1099 2208 liabent
1114 2118 1258 2237 species
1276 2122 1327 2207 ad
1347 2122 1476 2210 linem.
1528 2129 1669 2215 Fateor

215 2267 360 2339 tamen,
389 2243 468 2323 hoc
486 2264 755 2352 argumentum
776 2267 860 2323 non
880 2231 957 2323 esse
982 2233 1131 2335 efficax,
1155 2242 1249 2352 quia
1269 2265 1328 2336 ea,
1347 2266 1433 2351 quat
1451 2266 1533 2325 uno
1552 2246 1668 2328 intui·

216 2382 259 2443 tu
277 2353 696 2464 comprehenduiruii
712 2355 819 2450 Deo,
831 2348 977 2466 angelis
996 2349 1060 2438 vel
1074 2353 1342 2454 doemonibus,
1360 2353 1463 2440 reete
1475 2350 1669 2441 evolvun-

217 2495 279 2556 tur
301 2467 495 2557 eiusmodi
512 2463 734 2549 discursibus
755 2473 862 2571 iuxta
879 2464 1060 2553 ordinem
1084 2468 1330 2576 obsessorum
1343 2468 1479 2553 naturd
1491 2477 1665 2583 priorum

216 2579 279 2669 vel
303 2582 558 2696 posteriorum
576 2585 619 2662 in
637 2603 779 2664 niente

332 2724 373 2792 7.
391 2684 623 2791 'Affirmant5
641 2692 871 2779 doemonem
896 2694 1114 2781 constanter
1131 2687 1341 2808 suggessisse
1357 2693 1486 2798 Judae,
1509 2723 1560 2780 ne
1589 2719 1665 2782 tra·

216 2811 509 2897 dathrislum.
540 2815 581 2893 Ρ.
602 2838 641 2893 a.
670 2812 725 2892 N.
752 2838 873 2912 ii3i.
904 2838 1029 2912 1132.
1064 2838 1188 2912 1¹34·
1229 2837 1351 2912 ¹¹35·
1388 2837 1511 2911 taor.
1541 2840 1665 2911 1217.

217 2934 308 3038 Hoc
330 2950 520 3038 repugnat
542 2927 740 3008 communi
756 2919 873 3009 sensui
897 2927 1167 3036 interpretum,
1185 2921 1382 3010 moraliter
1399 2952 1505 3010 certo
1523 2953 1569 3012 eii
1586 2925 1664 3040 ipsa

213 3043 417 3152 Scriptura,
439 3039 506 3121 ubi
526 3043 616 3142 Joa.
636 3065 701 3140 ¹3·
727 3041 888 3139 dicitur,
921 3036 1123 3125 diabolum
1142 3039 1275 3124 misisse
1302 3045 1343 3125 in
1364 3066 1433 3126 cot
1459 3045 1594 3145 Judae,
1620 3065 1664 3128 ut

214 3155 341 3241 tradat
359 3155 561 3237 Christum.

335 3265 574 3403 Propostrio
598 3297 640 3398 5.
666 3265 762 3372 Hae
776 3264 1136 3374 Revelationes
1151 3265 1382 3373 videntur
1397 3265 1534 3405 posse
1551 3302 1663 3375 mu·

213 3439 321 3520 tare
343 3411 633 3516 notabiliter
654 3411 844 3515 statum
870 3408 1142 3550 Religionis
1164 3419 1217 3512 in
1240 3392 1451 3515 mascria
1478 3408 1590 3517 fidei
1608 3412 1663 3521 dr

213 3586 427 3662 motum
455 3580 633 3671 contra
662 3553 854 3656 sensum
883 3583 1227 3657 communem
1261 3550 1494 3657 Ecclesiae.

328 3696 374 3779 ld
395 3694 524 3805 probo
549 3694 597 3777 ab
617 3693 847 3777 lndudlione
867 3698 1059 3777 variorum
1082 3688 1338 3798 articulorum,
1355 3699 1424 3808 qui
1441 3700 1481 3780 in
1506 3697 1563 3782 liis
1585 3698 1662 3782 Re·

212 3805 470 3896 velationibus
493 3815 761 3897 continentum
790 3807 842 3891 de
862 3809 1004 3921 quibus
1020 3833 1149 3894 tamen
1167 3834 1296 3894 meum
1308 3809 1493 3917 judicium
1507 3815 1663 3925 require

214 3929 254 4013 in
272 3922 506 4010 sueborum
524 3928 703 4038 quinque
723 3916 983 4007 articulorum.

284 4048 510 4142 Articulis
537 4077 573 4142 ι.
621 4035 676 4141 Β.
708 4035 861 4194 Virgo
886 4031 1031 4143 fimus
1055 4067 1178 4143 cum
1208 4032 1408 4144 Christo
1447 4036 1664 4148 redemit

385 4181 544 4321 genus
569 4176 878 4286 humanum.
1194 4276 1198 4282 .
1692 4270 1696 4278 .

329 4320 393 4412 D.
409 4319 457 4411 E.
476 4323 530 4411 A.
552 4316 794 4410 deRevelat·
813 4317 912 4408 Pars
928 4315 988 4409 11.
1144 4324 1255 4437 Yyy
1470 4323 1668 4414 nli-Vir·
1796 4440 1802 4447 ι
