3796 4994
516 230 521 239 ’
558 233 756 335 Reuehe.
775 236 819 330 S.
836 154 1088 360 Elrseberhae
1110 227 1354 361 Schineug.
1577 178 1673 352 1⁴8}

295 462 378 524 curn
401 438 590 547 accepisset
610 435 731 523 cibum
748 462 831 522 cum
852 440 919 531 eir,
941 434 1075 521 eduxit
1092 460 1161 519 eos
1178 413 1406 521 decivitate
1422 434 1462 518 in
1482 424 1676 536 montem,

295 557 334 634 δι
359 551 437 633 vidi
460 546 625 663 qualiter
647 578 778 635 coram
800 553 855 633 eis
877 545 1047 633 elevatus
1066 551 1133 635 est.
1270 644 1276 659 Ι
1617 584 1620 589 ·

352 704 409 787 N.
439 716 520 786 ooo
566 705 656 787 Post
680 705 761 787 hec
787 705 829 785 in
854 699 920 783 die
949 703 1194 785 pentecostes
1221 696 1302 782 vidi
1324 693 1453 781 rursus
1475 692 1680 807 discipulos

193 810 203 823 '
238 839 500 928 congregatos
517 819 558 899 in
578 818 704 899 domo
724 810 832 923 supra
855 836 1080 898 memorata.
1115 802 1186 897 ‘Et
1205 808 1349 897 facium
1371 809 1436 911 est.
1455 810 1548 894 dum
1570 809 1678 895 sede·

234 952 336 1021 rent,
363 934 537 1038 apparuit
556 927 664 1039 supra
684 922 853 1039 fingulos
880 952 1016 1011 eorum
1040 924 1146 1039 quafi
1171 932 1325 1012 flamma
1353 927 1453 1039 ignis
1486 920 1559 1021 des
1597 921 1678 1010 sum

236 1038 474 1125 descendens
492 1045 531 1126 in
556 1047 703 1154 impetu
720 1042 971 1125 vehementi.

355 1199 410 1282 N.
427 1210 499 1284 61.
524 1198 616 1281 Vidi
633 1192 742 1309 supra
758 1171 902 1280 coelum
924 1190 1015 1279 eoeli
1030 1194 1081 1278 ad
1097 1199 1286 1281 orientem
1300 1188 1421 1278 multa
1443 1190 1560 1278 miliia
1581 1192 1675 1280 San·
1748 1188 1764 1285 ⁸.

237 1313 390 1392 tiorum
414 1337 716 1409 coronatorum
755 1312 961 1392 existiman
996 1304 1200 1421 plusquam
1233 1333 1386 1392 centum
1424 1309 1677 1421 quadraginta
1824 1402 1827 1407 ,

236 1446 408 1535 quatuor
428 1418 567 1517 milliar
597 1429 635 1509 ἃ
662 1428 761 1508 circa
776 1419 960 1508 thronum
985 1420 1146 1535 angelos
1167 1414 1311 1506 multos
1340 1426 1380 1504 δι
1405 1447 1574 1534 quatuor
1595 1428 1676 1509 ani·

236 1530 365 1619 malin.

353 1689 409 1770 N.
436 1699 503 1775 6¹.
560 1688 605 1770 in
630 1683 832 1771 festivitate
857 1689 1032 1769 omniurn
1059 1688 1287 1770 Sannorum
1311 1683 1393 1769 vidi
1418 1682 1537 1771 multe
1559 1683 1676 1773 millia

230 1799 463 1889 Sanctorum
497 1798 791 1883 Coronatorum
827 1799 1017 1883 adstantes
1052 1804 1091 1879 ἃ
1133 1794 1379 1883 ministrantes
1416 1800 1536 1899 Deo,
1570 1806 1609 1884 δι
1633 1806 1675 1886 in
1805 1828 1813 1851 *

236 1915 397 1997 circuitu
411 1914 544 1995 throni
559 1910 728 2023 quatuo'r
746 1907 931 1995 animalia.
988 1904 1130 2025 Angtli
1146 1912 1242 1996 vero
1264 1912 1445 1994 steterunt
1461 1937 1552 1996 ante
1568 1916 1674 2001 thro·

236 2052 333 2108 num
355 2027 453 2120 Dei,
477 2029 517 2106 δι
541 2025 785 2134 procidentes
817 2025 1101 2121 adoraverunt,
1138 2030 1180 2108 δι
1210 2018 1311 2108 clara
1341 2051 1442 2108 voce
1474 2026 1674 2113 dixerunt:
1719 2090 1725 2107 .·

234 2134 394 2224 Sanffus
418 2142 493 2220 &e
529 2133 695 2220 fimiliter
724 2142 761 2219 &
800 2140 934 2249 viginti
963 2162 1132 2249 quatuor
1166 2141 1348 2222 Seniores
1382 2138 1605 2228 ceciderunt
1631 2146 1676 2227 in

232 2247 353 2335 facies
373 2245 470 2346 suas,
494 2255 531 2332 δι
553 2250 808 2336 adoraverunt
833 2254 1087 2336 viventemin
1109 2246 1253 2338 sarcula.

848 2483 1051 2621 Crisrs.

231 2735 512 2939 Propostrio
556 2777 594 2844 r.
655 2740 856 2846 Omnes
889 2739 1218 2911 reuelationes
1246 2738 1531 2848 Elisabethae
1565 2772 1675 2848 non

232 2879 597 3131 taslapppcedunt
632 2880 930 2989 facultatem
963 2893 1380 3021 imaginatum,
1424 2881 1477 2988 &
1512 2880 1674 3020 phan-

351 3229 563 3319 Probatur.
597 3256 635 3316 1.
689 3229 895 3316 Phantafiae
914 3226 1129 3315 confimiles
1159 3227 1314 3343 possunt
1344 3234 1493 3317 homini
1523 3236 1673 3318 contin·

234 3371 329 3461 gere
356 3348 397 3428 in
423 3342 587 3441 somno,
622 3370 665 3427 ut
693 3349 812 3429 cuivis
839 3340 1079 3427 manifestum
1117 3347 1171 3429 est
1204 3342 1228 3429 ai
1263 3350 1417 3458 proptia
1456 3342 1516 3429 vel
1552 3342 1675 3432 aliena

235 3462 493 3572 experientias
522 3459 666 3543 constat
689 3462 818 3554 etiam,
837 3454 976 3541 multas
995 3452 1137 3565 species
1166 3459 1206 3542 in
1225 3457 1364 3543 [omno
1389 3457 1627 3545 excitarint!
1650 3464 1675 3547 i

236 3575 443 3664 doemone,
476 3567 537 3653 vel
557 3571 609 3653 ab
640 3569 815 3685 Angelis,
831 3564 946 3653 veli
972 3565 1152 3654 liberiore
1177 3569 1324 3656 recursu
1352 3570 1545 3685 spirituum
1577 3579 1692 3666 circa.

237 3686 393 3787 obtecta
407 3679 621 3780 familiaria,
646 3685 740 3768 dum
754 3689 899 3768 intereo
922 3682 1047 3766 sensus
1070 3690 1235 3780 externi,
1257 3691 1297 3767 δι
1319 3692 1420 3770 aciio
1443 3692 1541 3769 circa
1563 3686 1673 3789 obj'e-

237 3806 298 3883 ἂι
327 3791 501 3910 negleeia
524 3793 735 3908 sopiuntur.
821 3801 924 3909 Ergo
947 3796 1052 3878 idem
1072 3800 1198 3904 potest
1230 3804 1455 3910 contingere
1482 3805 1520 3881 in
1547 3801 1673 3911 vigilia

239 3940 379 3997 eorum
405 3914 630 4005 hominum,
659 3938 829 4023 quorum
854 3907 1046 4020 phantasia
1070 3914 1111 3994 in
1135 3911 1229 3997 duas
1249 3911 1355 4023 quafi
1381 3935 1534 4024 parter,
1558 3940 1673 3997 unam

351 4022 414 4110 D.
436 4023 481 4107 E.
499 4026 553 4108 A.
574 4021 618 4108 de
635 4021 815 4111 neverat.
839 4022 942 4109 Pars
962 4022 1019 4109 11.
1209 4031 1280 4110 Aa
1551 4065 1557 4073 ·
1621 4026 1673 4108 de
