3796 4994
351 302 449 388 280
751 282 1026 418 Regularum
1062 281 1387 427 Seminarium

459 483 603 603 Regula
634 517 668 571 2.
725 485 990 599 Complexiim
1040 483 1204 602 plurium
1244 476 1606 574 circumstantiarum
1645 480 1797 570 seorsim

348 600 497 686 taiitiim
524 597 782 711 probabilium
811 607 937 715 potest
959 597 1173 714 aliquando
1199 600 1272 688 else
1290 600 1379 700 tale,
1402 629 1444 686 ut
1463 606 1584 713 pariat
1605 604 1800 684 certitudi-

345 744 436 827 nem
453 713 665 800 absolutam
687 741 821 800 contra
836 723 1034 801 veritatem
1054 713 1326 805 revelationisi
1352 744 1445 801 tunc
1463 713 1656 811 videlicet,
1677 743 1799 828 quan·

344 831 405 913 do
441 856 638 942 nunquam
669 827 768 915 solet
804 827 881 916 esse
917 837 1166 938 conjunctum
1207 810 1296 916 cumi
1342 833 1581 916 revelatione
1619 836 1800 943 genuina.

348 948 459 1031 Gers.
482 949 522 1030 R.
551 976 616 1030 aa.

461 1104 617 1224 Regula.
653 1138 688 1208 3.
743 1102 1016 1193 Revelatioiiea
1051 1106 1225 1213 ejusdem
1255 1101 1426 1218 personae
1455 1108 1658 1191 &iisdem
1688 1106 1801 1220 fignis

342 1221 511 1452 pepedi?
535 1220 633 1310 falsat
653 1225 762 1323 sunt,
785 1228 826 1309 iii
850 1224 993 1338 quibus
1014 1227 1233 1307 continetur
1253 1217 1316 1306 vel
1341 1228 1453 1309 unica
1470 1220 1619 1312 salsitas.
1663 1226 1802 1344 Seript.

291 1453 294 1457 Ι
458 1492 615 1610 Regula.
653 1526 692 1597 4.
750 1487 1044 1599 Revelationes,
1074 1516 1164 1602 quat
1197 1493 1233 1574 iii
1262 1485 1478 1605 particulari
1511 1486 1583 1599 suis
1616 1492 1800 1576 doctrinis

246 1698 249 1703 ,
346 1630 413 1691 aut
435 1607 621 1718 promissis
640 1607 845 1720 disponunt
864 1631 1090 1720 peccatores
1113 1605 1163 1688 ad
1189 1608 1491 1718 protrahendam
1515 1614 1800 1718 poenitentiam,

347 1747 506 1806 eatenus
525 1749 603 1808 non
627 1721 710 1808 sunt
736 1723 882 1810 iDeo.
941 1720 999 1804 lb.
1023 1722 1066 1805 R.
1088 1755 1128 1822 4·
1348 1727 1351 1739 '

351 1912 389 1947 ,·
457 1854 614 1959 Repulit.
647 1884 684 1957 ς.
740 1851 1012 1940 Revelationes
1033 1847 1235 1964 praesertim
1259 1849 1584 1966 mulierumque
1605 1882 1801 1966 occupari·

347 1967 405 2054 do
424 1971 603 2055 homines
619 1976 659 2055 iii
682 1963 967 2055 devotiunculis
994 1968 1167 2052 tribuunt
1189 1994 1326 2052 vanam
1344 1966 1581 2055 securitatem
1597 1976 1636 2052 ἃ
1661 1997 1799 2083 torpo-

346 2090 488 2177 remin
515 2093 695 2198 peccatis,
720 2089 802 2170 noii
830 2081 1090 2168 fontaneo.
1149 2082 1206 2166 lb.
1232 2086 1275 2170 R.
1302 2114 1335 2187 5.
1597 2090 1601 2095 ’

466 2198 623 2318 Regula.
654 2216 692 2286 6.
749 2204 791 2284 Si
814 2226 872 2299 ea,
897 2223 983 2310 quta
1004 2199 1044 2278 iu
1072 2195 1217 2281 visione
1239 2224 1471 2298 cernuntur,
1493 2194 1550 2305 nil
1573 2199 1798 2310 fignificaiit,

348 2314 458 2401 autsi
483 2342 540 2416 ea,
571 2344 659 2430 quae
684 2313 961 2427 fignificantut,
991 2338 1072 2393 noii
1100 2307 1186 2395 sunt
1220 2310 1353 2413 utilia,
1381 2316 1433 2398 est
1456 2339 1599 2397 certum
1635 2314 1797 2425 lignum,

350 2430 463 2547 quod
493 2431 585 2517 visio
608 2459 691 2516 non
716 2428 805 2515 sit-a
827 2430 940 2526 Deo,
961 2420 1028 2511 sed
1056 2427 1078 2509 a
1101 2429 1295 2537 phantasia
1314 2428 1422 2513 aura
1455 2429 1658 2513 doemone.
1715 2435 1799 2514 Pat.

348 2548 445 2659 iieg.
473 2574 510 2643 9.
567 2551 660 2630 Haec
679 2546 809 2657 regula
837 2537 1087 2653 intelligenda
1109 2544 1161 2625 est
1190 2543 1241 2625 de
1262 2539 1420 2627 utilitate
1439 2571 1507 2655 per
1534 2542 1570 2626 se
1591 2551 1628 2626 in
1651 2542 1800 2628 revela-

346 2665 458 2745 tione
477 2664 641 2751 inteiitai
684 2659 800 2774 quod
828 2664 930 2742 enim
959 2661 1094 2739 attinet
1127 2653 1327 2742 utilitatem
1364 2688 1432 2770 per
1463 2661 1664 2754 accidens,
1693 2661 1797 2741 haud

348 2775 469 2860 dubie
489 2803 537 2859 ex
565 2770 741 2890 qualibet
760 2803 803 2860 ie
824 2770 948 2860 otiosa
971 2799 1006 2855 v.
1031 2800 1070 2884 g.
1089 2768 1253 2871 festuca,
1272 2802 1352 2885 ope
1373 2776 1638 2859 meditationis
1655 2780 1800 2885 poterit

229 2921 231 2925 ¹
348 2884 434 2977 elici
449 2885 578 3005 aliqua
605 2886 756 2976 utilitas.
1011 2982 1017 2993 ,
1368 2953 1373 2977 2
1564 2936 1568 2943 ·
1721 2964 1725 2969 .

460 3002 618 3125 Regula.
647 3036 687 3104 7.
742 3001 1027 3100 Revelationes,
1057 3030 1145 3117 quae
1178 3003 1347 3088 reddunt
1375 3010 1476 3091 viam
1502 3003 1553 3090 ad
1579 3007 1723 3090 coelum
1744 3001 1798 3090 la-

346 3144 438 3223 tam,
460 3146 619 3207 eatenus
642 3116 741 3206 salsae
762 3117 858 3206 sunt.
918 3124 1000 3203 Pat.
1019 3126 1066 3203 R.
1098 3145 1166 3201 ao.

457 3232 613 3354 Regula.
644 3260 682 3334 8.
727 3231 1019 3332 Revelationes‚
1040 3261 1126 3345 quae
1145 3256 1291 3316 tantum
1310 3229 1474 3320 serviunt
1496 3234 1544 3320 ad
1560 3234 1798 3346 pascendam

347 3350 620 3449 curiositatem,
636 3378 717 3438 non
745 3355 841 3436 vero
866 3349 917 3433 ad
939 3348 1223 3432 emendandam
1241 3353 1380 3463 uitam,
1402 3378 1559 3439 eatenus
1579 3348 1676 3434 salsa:
1704 3349 1797 3435 sunt.

344 3472 427 3553 Pat.
452 3470 497 3550 R.
521 3497 584 3577 23·
1036 3528 1040 3533 -
1155 3474 1159 3481 '

457 3579 611 3696 Regula.
644 3613 681 3681 9.
740 3583 781 3666 Si
809 3577 966 3693 Rima,-
986 3578 1157 3676 modus,
1189 3580 1505 3676 circumstantiae,
1536 3605 1601 3662 aut
1637 3576 1798 3666 effeetus

345 3700 597 3808 apparitionis
627 3700 828 3779 continent
866 3693 1033 3810 aliquam
1076 3691 1389 3790 deformitatem,
1421 3698 1640 3789 vanitatem,
1670 3691 1797 3807 super-

343 3810 463 3926 biam,
493 3814 790 3924 turpitudinemr
831 3837 977 3894 certum
998 3813 1064 3909 est,
1088 3806 1274 3892 visionem
1298 3806 1416 3895 ellel
1441 3808 1632 3893 doemone
1652 3817 1796 3921 potius.

344 3925 464 4041 quam
490 3928 595 4013 Deo.
656 3930 774 4014 Grav.
802 3929 897 4041 Reg.
923 3929 1041 4015 Gen„
1057 3943 1094 4006 6.

1638 4224 1793 4348 Regula.
