3796 4994
538 251 738 351 neverat.
763 255 807 352 S.
833 209 1086 379 Elrfirbersrae
1112 198 1363 379 Srhdnaug.
1576 249 1667 369 163

222 457 317 544 ficut
338 453 580 571 propositum
602 458 674 540 tibi
699 453 837 540 suerat.
924 461 1015 540 Haec
1039 455 1188 540 idcirco
1220 454 1396 549 dicebat,
1422 456 1610 566 quoniam
1631 456 1676 539 in
1813 448 1820 455 ’

222 598 327 657 anno
358 578 490 684 priore
512 573 577 654 die
598 572 789 682 quadam,
817 598 904 653 cum
932 568 1049 653 essem
1071 576 1111 653 in
1128 570 1271 681 spiriru,
1296 569 1459 652 duxerat
1477 593 1542 650 me
1566 565 1673 678 quas
1755 638 1758 644 .

222 693 264 770 in
282 712 434 796 pratum
455 685 678 796 quoddam,
695 688 734 769 in
754 711 838 795 quo
857 683 978 767 lixum
1002 710 1084 768 erat
1107 690 1344 779 tentorium,
1366 687 1404 763 dr
1429 685 1672 794 introivimus

222 794 326 896 illuc,
348 806 385 882 δι
413 798 584 881 ostendit
602 800 695 882 mibi
715 803 938 908 congeriem
971 824 1150 897 magnam
1175 796 1364 881 librorum
1387 791 1465 878 illic
1481 794 1673 907 reposito·

223 942 320 1013 rum,
337 917 378 995 δι
400 917 468 995 ait:
499 912 609 996 uides
626 907 748 995 libros
765 912 889 996 istos?
919 939 1057 995 ornnes
1080 913 1209 996 adhuc
1228 938 1319 995 ante
1339 912 1443 994 diem
1466 911 1595 1015 judicii
1612 907 1672 990 di·

222 1027 353 1111 ctandi
381 1021 478 1110 sunt.
563 1021 739 1111 Elevans·
766 1048 896 1109 autem
930 1052 1049 1109 unum
1080 1053 1130 1109 ex
1155 1032 1210 1109 eis
1238 1025 1354 1110 drxitr
1396 1029 1471 1108 Hic
1497 1026 1552 1108 est
1573 1017 1671 1106 libet

222 1145 370 1225 viarum
395 1145 482 1240 Dei,
509 1144 580 1252 qui
607 1167 682 1251 pro
707 1164 747 1222 te
775 1140 1002 1224 revelandus
1028 1142 1108 1239 est,
1138 1139 1302 1252 quando
1329 1137 1533 1222 visitaveris
1560 1132 1670 1221 soro·

173 1300 186 1307 -
220 1280 304 1338 rem
334 1247 576 1365 Hildigardi,
614 1259 655 1336 δι
680 1253 847 1337 audieris
877 1281 989 1349 eam,
1027 1259 1065 1337 δι
1092 1258 1145 1337 ita
1172 1251 1336 1366 quidem
1358 1247 1508 1363 impleri
1537 1254 1671 1362 coepit,

222 1393 310 1450 cum
339 1367 390 1449 ab
425 1393 471 1450 ea
510 1367 697 1451 redissem.
732 1416 754 1435 ·
807 1416 830 1433 ··
908 1374 1060 1451 Fadium
1108 1371 1162 1452 tst
1201 1392 1332 1451 autem
1368 1371 1409 1450 in
1456 1368 1672 1449 Festivitate

220 1482 328 1563 beati
349 1483 491 1582 Jacobs
515 1477 710 1592 Apostoli,
737 1508 824 1564 cum
857 1478 970 1566 essem
997 1491 1036 1564 in
1061 1477 1188 1593 spiritu
1215 1487 1255 1563 δι
1283 1481 1455 1564 viderem
1483 1478 1668 1562 visionem

221 1600 369 1677 viarum
393 1597 483 1689 Dei,
506 1621 613 1707 rapta
642 1593 779 1678 lumin
808 1591 991 1692 sublime,
1023 1602 1062 1678 δι
1095 1616 1269 1679 montem
1298 1597 1377 1678 Dei
1406 1587 1668 1705 contemplata

218 1702 316 1802 sum,
337 1713 377 1789 δι
396 1711 497 1792 Ecce
513 1705 580 1790 lux
609 1704 687 1806 illa,
716 1736 802 1821 quae
828 1711 972 1792 montis
995 1713 1178 1793 verticem
1208 1710 1438 1819 occupabat,
1468 1707 1585 1790 scindi
1613 1713 1668 1789 vi·

218 1817 258 1903 sa
279 1824 359 1915 est,
390 1827 430 1903 δε
455 1817 666 1934 introspexi
691 1849 761 1935 per
789 1848 900 1921 eam,
931 1828 971 1906 δι
1005 1823 1085 1907 vidi
1122 1819 1337 1905 sanctorum
1367 1818 1667 1917 multitudinem,

220 1941 326 2039 cujus
348 1936 514 2018 aellimari
544 1964 627 2023 non
647 1961 800 2047 poterat
822 1963 1015 2020 numerus.
1045 1984 1061 2000 ·
1117 1940 1235 2018 Eram
1249 1937 1336 2046 posi
1363 1935 1443 2018 baec
1470 1928 1668 2047 quiescens

219 2051 260 2130 in
282 2044 428 2132 leeiulo
449 2075 556 2144 meo,
583 2078 657 2133 nec
676 2051 804 2135 adbuc
824 2052 999 2133 somnum
1024 2054 1215 2160 ceperam,
1237 2077 1325 2132 cum
1353 2073 1515 2158 repente
1545 2047 1667 2131 visita·

220 2165 278 2245 vit
302 2187 367 2245 me
383 2165 544 2273 Spiritus
567 2165 744 2261 Domini,
762 2170 802 2259 bc
824 2160 987 2275 replevit
1010 2192 1057 2247 os
1075 2190 1205 2247 meunt
1231 2161 1407 2248 sermone
1426 2162 1667 2268 hujusmodis

217 2276 425 2362 Attendite
442 2281 557 2388 igitur
572 2303 690 2374 nunc,
706 2283 774 2391 qui
789 2281 1024 2361 renuntiastis
1037 2272 1272 2362 saecularibus
1290 2276 1485 2361 defidtriis
1502 2281 1576 2360 &c
1589 2280 1663 2360 &c

188 2411 198 2428 ·
218 2389 415 2474 Nondum
443 2391 561 2474 verba
581 2394 661 2476 haec
683 2392 831 2476 finierat
855 2388 1049 2502 Angelus,
1069 2419 1157 2474 cum
1183 2393 1319 2475 incidit
1341 2392 1434 2474 mibi
1454 2389 1663 2486 dubitatio,

219 2508 259 2586 dt
285 2507 518 2618 interrogavi
544 2507 698 2589 dicens:
730 2506 840 2614 Quid
864 2507 1037 2588 dicemus
1063 2505 1114 2587 de
1143 2503 1397 2590 Pontificibus
1421 2509 1460 2586 δι
1482 2503 1661 2613 l’raepost·

216 2627 280 2717 tis,
300 2622 340 2698 ἂ
364 2619 588 2720 hujusmodi
609 2625 758 2730 magnis
782 2615 952 2702 Ecclesrae
978 2614 1175 2703 Praelatis?
1218 2613 1476 2730 &respondit
1500 2619 1593 2701 mibi
1622 2621 1662 2701 in

216 2733 299 2814 haec
321 2732 451 2816 verba.
530 2734 721 2843 Superbia
746 2757 881 2844 regnat
905 2737 943 2815 in
969 2733 1151 2837 sordibus
1181 2728 1443 2828 Praelarorum,
1471 2736 1511 2814 δι
1538 2729 1663 2844 repel-

215 2840 303 2928 lunt
327 2848 457 2930 Deum
481 2845 505 2931 i
528 2848 712 2931 cordibus
736 2841 808 2930 suis
834 2841 1021 2958 ·'procul
1057 2847 1185 2931 dubio
1220 2851 1347 2932 mittet
1378 2851 1508 2931 cosin
1531 2849 1661 2958 ignem

215 2981 414 3043 arternum.
441 3009 462 3028 ·
520 2963 567 3044 Et
587 2956 856 3044 consummatis
882 2960 1064 3044 omnibus
1083 2955 1322 3045 sermonibus
1341 2964 1400 3046 his
1422 2966 1461 3046 in
1481 2961 1557 3056 die,
1576 2986 1661 3070 quo

215 3070 324 3155 beati
344 3070 543 3157 Michaelis
565 3079 792 3158 memoriam
815 3076 1046 3188 agebamus,
1074 3081 1212 3159 iterum
1235 3073 1273 3160 se
1298 3078 1390 3159 mihi
1416 3070 1664 3186 praesentavit,

215 3191 256 3268 δι
286 3181 453 3271 allocuta
472 3183 660 3273 fumeum
682 3190 835 3273 dicens:
875 3189 1069 3299 Nunquid
1092 3192 1266 3273 Domine
1279 3195 1331 3272 mi
1350 3187 1478 3273 secure
1501 3184 1664 3272 affirma-

214 3324 261 3382 re
279 3305 505 3409 poterimus,
528 3330 665 3386 omnes
689 3304 763 3386 bos
791 3306 985 3387 sermones
1010 3328 1058 3387 ex
1076 3326 1117 3387 te
1141 3299 1366 3437 procpss‘rsse.
1427 3309 1519 3386 Hac
1546 3303 1661 3387 idcir·

217 3432 272 3495 eo
294 3414 486 3512 dicebam,
508 3421 601 3529 quia
625 3419 745 3501 verba
766 3420 832 3500 isla
852 3411 1068 3528 protulerat
1086 3422 1162 3518 ita,
1189 3442 1244 3502 ur
1262 3442 1392 3501 tamen
1414 3414 1552 3501 satiem
1579 3426 1662 3521 elus

213 3552 302 3610 non
328 3529 514 3616 viderem.
599 3526 669 3614 llle
701 3535 816 3642 igitur
844 3558 907 3615 me
934 3539 1086 3616 intuens
1110 3535 1192 3617 ait:
1232 3532 1366 3618 Crede
1389 3558 1442 3615 tx·
1460 3556 1549 3615 toto
1575 3559 1663 3615 cor·
1756 3540 1759 3545 '

215 3634 272 3722 de
296 3664 384 3739 tuo,
411 3646 526 3756 quod
553 3646 671 3729 verba
699 3648 779 3729 baec
807 3646 859 3728 de
885 3673 958 3730 ore
988 3671 1081 3728 meo
1109 3642 1394 3754 processeruntr
1419 3647 1569 3741 beatus,
1592 3645 1662 3760 qui

212 3747 352 3866 legerit
379 3761 417 3838 δι
441 3759 605 3842 audierit
629 3759 747 3843 verba
764 3754 852 3842 libri
873 3761 996 3863 hujus.
1079 3753 1211 3843 Alium
1236 3787 1404 3874 quoque
1431 3763 1659 3844 Sermonem

216 3873 408 3953 continuo
432 3875 629 3955 inchoavit
648 3876 706 3955 his
730 3872 856 3956 verbis
879 3873 1030 3958 dicensi
1059 3868 1274 3961 Admoneo
1296 3901 1385 3973 eos,
1398 3882 1468 3988 qui
1487 3881 1527 3959 in
1548 3870 1659 3958 sarcu-

217 3975 360 4095 laribus
375 3991 476 4070 curis
496 3987 661 4099 oppressi
681 3982 777 4071 sunt.
803 3993 879 4071 &n
904 3990 981 4068 &n

949 4106 1045 4188 ΧιΔ
1499 4129 1538 4186 a.
1563 4094 1687 4184 Dies
